{"op":"mcm","clk":"11809375131","pt":1723299036900,"mc":[{"id":"1.231661434","marketDefinition":{"bspMarket":false,"turnInPlayEnabled":true,"persistenceEnabled":true,"marketBaseRate":5.0,"eventId":"33483444","eventTypeId":"4","numberOfWinners":1,"bettingType":"ODDS","marketType":"MATCH_ODDS","marketTime":"2024-08-12T17:30:00.000Z","suspendTime":"2024-08-12T17:30:00.000Z","bspReconciled":false,"complete":true,"inPlay":false,"crossMatching":true,"runnersVoidable":false,"numberOfActiveRunners":2,"betDelay":0,"status":"OPEN","runners":[{"status":"ACTIVE","sortPriority":1,"id":26354921,"name":"Birmingham Phoenix"},{"status":"ACTIVE","sortPriority":2,"id":26354925,"name":"Trent Rockets"}],"regulators":["MR_INT"],"countryCode":"GB","discountAllowed":true,"timezone":"GMT","openDate":"2024-08-12T17:30:00.000Z","version":6066264809,"name":"Match Odds","eventName":"Birmingham Phoenix v Trent Rockets"}}]}
{"op":"mcm","clk":"11816293397","pt":1723365060587,"mc":[{"id":"1.231661434","rc":[{"ltp":1.9,"id":26354921}]}]}
{"op":"mcm","clk":"11820212146","pt":1723397003800,"mc":[{"id":"1.231661434","rc":[{"ltp":1.86,"id":26354921}]}]}
{"op":"mcm","clk":"11821655703","pt":1723406195076,"mc":[{"id":"1.231661434","rc":[{"ltp":2.12,"id":26354925}]}]}
{"op":"mcm","clk":"11821663654","pt":1723406252645,"mc":[{"id":"1.231661434","rc":[{"ltp":2.14,"id":26354925}]}]}
{"op":"mcm","clk":"11821741191","pt":1723406850344,"mc":[{"id":"1.231661434","rc":[{"ltp":1.87,"id":26354921}]}]}
{"op":"mcm","clk":"11821755031","pt":1723406974112,"mc":[{"id":"1.231661434","rc":[{"ltp":2.1,"id":26354925},{"ltp":1.9,"id":26354921}]}]}
{"op":"mcm","clk":"11822199429","pt":1723410866497,"mc":[{"id":"1.231661434","rc":[{"ltp":2.18,"id":26354925},{"ltp":1.83,"id":26354921}]}]}
{"op":"mcm","clk":"11822218192","pt":1723411114705,"mc":[{"id":"1.231661434","rc":[{"ltp":1.82,"id":26354921}]}]}
{"op":"mcm","clk":"11822230671","pt":1723411292731,"mc":[{"id":"1.231661434","rc":[{"ltp":2.16,"id":26354925},{"ltp":1.86,"id":26354921}]}]}
{"op":"mcm","clk":"11822237846","pt":1723411397292,"mc":[{"id":"1.231661434","rc":[{"ltp":1.85,"id":26354921}]}]}
{"op":"mcm","clk":"11822301153","pt":1723412363440,"mc":[{"id":"1.231661434","rc":[{"ltp":2.14,"id":26354925},{"ltp":1.86,"id":26354921}]}]}
{"op":"mcm","clk":"11822317211","pt":1723412606331,"mc":[{"id":"1.231661434","rc":[{"ltp":2.16,"id":26354925}]}]}
{"op":"mcm","clk":"11822336480","pt":1723412915767,"mc":[{"id":"1.231661434","rc":[{"ltp":1.87,"id":26354921}]}]}
{"op":"mcm","clk":"11822347570","pt":1723413095691,"mc":[{"id":"1.231661434","rc":[{"ltp":1.86,"id":26354921}]}]}
{"op":"mcm","clk":"11822447966","pt":1723414714375,"mc":[{"id":"1.231661434","rc":[{"ltp":2.14,"id":26354925},{"ltp":1.88,"id":26354921}]}]}
{"op":"mcm","clk":"11822451731","pt":1723414775132,"mc":[{"id":"1.231661434","rc":[{"ltp":2.12,"id":26354925},{"ltp":1.9,"id":26354921}]}]}
{"op":"mcm","clk":"11822455285","pt":1723414834419,"mc":[{"id":"1.231661434","rc":[{"ltp":1.88,"id":26354921}]}]}
{"op":"mcm","clk":"11822458548","pt":1723414883826,"mc":[{"id":"1.231661434","rc":[{"ltp":1.87,"id":26354921}]}]}
{"op":"mcm","clk":"11822466881","pt":1723415015288,"mc":[{"id":"1.231661434","rc":[{"ltp":1.9,"id":26354921}]}]}
{"op":"mcm","clk":"11822474043","pt":1723415133205,"mc":[{"id":"1.231661434","rc":[{"ltp":1.88,"id":26354921}]}]}
{"op":"mcm","clk":"11822480933","pt":1723415252337,"mc":[{"id":"1.231661434","rc":[{"ltp":1.89,"id":26354921}]}]}
{"op":"mcm","clk":"11822484233","pt":1723415306939,"mc":[{"id":"1.231661434","rc":[{"ltp":1.88,"id":26354921}]}]}
{"op":"mcm","clk":"11822491052","pt":1723415419068,"mc":[{"id":"1.231661434","rc":[{"ltp":1.87,"id":26354921}]}]}
{"op":"mcm","clk":"11822508230","pt":1723415674037,"mc":[{"id":"1.231661434","rc":[{"ltp":1.9,"id":26354921}]}]}
{"op":"mcm","clk":"11822543364","pt":1723416272875,"mc":[{"id":"1.231661434","rc":[{"ltp":1.89,"id":26354921}]}]}
{"op":"mcm","clk":"11822616523","pt":1723417715774,"mc":[{"id":"1.231661434","rc":[{"ltp":2.14,"id":26354925},{"ltp":1.86,"id":26354921}]}]}
{"op":"mcm","clk":"11822804583","pt":1723421555428,"mc":[{"id":"1.231661434","rc":[{"ltp":2.12,"id":26354925},{"ltp":1.89,"id":26354921}]}]}
{"op":"mcm","clk":"11822818165","pt":1723421899081,"mc":[{"id":"1.231661434","rc":[{"ltp":2.1,"id":26354925},{"ltp":1.9,"id":26354921}]}]}
{"op":"mcm","clk":"11822997677","pt":1723426815689,"mc":[{"id":"1.231661434","rc":[{"ltp":2.12,"id":26354925},{"ltp":1.88,"id":26354921}]}]}
{"op":"mcm","clk":"11823030480","pt":1723428256549,"mc":[{"id":"1.231661434","rc":[{"ltp":1.89,"id":26354921}]}]}
{"op":"mcm","clk":"11823118607","pt":1723432737992,"mc":[{"id":"1.231661434","rc":[{"ltp":1.88,"id":26354921}]}]}
{"op":"mcm","clk":"11823120616","pt":1723432895188,"mc":[{"id":"1.231661434","rc":[{"ltp":2.14,"id":26354925},{"ltp":1.86,"id":26354921}]}]}
{"op":"mcm","clk":"11823121457","pt":1723432944447,"mc":[{"id":"1.231661434","rc":[{"ltp":1.85,"id":26354921}]}]}
{"op":"mcm","clk":"11823137654","pt":1723434689121,"mc":[{"id":"1.231661434","rc":[{"ltp":1.88,"id":26354921}]}]}
{"op":"mcm","clk":"11823137955","pt":1723434725473,"mc":[{"id":"1.231661434","rc":[{"ltp":1.89,"id":26354921}]}]}
{"op":"mcm","clk":"11823172938","pt":1723436429787,"mc":[{"id":"1.231661434","rc":[{"ltp":2.12,"id":26354925},{"ltp":1.9,"id":26354921}]}]}
{"op":"mcm","clk":"11823177118","pt":1723436637857,"mc":[{"id":"1.231661434","rc":[{"ltp":1.89,"id":26354921}]}]}
{"op":"mcm","clk":"11823191790","pt":1723437753100,"mc":[{"id":"1.231661434","rc":[{"ltp":2.1,"id":26354925}]}]}
{"op":"mcm","clk":"11823245026","pt":1723439965569,"mc":[{"id":"1.231661434","rc":[{"ltp":2.14,"id":26354925},{"ltp":1.88,"id":26354921}]}]}
{"op":"mcm","clk":"11823311401","pt":1723442495278,"mc":[{"id":"1.231661434","rc":[{"ltp":1.89,"id":26354921}]}]}
{"op":"mcm","clk":"11823339654","pt":1723443510399,"mc":[{"id":"1.231661434","rc":[{"ltp":1.87,"id":26354921}]}]}
{"op":"mcm","clk":"11823360179","pt":1723444211503,"mc":[{"id":"1.231661434","rc":[{"ltp":2.16,"id":26354925},{"ltp":1.82,"id":26354921}]}]}
{"op":"mcm","clk":"11823367572","pt":1723444532604,"mc":[{"id":"1.231661434","rc":[{"ltp":2.14,"id":26354925}]}]}
{"op":"mcm","clk":"11823368992","pt":1723444584692,"mc":[{"id":"1.231661434","rc":[{"ltp":2.16,"id":26354925},{"ltp":1.86,"id":26354921}]}]}
{"op":"mcm","clk":"11823381968","pt":1723445171044,"mc":[{"id":"1.231661434","rc":[{"ltp":2.14,"id":26354925}]}]}
{"op":"mcm","clk":"11823398591","pt":1723445789153,"mc":[{"id":"1.231661434","rc":[{"ltp":2.16,"id":26354925},{"ltp":1.84,"id":26354921}]}]}
{"op":"mcm","clk":"11823399726","pt":1723445838579,"mc":[{"id":"1.231661434","rc":[{"ltp":1.83,"id":26354921}]}]}
{"op":"mcm","clk":"11823400329","pt":1723445864631,"mc":[{"id":"1.231661434","rc":[{"ltp":1.84,"id":26354921}]}]}
{"op":"mcm","clk":"11823413459","pt":1723446328182,"mc":[{"id":"1.231661434","rc":[{"ltp":1.86,"id":26354921}]}]}
{"op":"mcm","clk":"11823457635","pt":1723447293057,"mc":[{"id":"1.231661434","rc":[{"ltp":1.87,"id":26354921}]}]}
{"op":"mcm","clk":"11823468738","pt":1723447663378,"mc":[{"id":"1.231661434","rc":[{"ltp":2.14,"id":26354925}]}]}
{"op":"mcm","clk":"11823472391","pt":1723447766850,"mc":[{"id":"1.231661434","rc":[{"ltp":1.85,"id":26354921}]}]}
{"op":"mcm","clk":"11823477551","pt":1723447894006,"mc":[{"id":"1.231661434","rc":[{"ltp":1.87,"id":26354921}]}]}
{"op":"mcm","clk":"11823485091","pt":1723448100702,"mc":[{"id":"1.231661434","rc":[{"ltp":1.88,"id":26354921}]}]}
{"op":"mcm","clk":"11823516312","pt":1723448975424,"mc":[{"id":"1.231661434","rc":[{"ltp":1.87,"id":26354921}]}]}
{"op":"mcm","clk":"11823560236","pt":1723449984492,"mc":[{"id":"1.231661434","rc":[{"ltp":1.86,"id":26354921}]}]}
{"op":"mcm","clk":"11823593680","pt":1723450650168,"mc":[{"id":"1.231661434","rc":[{"ltp":1.87,"id":26354921}]}]}
{"op":"mcm","clk":"11823619008","pt":1723451236957,"mc":[{"id":"1.231661434","rc":[{"ltp":1.88,"id":26354921}]}]}
{"op":"mcm","clk":"11823645168","pt":1723451846380,"mc":[{"id":"1.231661434","rc":[{"ltp":2.12,"id":26354925}]}]}
{"op":"mcm","clk":"11823648257","pt":1723451911758,"mc":[{"id":"1.231661434","rc":[{"ltp":2.14,"id":26354925}]}]}
{"op":"mcm","clk":"11823701550","pt":1723452992100,"mc":[{"id":"1.231661434","rc":[{"ltp":2.12,"id":26354925}]}]}
{"op":"mcm","clk":"11823719841","pt":1723453378831,"mc":[{"id":"1.231661434","rc":[{"ltp":1.89,"id":26354921}]}]}
{"op":"mcm","clk":"11823724515","pt":1723453457035,"mc":[{"id":"1.231661434","rc":[{"ltp":1.88,"id":26354921}]}]}
{"op":"mcm","clk":"11823752511","pt":1723454079030,"mc":[{"id":"1.231661434","rc":[{"ltp":1.89,"id":26354921}]}]}
{"op":"mcm","clk":"11823767328","pt":1723454355298,"mc":[{"id":"1.231661434","rc":[{"ltp":2.14,"id":26354925},{"ltp":1.88,"id":26354921}]}]}
{"op":"mcm","clk":"11823778912","pt":1723454546636,"mc":[{"id":"1.231661434","rc":[{"ltp":1.86,"id":26354921}]}]}
{"op":"mcm","clk":"11823782771","pt":1723454609139,"mc":[{"id":"1.231661434","rc":[{"ltp":1.87,"id":26354921}]}]}
{"op":"mcm","clk":"11823882854","pt":1723456424716,"mc":[{"id":"1.231661434","rc":[{"ltp":2.12,"id":26354925}]}]}
{"op":"mcm","clk":"11823936591","pt":1723457292845,"mc":[{"id":"1.231661434","rc":[{"ltp":1.89,"id":26354921}]}]}
{"op":"mcm","clk":"11823998475","pt":1723458073268,"mc":[{"id":"1.231661434","rc":[{"ltp":1.88,"id":26354921}]}]}
{"op":"mcm","clk":"11824016516","pt":1723458370363,"mc":[{"id":"1.231661434","rc":[{"ltp":2.14,"id":26354925}]}]}
{"op":"mcm","clk":"11824034601","pt":1723458729142,"mc":[{"id":"1.231661434","rc":[{"ltp":2.12,"id":26354925},{"ltp":1.87,"id":26354921}]}]}
{"op":"mcm","clk":"11824092293","pt":1723459817369,"mc":[{"id":"1.231661434","rc":[{"ltp":2.14,"id":26354925},{"ltp":1.88,"id":26354921}]}]}
{"op":"mcm","clk":"11824129776","pt":1723460532796,"mc":[{"id":"1.231661434","rc":[{"ltp":2.12,"id":26354925}]}]}
{"op":"mcm","clk":"11824139258","pt":1723460674618,"mc":[{"id":"1.231661434","rc":[{"ltp":2.1,"id":26354925},{"ltp":1.91,"id":26354921}]}]}
{"op":"mcm","clk":"11824183990","pt":1723461436600,"mc":[{"id":"1.231661434","rc":[{"ltp":1.9,"id":26354921}]}]}
{"op":"mcm","clk":"11824196392","pt":1723461683184,"mc":[{"id":"1.231661434","rc":[{"ltp":2.12,"id":26354925},{"ltp":1.89,"id":26354921}]}]}
{"op":"mcm","clk":"11824213256","pt":1723461964254,"mc":[{"id":"1.231661434","rc":[{"ltp":2.1,"id":26354925}]}]}
{"op":"mcm","clk":"11824222028","pt":1723462097959,"mc":[{"id":"1.231661434","rc":[{"ltp":2.12,"id":26354925}]}]}
{"op":"mcm","clk":"11824232758","pt":1723462272930,"mc":[{"id":"1.231661434","rc":[{"ltp":1.9,"id":26354921}]}]}
{"op":"mcm","clk":"11824240298","pt":1723462415036,"mc":[{"id":"1.231661434","rc":[{"ltp":1.89,"id":26354921}]}]}
{"op":"mcm","clk":"11824327576","pt":1723463824541,"mc":[{"id":"1.231661434","rc":[{"ltp":2.1,"id":26354925}]}]}
{"op":"mcm","clk":"11824344529","pt":1723464091253,"mc":[{"id":"1.231661434","rc":[{"ltp":2.12,"id":26354925}]}]}
{"op":"mcm","clk":"11824349284","pt":1723464155719,"mc":[{"id":"1.231661434","rc":[{"ltp":2.16,"id":26354925},{"ltp":1.85,"id":26354921}]}]}
{"op":"mcm","clk":"11824356603","pt":1723464259217,"mc":[{"id":"1.231661434","rc":[{"ltp":2.18,"id":26354925},{"ltp":1.84,"id":26354921}]}]}
{"op":"mcm","clk":"11824374566","pt":1723464514120,"mc":[{"id":"1.231661434","rc":[{"ltp":1.85,"id":26354921}]}]}
{"op":"mcm","clk":"11824378770","pt":1723464570900,"mc":[{"id":"1.231661434","rc":[{"ltp":1.84,"id":26354921}]}]}
{"op":"mcm","clk":"11824441059","pt":1723465415545,"mc":[{"id":"1.231661434","rc":[{"ltp":2.14,"id":26354925},{"ltp":1.89,"id":26354921}]}]}
{"op":"mcm","clk":"11824449341","pt":1723465534181,"mc":[{"id":"1.231661434","rc":[{"ltp":1.88,"id":26354921}]}]}
{"op":"mcm","clk":"11824457634","pt":1723465653232,"mc":[{"id":"1.231661434","rc":[{"ltp":1.89,"id":26354921}]}]}
{"op":"mcm","clk":"11824461969","pt":1723465712803,"mc":[{"id":"1.231661434","rc":[{"ltp":2.1,"id":26354925},{"ltp":1.91,"id":26354921}]}]}
{"op":"mcm","clk":"11824466876","pt":1723465775711,"mc":[{"id":"1.231661434","rc":[{"ltp":2.08,"id":26354925},{"ltp":1.92,"id":26354921}]}]}
{"op":"mcm","clk":"11824471477","pt":1723465833690,"mc":[{"id":"1.231661434","rc":[{"ltp":1.91,"id":26354921}]}]}
{"op":"mcm","clk":"11824496726","pt":1723466133138,"mc":[{"id":"1.231661434","rc":[{"ltp":1.94,"id":26354921}]}]}
{"op":"mcm","clk":"11824501699","pt":1723466195303,"mc":[{"id":"1.231661434","rc":[{"ltp":1.93,"id":26354921}]}]}
{"op":"mcm","clk":"11824509085","pt":1723466308146,"mc":[{"id":"1.231661434","rc":[{"ltp":1.92,"id":26354921}]}]}
{"op":"mcm","clk":"11824515623","pt":1723466417558,"mc":[{"id":"1.231661434","rc":[{"ltp":2.06,"id":26354925}]}]}
{"op":"mcm","clk":"11824528298","pt":1723466614462,"mc":[{"id":"1.231661434","rc":[{"ltp":1.93,"id":26354921}]}]}
{"op":"mcm","clk":"11824545821","pt":1723466880531,"mc":[{"id":"1.231661434","rc":[{"ltp":1.94,"id":26354921}]}]}
{"op":"mcm","clk":"11824560929","pt":1723467092793,"mc":[{"id":"1.231661434","rc":[{"ltp":1.93,"id":26354921}]}]}
{"op":"mcm","clk":"11824564273","pt":1723467143337,"mc":[{"id":"1.231661434","rc":[{"ltp":1.94,"id":26354921}]}]}
{"op":"mcm","clk":"11824570240","pt":1723467227569,"mc":[{"id":"1.231661434","rc":[{"ltp":1.93,"id":26354921}]}]}
{"op":"mcm","clk":"11824579428","pt":1723467391499,"mc":[{"id":"1.231661434","rc":[{"ltp":1.94,"id":26354921}]}]}
{"op":"mcm","clk":"11824590335","pt":1723467564353,"mc":[{"id":"1.231661434","rc":[{"ltp":1.93,"id":26354921}]}]}
{"op":"mcm","clk":"11824593195","pt":1723467606381,"mc":[{"id":"1.231661434","rc":[{"ltp":1.94,"id":26354921}]}]}
{"op":"mcm","clk":"11824609862","pt":1723467866938,"mc":[{"id":"1.231661434","rc":[{"ltp":1.95,"id":26354921}]}]}
{"op":"mcm","clk":"11824626314","pt":1723468114620,"mc":[{"id":"1.231661434","rc":[{"ltp":2.04,"id":26354925},{"ltp":1.96,"id":26354921}]}]}
{"op":"mcm","clk":"11824665219","pt":1723468573861,"mc":[{"id":"1.231661434","rc":[{"ltp":2.06,"id":26354925}]}]}
{"op":"mcm","clk":"11824674445","pt":1723468713477,"mc":[{"id":"1.231661434","rc":[{"ltp":2.04,"id":26354925},{"ltp":1.95,"id":26354921}]}]}
{"op":"mcm","clk":"11824678240","pt":1723468763535,"mc":[{"id":"1.231661434","rc":[{"ltp":1.96,"id":26354921}]}]}
{"op":"mcm","clk":"11824691345","pt":1723468948555,"mc":[{"id":"1.231661434","rc":[{"ltp":2.02,"id":26354925}]}]}
{"op":"mcm","clk":"11824700736","pt":1723469075540,"mc":[{"id":"1.231661434","rc":[{"ltp":1.95,"id":26354921}]}]}
{"op":"mcm","clk":"11824708716","pt":1723469184480,"mc":[{"id":"1.231661434","rc":[{"ltp":2.04,"id":26354925},{"ltp":1.96,"id":26354921}]}]}
{"op":"mcm","clk":"11824736031","pt":1723469551029,"mc":[{"id":"1.231661434","rc":[{"ltp":1.97,"id":26354921}]}]}
{"op":"mcm","clk":"11824739586","pt":1723469601784,"mc":[{"id":"1.231661434","rc":[{"ltp":1.98,"id":26354921}]}]}
{"op":"mcm","clk":"11824744435","pt":1723469673979,"mc":[{"id":"1.231661434","rc":[{"ltp":2.0,"id":26354925},{"ltp":1.99,"id":26354921}]}]}
{"op":"mcm","clk":"11824752425","pt":1723469795663,"mc":[{"id":"1.231661434","rc":[{"ltp":2.02,"id":26354925},{"ltp":1.98,"id":26354921}]}]}
{"op":"mcm","clk":"11824758718","pt":1723469881355,"mc":[{"id":"1.231661434","rc":[{"ltp":2.0,"id":26354925}]}]}
{"op":"mcm","clk":"11824788989","pt":1723470273704,"mc":[{"id":"1.231661434","rc":[{"ltp":1.97,"id":26354921}]}]}
{"op":"mcm","clk":"11824798098","pt":1723470394661,"mc":[{"id":"1.231661434","rc":[{"ltp":2.02,"id":26354925},{"ltp":1.98,"id":26354921}]}]}
{"op":"mcm","clk":"11824802970","pt":1723470455817,"mc":[{"id":"1.231661434","rc":[{"ltp":2.0,"id":26354925},{"ltp":2.0,"id":26354921}]}]}
{"op":"mcm","clk":"11824843366","pt":1723471020528,"mc":[{"id":"1.231661434","rc":[{"ltp":1.99,"id":26354921}]}]}
{"op":"mcm","clk":"11824851120","pt":1723471115656,"mc":[{"id":"1.231661434","rc":[{"ltp":1.99,"id":26354925}]}]}
{"op":"mcm","clk":"11824856403","pt":1723471175298,"mc":[{"id":"1.231661434","rc":[{"ltp":2.02,"id":26354925},{"ltp":1.98,"id":26354921}]}]}
{"op":"mcm","clk":"11824861708","pt":1723471230943,"mc":[{"id":"1.231661434","rc":[{"ltp":2.0,"id":26354925},{"ltp":1.99,"id":26354921}]}]}
{"op":"mcm","clk":"11824867842","pt":1723471293897,"mc":[{"id":"1.231661434","rc":[{"ltp":2.02,"id":26354925},{"ltp":1.98,"id":26354921}]}]}
{"op":"mcm","clk":"11824881652","pt":1723471443208,"mc":[{"id":"1.231661434","rc":[{"ltp":2.0,"id":26354925}]}]}
{"op":"mcm","clk":"11824888490","pt":1723471516270,"mc":[{"id":"1.231661434","rc":[{"ltp":2.02,"id":26354925},{"ltp":1.97,"id":26354921}]}]}
{"op":"mcm","clk":"11824898059","pt":1723471640443,"mc":[{"id":"1.231661434","rc":[{"ltp":1.98,"id":26354921}]}]}
{"op":"mcm","clk":"11824913217","pt":1723471832894,"mc":[{"id":"1.231661434","rc":[{"ltp":1.97,"id":26354921}]}]}
{"op":"mcm","clk":"11824917895","pt":1723471889677,"mc":[{"id":"1.231661434","rc":[{"ltp":1.98,"id":26354921}]}]}
{"op":"mcm","clk":"11824922597","pt":1723471948126,"mc":[{"id":"1.231661434","rc":[{"ltp":2.04,"id":26354925},{"ltp":1.97,"id":26354921}]}]}
{"op":"mcm","clk":"11824926583","pt":1723472007536,"mc":[{"id":"1.231661434","rc":[{"ltp":2.02,"id":26354925}]}]}
{"op":"mcm","clk":"11824930249","pt":1723472063686,"mc":[{"id":"1.231661434","rc":[{"ltp":1.98,"id":26354921}]}]}
{"op":"mcm","clk":"11824938953","pt":1723472189666,"mc":[{"id":"1.231661434","rc":[{"ltp":1.97,"id":26354921}]}]}
{"op":"mcm","clk":"11824943512","pt":1723472253439,"mc":[{"id":"1.231661434","rc":[{"ltp":1.96,"id":26354921}]}]}
{"op":"mcm","clk":"11824952117","pt":1723472375110,"mc":[{"id":"1.231661434","rc":[{"ltp":1.98,"id":26354921}]}]}
{"op":"mcm","clk":"11824974017","pt":1723472668079,"mc":[{"id":"1.231661434","rc":[{"ltp":2.04,"id":26354925}]}]}
{"op":"mcm","clk":"11824979136","pt":1723472734568,"mc":[{"id":"1.231661434","rc":[{"ltp":1.96,"id":26354921}]}]}
{"op":"mcm","clk":"11824982789","pt":1723472782224,"mc":[{"id":"1.231661434","rc":[{"ltp":2.02,"id":26354925},{"ltp":1.98,"id":26354921}]}]}
{"op":"mcm","clk":"11824994365","pt":1723472946519,"mc":[{"id":"1.231661434","rc":[{"ltp":2.04,"id":26354925},{"ltp":1.97,"id":26354921}]}]}
{"op":"mcm","clk":"11825000210","pt":1723473027558,"mc":[{"id":"1.231661434","rc":[{"ltp":1.98,"id":26354921}]}]}
{"op":"mcm","clk":"11825010413","pt":1723473181926,"mc":[{"id":"1.231661434","rc":[{"ltp":1.97,"id":26354921}]}]}
{"op":"mcm","clk":"11825017082","pt":1723473272720,"mc":[{"id":"1.231661434","rc":[{"ltp":1.96,"id":26354921}]}]}
{"op":"mcm","clk":"11825025588","pt":1723473393977,"mc":[{"id":"1.231661434","rc":[{"ltp":1.95,"id":26354921}]}]}
{"op":"mcm","clk":"11825029624","pt":1723473453811,"mc":[{"id":"1.231661434","rc":[{"ltp":1.96,"id":26354921}]}]}
{"op":"mcm","clk":"11825037698","pt":1723473574767,"mc":[{"id":"1.231661434","rc":[{"ltp":1.97,"id":26354921}]}]}
{"op":"mcm","clk":"11825076074","pt":1723473982469,"mc":[{"id":"1.231661434","rc":[{"ltp":1.96,"id":26354921}]}]}
{"op":"mcm","clk":"11825081290","pt":1723474055286,"mc":[{"id":"1.231661434","rc":[{"ltp":1.97,"id":26354921}]}]}
{"op":"mcm","clk":"11825092918","pt":1723474218257,"mc":[{"id":"1.231661434","rc":[{"ltp":2.02,"id":26354925},{"ltp":1.98,"id":26354921}]}]}
{"op":"mcm","clk":"11825134335","pt":1723474834750,"mc":[{"id":"1.231661434","rc":[{"ltp":1.97,"id":26354921}]}]}
{"op":"mcm","clk":"11825137004","pt":1723474866675,"mc":[{"id":"1.231661434","rc":[{"ltp":2.04,"id":26354925}]}]}
{"op":"mcm","clk":"11825151923","pt":1723475046600,"mc":[{"id":"1.231661434","rc":[{"ltp":1.96,"id":26354921}]}]}
{"op":"mcm","clk":"11825158805","pt":1723475117787,"mc":[{"id":"1.231661434","rc":[{"ltp":1.98,"id":26354921}]}]}
{"op":"mcm","clk":"11825175588","pt":1723475305575,"mc":[{"id":"1.231661434","rc":[{"ltp":1.97,"id":26354921}]}]}
{"op":"mcm","clk":"11825181789","pt":1723475370820,"mc":[{"id":"1.231661434","rc":[{"ltp":1.96,"id":26354921}]}]}
{"op":"mcm","clk":"11825185770","pt":1723475413909,"mc":[{"id":"1.231661434","rc":[{"ltp":1.95,"id":26354921}]}]}
{"op":"mcm","clk":"11825192519","pt":1723475486184,"mc":[{"id":"1.231661434","rc":[{"ltp":1.94,"id":26354921}]}]}
{"op":"mcm","clk":"11825198238","pt":1723475551033,"mc":[{"id":"1.231661434","rc":[{"ltp":2.06,"id":26354925},{"ltp":1.95,"id":26354921}]}]}
{"op":"mcm","clk":"11825214911","pt":1723475727665,"mc":[{"id":"1.231661434","rc":[{"ltp":1.96,"id":26354921}]}]}
{"op":"mcm","clk":"11825221571","pt":1723475791614,"mc":[{"id":"1.231661434","rc":[{"ltp":1.95,"id":26354921}]}]}
{"op":"mcm","clk":"11825241143","pt":1723475975679,"mc":[{"id":"1.231661434","rc":[{"ltp":1.96,"id":26354921}]}]}
{"op":"mcm","clk":"11825245122","pt":1723476013915,"mc":[{"id":"1.231661434","rc":[{"ltp":1.95,"id":26354921}]}]}
{"op":"mcm","clk":"11825280028","pt":1723476329523,"mc":[{"id":"1.231661434","rc":[{"ltp":2.02,"id":26354925},{"ltp":1.97,"id":26354921}]}]}
{"op":"mcm","clk":"11825294752","pt":1723476452714,"mc":[{"id":"1.231661434","rc":[{"ltp":2.04,"id":26354925},{"ltp":1.96,"id":26354921}]}]}
{"op":"mcm","clk":"11825353344","pt":1723476995707,"mc":[{"id":"1.231661434","rc":[{"ltp":1.94,"id":26354921}]}]}
{"op":"mcm","clk":"11825360457","pt":1723477055435,"mc":[{"id":"1.231661434","rc":[{"ltp":1.95,"id":26354921}]}]}
{"op":"mcm","clk":"11825367289","pt":1723477113025,"mc":[{"id":"1.231661434","rc":[{"ltp":1.96,"id":26354921}]}]}
{"op":"mcm","clk":"11825380052","pt":1723477217918,"mc":[{"id":"1.231661434","rc":[{"ltp":1.95,"id":26354921}]}]}
{"op":"mcm","clk":"11825403312","pt":1723477412969,"mc":[{"id":"1.231661434","rc":[{"ltp":2.02,"id":26354925},{"ltp":1.97,"id":26354921}]}]}
{"op":"mcm","clk":"11825410675","pt":1723477473236,"mc":[{"id":"1.231661434","rc":[{"ltp":1.96,"id":26354921}]}]}
{"op":"mcm","clk":"11825424992","pt":1723477595599,"mc":[{"id":"1.231661434","rc":[{"ltp":2.04,"id":26354925}]}]}
{"op":"mcm","clk":"11825432146","pt":1723477655004,"mc":[{"id":"1.231661434","rc":[{"ltp":2.02,"id":26354925},{"ltp":1.97,"id":26354921}]}]}
{"op":"mcm","clk":"11825438968","pt":1723477711665,"mc":[{"id":"1.231661434","rc":[{"ltp":1.96,"id":26354921}]}]}
{"op":"mcm","clk":"11825445203","pt":1723477764398,"mc":[{"id":"1.231661434","rc":[{"ltp":1.98,"id":26354921}]}]}
{"op":"mcm","clk":"11825453531","pt":1723477834807,"mc":[{"id":"1.231661434","rc":[{"ltp":1.97,"id":26354921}]}]}
{"op":"mcm","clk":"11825460027","pt":1723477892955,"mc":[{"id":"1.231661434","rc":[{"ltp":1.96,"id":26354921}]}]}
{"op":"mcm","clk":"11825473454","pt":1723478011848,"mc":[{"id":"1.231661434","rc":[{"ltp":1.98,"id":26354921}]}]}
{"op":"mcm","clk":"11825493298","pt":1723478179107,"mc":[{"id":"1.231661434","rc":[{"ltp":1.97,"id":26354921}]}]}
{"op":"mcm","clk":"11825509970","pt":1723478313205,"mc":[{"id":"1.231661434","rc":[{"ltp":1.96,"id":26354921}]}]}
{"op":"mcm","clk":"11825541350","pt":1723478555052,"mc":[{"id":"1.231661434","rc":[{"ltp":2.04,"id":26354925}]}]}
{"op":"mcm","clk":"11825552390","pt":1723478636278,"mc":[{"id":"1.231661434","rc":[{"ltp":1.95,"id":26354921}]}]}
{"op":"mcm","clk":"11825580859","pt":1723478843328,"mc":[{"id":"1.231661434","rc":[{"ltp":1.96,"id":26354921}]}]}
{"op":"mcm","clk":"11825589331","pt":1723478906894,"mc":[{"id":"1.231661434","rc":[{"ltp":1.94,"id":26354921}]}]}
{"op":"mcm","clk":"11825597647","pt":1723478965366,"mc":[{"id":"1.231661434","rc":[{"ltp":1.96,"id":26354921}]}]}
{"op":"mcm","clk":"11825615176","pt":1723479090592,"mc":[{"id":"1.231661434","rc":[{"ltp":1.95,"id":26354921}]}]}
{"op":"mcm","clk":"11825622308","pt":1723479141429,"mc":[{"id":"1.231661434","rc":[{"ltp":1.94,"id":26354921}]}]}
{"op":"mcm","clk":"11825641875","pt":1723479215222,"mc":[{"id":"1.231661434","rc":[{"ltp":2.06,"id":26354925},{"ltp":1.95,"id":26354921}]}]}
{"op":"mcm","clk":"11825650642","pt":1723479275718,"mc":[{"id":"1.231661434","rc":[{"ltp":1.93,"id":26354921}]}]}
{"op":"mcm","clk":"11825659392","pt":1723479334335,"mc":[{"id":"1.231661434","rc":[{"ltp":2.04,"id":26354925},{"ltp":1.92,"id":26354921}]}]}
{"op":"mcm","clk":"11825668820","pt":1723479394522,"mc":[{"id":"1.231661434","rc":[{"ltp":2.06,"id":26354925},{"ltp":1.93,"id":26354921}]}]}
{"op":"mcm","clk":"11825678179","pt":1723479455108,"mc":[{"id":"1.231661434","rc":[{"ltp":2.08,"id":26354925},{"ltp":1.92,"id":26354921}]}]}
{"op":"mcm","clk":"11825686099","pt":1723479509374,"mc":[{"id":"1.231661434","rc":[{"ltp":1.91,"id":26354921}]}]}
{"op":"mcm","clk":"11825695670","pt":1723479575788,"mc":[{"id":"1.231661434","rc":[{"ltp":2.1,"id":26354925},{"ltp":1.92,"id":26354921}]}]}
{"op":"mcm","clk":"11825704342","pt":1723479634292,"mc":[{"id":"1.231661434","rc":[{"ltp":1.93,"id":26354921}]}]}
{"op":"mcm","clk":"11825713116","pt":1723479695455,"mc":[{"id":"1.231661434","rc":[{"ltp":1.91,"id":26354921}]}]}
{"op":"mcm","clk":"11825737498","pt":1723479875778,"mc":[{"id":"1.231661434","rc":[{"ltp":1.9,"id":26354921}]}]}
{"op":"mcm","clk":"11825744109","pt":1723479925446,"mc":[{"id":"1.231661434","rc":[{"ltp":2.08,"id":26354925},{"ltp":1.92,"id":26354921}]}]}
{"op":"mcm","clk":"11825760829","pt":1723480051709,"mc":[{"id":"1.231661434","rc":[{"ltp":1.91,"id":26354921}]}]}
{"op":"mcm","clk":"11825776688","pt":1723480173968,"mc":[{"id":"1.231661434","rc":[{"ltp":1.92,"id":26354921}]}]}
{"op":"mcm","clk":"11825784799","pt":1723480234339,"mc":[{"id":"1.231661434","rc":[{"ltp":2.1,"id":26354925},{"ltp":1.91,"id":26354921}]}]}
{"op":"mcm","clk":"11825793095","pt":1723480290401,"mc":[{"id":"1.231661434","rc":[{"ltp":1.9,"id":26354921}]}]}
{"op":"mcm","clk":"11825811285","pt":1723480413480,"mc":[{"id":"1.231661434","rc":[{"ltp":2.08,"id":26354925}]}]}
{"op":"mcm","clk":"11825827019","pt":1723480517972,"mc":[{"id":"1.231661434","rc":[{"ltp":2.1,"id":26354925}]}]}
{"op":"mcm","clk":"11825858117","pt":1723480713939,"mc":[{"id":"1.231661434","rc":[{"ltp":2.12,"id":26354925},{"ltp":1.89,"id":26354921}]}]}
{"op":"mcm","clk":"11825867647","pt":1723480775675,"mc":[{"id":"1.231661434","rc":[{"ltp":2.1,"id":26354925},{"ltp":1.9,"id":26354921}]}]}
{"op":"mcm","clk":"11825885002","pt":1723480891617,"mc":[{"id":"1.231661434","rc":[{"ltp":2.12,"id":26354925},{"ltp":1.88,"id":26354921}]}]}
{"op":"mcm","clk":"11825893884","pt":1723480951584,"mc":[{"id":"1.231661434","rc":[{"ltp":1.89,"id":26354921}]}]}
{"op":"mcm","clk":"11825903735","pt":1723481015531,"mc":[{"id":"1.231661434","rc":[{"ltp":1.88,"id":26354921}]}]}
{"op":"mcm","clk":"11825912511","pt":1723481075525,"mc":[{"id":"1.231661434","rc":[{"ltp":1.9,"id":26354921}]}]}
{"op":"mcm","clk":"11825921189","pt":1723481134742,"mc":[{"id":"1.231661434","rc":[{"ltp":2.14,"id":26354925},{"ltp":1.87,"id":26354921}]}]}
{"op":"mcm","clk":"11825929584","pt":1723481191792,"mc":[{"id":"1.231661434","rc":[{"ltp":1.88,"id":26354921}]}]}
{"op":"mcm","clk":"11825938561","pt":1723481255679,"mc":[{"id":"1.231661434","rc":[{"ltp":1.87,"id":26354921}]}]}
{"op":"mcm","clk":"11825946874","pt":1723481315416,"mc":[{"id":"1.231661434","rc":[{"ltp":2.12,"id":26354925},{"ltp":1.88,"id":26354921}]}]}
{"op":"mcm","clk":"11825954913","pt":1723481374134,"mc":[{"id":"1.231661434","rc":[{"ltp":2.14,"id":26354925}]}]}
{"op":"mcm","clk":"11825963406","pt":1723481435297,"mc":[{"id":"1.231661434","rc":[{"ltp":1.87,"id":26354921}]}]}
{"op":"mcm","clk":"11825972163","pt":1723481495293,"mc":[{"id":"1.231661434","rc":[{"ltp":1.88,"id":26354921}]}]}
{"op":"mcm","clk":"11825980980","pt":1723481555791,"mc":[{"id":"1.231661434","rc":[{"ltp":2.12,"id":26354925}]}]}
{"op":"mcm","clk":"11825989538","pt":1723481615450,"mc":[{"id":"1.231661434","rc":[{"ltp":2.1,"id":26354925},{"ltp":1.89,"id":26354921}]}]}
{"op":"mcm","clk":"11825997253","pt":1723481670407,"mc":[{"id":"1.231661434","rc":[{"ltp":2.12,"id":26354925},{"ltp":1.88,"id":26354921}]}]}
{"op":"mcm","clk":"11826006678","pt":1723481733858,"mc":[{"id":"1.231661434","rc":[{"ltp":1.89,"id":26354921}]}]}
{"op":"mcm","clk":"11826015192","pt":1723481795034,"mc":[{"id":"1.231661434","rc":[{"ltp":2.14,"id":26354925},{"ltp":1.87,"id":26354921}]}]}
{"op":"mcm","clk":"11826022817","pt":1723481853947,"mc":[{"id":"1.231661434","rc":[{"ltp":2.12,"id":26354925},{"ltp":1.88,"id":26354921}]}]}
{"op":"mcm","clk":"11826031441","pt":1723481914831,"mc":[{"id":"1.231661434","rc":[{"ltp":2.14,"id":26354925},{"ltp":1.87,"id":26354921}]}]}
{"op":"mcm","clk":"11826039798","pt":1723481975842,"mc":[{"id":"1.231661434","rc":[{"ltp":2.16,"id":26354925},{"ltp":1.84,"id":26354921}]}]}
{"op":"mcm","clk":"11826058774","pt":1723482089368,"mc":[{"id":"1.231661434","rc":[{"ltp":2.14,"id":26354925},{"ltp":1.86,"id":26354921}]}]}
{"op":"mcm","clk":"11826069705","pt":1723482155385,"mc":[{"id":"1.231661434","rc":[{"ltp":2.3,"id":26354925},{"ltp":1.76,"id":26354921}]}]}
{"op":"mcm","clk":"11826079877","pt":1723482215747,"mc":[{"id":"1.231661434","rc":[{"ltp":2.32,"id":26354925},{"ltp":1.75,"id":26354921}]}]}
{"op":"mcm","clk":"11826090512","pt":1723482275789,"mc":[{"id":"1.231661434","rc":[{"ltp":2.48,"id":26354925},{"ltp":1.68,"id":26354921}]}]}
{"op":"mcm","clk":"11826101769","pt":1723482335618,"mc":[{"id":"1.231661434","rc":[{"ltp":2.38,"id":26354925},{"ltp":1.71,"id":26354921}]}]}
{"op":"mcm","clk":"11826113342","pt":1723482395682,"mc":[{"id":"1.231661434","rc":[{"ltp":2.36,"id":26354925},{"ltp":1.73,"id":26354921}]}]}
{"op":"mcm","clk":"11826124794","pt":1723482455822,"mc":[{"id":"1.231661434","rc":[{"ltp":2.34,"id":26354925},{"ltp":1.74,"id":26354921}]}]}
{"op":"mcm","clk":"11826136073","pt":1723482515714,"mc":[{"id":"1.231661434","rc":[{"ltp":2.38,"id":26354925},{"ltp":1.73,"id":26354921}]}]}
{"op":"mcm","clk":"11826147092","pt":1723482575740,"mc":[{"id":"1.231661434","rc":[{"ltp":2.36,"id":26354925},{"ltp":1.72,"id":26354921}]}]}
{"op":"mcm","clk":"11826158143","pt":1723482635823,"mc":[{"id":"1.231661434","rc":[{"ltp":2.4,"id":26354925},{"ltp":1.71,"id":26354921}]}]}
{"op":"mcm","clk":"11826169283","pt":1723482695334,"mc":[{"id":"1.231661434","rc":[{"ltp":2.36,"id":26354925},{"ltp":1.73,"id":26354921}]}]}
{"op":"mcm","clk":"11826181615","pt":1723482755837,"mc":[{"id":"1.231661434","rc":[{"ltp":2.34,"id":26354925},{"ltp":1.75,"id":26354921}]}]}
{"op":"mcm","clk":"11826194133","pt":1723482815828,"mc":[{"id":"1.231661434","rc":[{"ltp":2.3,"id":26354925},{"ltp":1.76,"id":26354921}]}]}
{"op":"mcm","clk":"11826228934","pt":1723482995747,"mc":[{"id":"1.231661434","rc":[{"ltp":2.28,"id":26354925},{"ltp":1.78,"id":26354921}]}]}
{"op":"mcm","clk":"11826240497","pt":1723483055560,"mc":[{"id":"1.231661434","rc":[{"ltp":1.77,"id":26354921}]}]}
{"op":"mcm","clk":"11826273696","pt":1723483235795,"mc":[{"id":"1.231661434","rc":[{"ltp":2.3,"id":26354925},{"ltp":1.76,"id":26354921}]}]}
{"op":"mcm","clk":"11826284926","pt":1723483295686,"mc":[{"id":"1.231661434","rc":[{"ltp":2.28,"id":26354925},{"ltp":1.78,"id":26354921}]}]}
{"op":"mcm","clk":"11826295711","pt":1723483355340,"mc":[{"id":"1.231661434","rc":[{"ltp":1.77,"id":26354921}]}]}
{"op":"mcm","clk":"11826349328","pt":1723483655748,"mc":[{"id":"1.231661434","rc":[{"ltp":1.78,"id":26354921}]}]}
{"op":"mcm","clk":"11826360439","pt":1723483715789,"mc":[{"id":"1.231661434","rc":[{"ltp":1.77,"id":26354921}]}]}
{"op":"mcm","clk":"11826371700","pt":1723483775807,"mc":[{"id":"1.231661434","rc":[{"ltp":2.3,"id":26354925}]}]}
{"op":"mcm","clk":"11826383056","pt":1723483835750,"mc":[{"id":"1.231661434","marketDefinition":{"bspMarket":false,"turnInPlayEnabled":true,"persistenceEnabled":true,"marketBaseRate":5.0,"eventId":"33483444","eventTypeId":"4","numberOfWinners":1,"bettingType":"ODDS","marketType":"MATCH_ODDS","marketTime":"2024-08-12T17:30:00.000Z","suspendTime":"2024-08-12T17:30:00.000Z","bspReconciled":false,"complete":true,"inPlay":true,"crossMatching":true,"runnersVoidable":false,"numberOfActiveRunners":2,"betDelay":5,"status":"OPEN","runners":[{"status":"ACTIVE","sortPriority":1,"id":26354921,"name":"Birmingham Phoenix"},{"status":"ACTIVE","sortPriority":2,"id":26354925,"name":"Trent Rockets"}],"regulators":["MR_INT"],"countryCode":"GB","discountAllowed":true,"timezone":"GMT","openDate":"2024-08-12T17:30:00.000Z","version":6071962408,"name":"Match Odds","eventName":"Birmingham Phoenix v Trent Rockets"},"rc":[{"ltp":2.32,"id":26354925},{"ltp":1.75,"id":26354921}]}]}
{"op":"mcm","clk":"11826394620","pt":1723483895724,"mc":[{"id":"1.231661434","rc":[{"ltp":2.5,"id":26354925},{"ltp":1.66,"id":26354921}]}]}
{"op":"mcm","clk":"11826405792","pt":1723483955807,"mc":[{"id":"1.231661434","rc":[{"ltp":2.44,"id":26354925},{"ltp":1.68,"id":26354921}]}]}
{"op":"mcm","clk":"11826417537","pt":1723484015787,"mc":[{"id":"1.231661434","rc":[{"ltp":2.48,"id":26354925},{"ltp":1.67,"id":26354921}]}]}
{"op":"mcm","clk":"11826429060","pt":1723484075735,"mc":[{"id":"1.231661434","rc":[{"ltp":1.68,"id":26354921}]}]}
{"op":"mcm","clk":"11826440996","pt":1723484135810,"mc":[{"id":"1.231661434","rc":[{"ltp":3.0,"id":26354925},{"ltp":1.5,"id":26354921}]}]}
{"op":"mcm","clk":"11826453305","pt":1723484195758,"mc":[{"id":"1.231661434","rc":[{"ltp":2.98,"id":26354925},{"ltp":1.52,"id":26354921}]}]}
{"op":"mcm","clk":"11826465457","pt":1723484255823,"mc":[{"id":"1.231661434","rc":[{"ltp":3.0,"id":26354925},{"ltp":1.5,"id":26354921}]}]}
{"op":"mcm","clk":"11826476991","pt":1723484315782,"mc":[{"id":"1.231661434","rc":[{"ltp":3.05,"id":26354925},{"ltp":1.48,"id":26354921}]}]}
{"op":"mcm","clk":"11826488435","pt":1723484375753,"mc":[{"id":"1.231661434","rc":[{"ltp":3.1,"id":26354925},{"ltp":1.47,"id":26354921}]}]}
{"op":"mcm","clk":"11826500288","pt":1723484435795,"mc":[{"id":"1.231661434","rc":[{"ltp":3.35,"id":26354925},{"ltp":1.42,"id":26354921}]}]}
{"op":"mcm","clk":"11826511969","pt":1723484495814,"mc":[{"id":"1.231661434","rc":[{"ltp":3.3,"id":26354925}]}]}
{"op":"mcm","clk":"11826523221","pt":1723484555769,"mc":[{"id":"1.231661434","rc":[{"ltp":3.85,"id":26354925},{"ltp":1.35,"id":26354921}]}]}
{"op":"mcm","clk":"11826542681","pt":1723484615767,"mc":[{"id":"1.231661434","rc":[{"ltp":3.2,"id":26354925},{"ltp":1.44,"id":26354921}]}]}
{"op":"mcm","clk":"11826553695","pt":1723484675838,"mc":[{"id":"1.231661434","rc":[{"ltp":4.4,"id":26354925},{"ltp":1.3,"id":26354921}]}]}
{"op":"mcm","clk":"11826564169","pt":1723484735846,"mc":[{"id":"1.231661434","rc":[{"ltp":6.8,"id":26354925},{"ltp":1.17,"id":26354921}]}]}
{"op":"mcm","clk":"11826574202","pt":1723484795807,"mc":[{"id":"1.231661434","rc":[{"ltp":6.2,"id":26354925},{"ltp":1.2,"id":26354921}]}]}
{"op":"mcm","clk":"11826583917","pt":1723484855804,"mc":[{"id":"1.231661434","rc":[{"ltp":1.19,"id":26354921}]}]}
{"op":"mcm","clk":"11826593943","pt":1723484915790,"mc":[{"id":"1.231661434","rc":[{"ltp":5.8,"id":26354925},{"ltp":1.21,"id":26354921}]}]}
{"op":"mcm","clk":"11826602536","pt":1723484975821,"mc":[{"id":"1.231661434","rc":[{"ltp":6.0,"id":26354925},{"ltp":1.2,"id":26354921}]}]}
{"op":"mcm","clk":"11826611625","pt":1723485035834,"mc":[{"id":"1.231661434","rc":[{"ltp":5.6,"id":26354925},{"ltp":1.22,"id":26354921}]}]}
{"op":"mcm","clk":"11826630357","pt":1723485155830,"mc":[{"id":"1.231661434","rc":[{"ltp":8.0,"id":26354925},{"ltp":1.14,"id":26354921}]}]}
{"op":"mcm","clk":"11826638691","pt":1723485215771,"mc":[{"id":"1.231661434","rc":[{"ltp":1.13,"id":26354921}]}]}
{"op":"mcm","clk":"11826646966","pt":1723485275750,"mc":[{"id":"1.231661434","rc":[{"ltp":9.8,"id":26354925},{"ltp":1.12,"id":26354921}]}]}
{"op":"mcm","clk":"11826655407","pt":1723485335693,"mc":[{"id":"1.231661434","rc":[{"ltp":10.0,"id":26354925},{"ltp":1.11,"id":26354921}]}]}
{"op":"mcm","clk":"11826663931","pt":1723485395796,"mc":[{"id":"1.231661434","rc":[{"ltp":8.2,"id":26354925},{"ltp":1.14,"id":26354921}]}]}
{"op":"mcm","clk":"11826672045","pt":1723485455786,"mc":[{"id":"1.231661434","rc":[{"ltp":8.6,"id":26354925},{"ltp":1.13,"id":26354921}]}]}
{"op":"mcm","clk":"11826680551","pt":1723485515755,"mc":[{"id":"1.231661434","rc":[{"ltp":8.0,"id":26354925},{"ltp":1.14,"id":26354921}]}]}
{"op":"mcm","clk":"11826697493","pt":1723485635821,"mc":[{"id":"1.231661434","rc":[{"ltp":7.8,"id":26354925}]}]}
{"op":"mcm","clk":"11826706522","pt":1723485695769,"mc":[{"id":"1.231661434","rc":[{"ltp":1.15,"id":26354921}]}]}
{"op":"mcm","clk":"11826728082","pt":1723485815778,"mc":[{"id":"1.231661434","rc":[{"ltp":6.4,"id":26354925},{"ltp":1.18,"id":26354921}]}]}
{"op":"mcm","clk":"11826739274","pt":1723485875685,"mc":[{"id":"1.231661434","rc":[{"ltp":6.2,"id":26354925},{"ltp":1.19,"id":26354921}]}]}
{"op":"mcm","clk":"11826751015","pt":1723485935830,"mc":[{"id":"1.231661434","rc":[{"ltp":6.4,"id":26354925},{"ltp":1.18,"id":26354921}]}]}
{"op":"mcm","clk":"11826785381","pt":1723486115832,"mc":[{"id":"1.231661434","rc":[{"ltp":7.2,"id":26354925},{"ltp":1.16,"id":26354921}]}]}
{"op":"mcm","clk":"11826796732","pt":1723486175739,"mc":[{"id":"1.231661434","rc":[{"ltp":7.8,"id":26354925},{"ltp":1.15,"id":26354921}]}]}
{"op":"mcm","clk":"11826808443","pt":1723486235727,"mc":[{"id":"1.231661434","rc":[{"ltp":8.0,"id":26354925}]}]}
{"op":"mcm","clk":"11826820513","pt":1723486295819,"mc":[{"id":"1.231661434","rc":[{"ltp":8.4,"id":26354925},{"ltp":1.14,"id":26354921}]}]}
{"op":"mcm","clk":"11826832114","pt":1723486355770,"mc":[{"id":"1.231661434","rc":[{"ltp":8.0,"id":26354925}]}]}
{"op":"mcm","clk":"11826844364","pt":1723486415777,"mc":[{"id":"1.231661434","rc":[{"ltp":9.4,"id":26354925},{"ltp":1.12,"id":26354921}]}]}
{"op":"mcm","clk":"11826856762","pt":1723486475661,"mc":[{"id":"1.231661434","rc":[{"ltp":8.2,"id":26354925},{"ltp":1.15,"id":26354921}]}]}
{"op":"mcm","clk":"11826868787","pt":1723486535825,"mc":[{"id":"1.231661434","rc":[{"ltp":8.0,"id":26354925},{"ltp":1.14,"id":26354921}]}]}
{"op":"mcm","clk":"11826880898","pt":1723486595772,"mc":[{"id":"1.231661434","rc":[{"ltp":1.15,"id":26354921}]}]}
{"op":"mcm","clk":"11826893387","pt":1723486655762,"mc":[{"id":"1.231661434","rc":[{"ltp":7.6,"id":26354925}]}]}
{"op":"mcm","clk":"11826919439","pt":1723486775634,"mc":[{"id":"1.231661434","rc":[{"ltp":1.16,"id":26354921}]}]}
{"op":"mcm","clk":"11826932417","pt":1723486835844,"mc":[{"id":"1.231661434","rc":[{"ltp":1.14,"id":26354921}]}]}
{"op":"mcm","clk":"11826945401","pt":1723486895834,"mc":[{"id":"1.231661434","rc":[{"ltp":8.6,"id":26354925}]}]}
{"op":"mcm","clk":"11826958537","pt":1723486955786,"mc":[{"id":"1.231661434","rc":[{"ltp":1.13,"id":26354921}]}]}
{"op":"mcm","clk":"11826971136","pt":1723487015827,"mc":[{"id":"1.231661434","rc":[{"ltp":8.2,"id":26354925},{"ltp":1.14,"id":26354921}]}]}
{"op":"mcm","clk":"11826983054","pt":1723487075782,"mc":[{"id":"1.231661434","rc":[{"ltp":7.2,"id":26354925},{"ltp":1.16,"id":26354921}]}]}
{"op":"mcm","clk":"11826995126","pt":1723487135758,"mc":[{"id":"1.231661434","rc":[{"ltp":6.6,"id":26354925},{"ltp":1.18,"id":26354921}]}]}
{"op":"mcm","clk":"11827006854","pt":1723487195806,"mc":[{"id":"1.231661434","rc":[{"ltp":5.7,"id":26354925},{"ltp":1.21,"id":26354921}]}]}
{"op":"mcm","clk":"11827018906","pt":1723487255770,"mc":[{"id":"1.231661434","rc":[{"ltp":5.1,"id":26354925},{"ltp":1.23,"id":26354921}]}]}
{"op":"mcm","clk":"11827030564","pt":1723487315724,"mc":[{"id":"1.231661434","rc":[{"ltp":5.4,"id":26354925}]}]}
{"op":"mcm","clk":"11827041845","pt":1723487375824,"mc":[{"id":"1.231661434","rc":[{"ltp":5.8,"id":26354925},{"ltp":1.21,"id":26354921}]}]}
{"op":"mcm","clk":"11827053723","pt":1723487435789,"mc":[{"id":"1.231661434","rc":[{"ltp":5.2,"id":26354925},{"ltp":1.24,"id":26354921}]}]}
{"op":"mcm","clk":"11827065739","pt":1723487495747,"mc":[{"id":"1.231661434","rc":[{"ltp":4.6,"id":26354925},{"ltp":1.27,"id":26354921}]}]}
{"op":"mcm","clk":"11827078230","pt":1723487555825,"mc":[{"id":"1.231661434","rc":[{"ltp":4.2,"id":26354925},{"ltp":1.32,"id":26354921}]}]}
{"op":"mcm","clk":"11827090551","pt":1723487615800,"mc":[{"id":"1.231661434","rc":[{"ltp":4.3,"id":26354925},{"ltp":1.3,"id":26354921}]}]}
{"op":"mcm","clk":"11827103044","pt":1723487675767,"mc":[{"id":"1.231661434","rc":[{"ltp":3.7,"id":26354925},{"ltp":1.37,"id":26354921}]}]}
{"op":"mcm","clk":"11827115405","pt":1723487735838,"mc":[{"id":"1.231661434","rc":[{"ltp":4.2,"id":26354925},{"ltp":1.31,"id":26354921}]}]}
{"op":"mcm","clk":"11827127990","pt":1723487795769,"mc":[{"id":"1.231661434","rc":[{"ltp":4.8,"id":26354925},{"ltp":1.26,"id":26354921}]}]}
{"op":"mcm","clk":"11827140512","pt":1723487855843,"mc":[{"id":"1.231661434","rc":[{"ltp":1.27,"id":26354921}]}]}
{"op":"mcm","clk":"11827152932","pt":1723487915777,"mc":[{"id":"1.231661434","rc":[{"ltp":1.26,"id":26354921}]}]}
{"op":"mcm","clk":"11827164648","pt":1723487975789,"mc":[{"id":"1.231661434","rc":[{"ltp":4.9,"id":26354925},{"ltp":1.25,"id":26354921}]}]}
{"op":"mcm","clk":"11827176583","pt":1723488035785,"mc":[{"id":"1.231661434","rc":[{"ltp":1.26,"id":26354921}]}]}
{"op":"mcm","clk":"11827188661","pt":1723488095809,"mc":[{"id":"1.231661434","rc":[{"ltp":5.7,"id":26354925},{"ltp":1.21,"id":26354921}]}]}
{"op":"mcm","clk":"11827200878","pt":1723488155786,"mc":[{"id":"1.231661434","rc":[{"ltp":5.5,"id":26354925},{"ltp":1.22,"id":26354921}]}]}
{"op":"mcm","clk":"11827213213","pt":1723488215781,"mc":[{"id":"1.231661434","rc":[{"ltp":4.4,"id":26354925},{"ltp":1.29,"id":26354921}]}]}
{"op":"mcm","clk":"11827225339","pt":1723488275841,"mc":[{"id":"1.231661434","rc":[{"ltp":5.2,"id":26354925},{"ltp":1.23,"id":26354921}]}]}
{"op":"mcm","clk":"11827237698","pt":1723488335819,"mc":[{"id":"1.231661434","rc":[{"ltp":4.9,"id":26354925},{"ltp":1.27,"id":26354921}]}]}
{"op":"mcm","clk":"11827249552","pt":1723488395753,"mc":[{"id":"1.231661434","rc":[{"ltp":5.2,"id":26354925},{"ltp":1.24,"id":26354921}]}]}
{"op":"mcm","clk":"11827261081","pt":1723488455760,"mc":[{"id":"1.231661434","rc":[{"ltp":5.9,"id":26354925},{"ltp":1.21,"id":26354921}]}]}
{"op":"mcm","clk":"11827272002","pt":1723488515654,"mc":[{"id":"1.231661434","rc":[{"ltp":6.2,"id":26354925},{"ltp":1.19,"id":26354921}]}]}
{"op":"mcm","clk":"11827294412","pt":1723488635844,"mc":[{"id":"1.231661434","rc":[{"ltp":6.0,"id":26354925},{"ltp":1.2,"id":26354921}]}]}
{"op":"mcm","clk":"11827305187","pt":1723488695634,"mc":[{"id":"1.231661434","rc":[{"ltp":5.7,"id":26354925},{"ltp":1.22,"id":26354921}]}]}
{"op":"mcm","clk":"11827315755","pt":1723488755818,"mc":[{"id":"1.231661434","rc":[{"ltp":5.6,"id":26354925},{"ltp":1.21,"id":26354921}]}]}
{"op":"mcm","clk":"11827343436","pt":1723488935428,"mc":[{"id":"1.231661434","rc":[{"ltp":1.22,"id":26354921}]}]}
{"op":"mcm","clk":"11827352209","pt":1723488995787,"mc":[{"id":"1.231661434","rc":[{"ltp":5.7,"id":26354925},{"ltp":1.21,"id":26354921}]}]}
{"op":"mcm","clk":"11827369205","pt":1723489114446,"mc":[{"id":"1.231661434","rc":[{"ltp":5.9,"id":26354925}]}]}
{"op":"mcm","clk":"11827378121","pt":1723489175115,"mc":[{"id":"1.231661434","rc":[{"ltp":1.2,"id":26354921}]}]}
{"op":"mcm","clk":"11827387811","pt":1723489235708,"mc":[{"id":"1.231661434","rc":[{"ltp":6.0,"id":26354925}]}]}
{"op":"mcm","clk":"11827396980","pt":1723489295594,"mc":[{"id":"1.231661434","rc":[{"ltp":1.21,"id":26354921}]}]}
{"op":"mcm","clk":"11827405642","pt":1723489355774,"mc":[{"id":"1.231661434","rc":[{"ltp":5.6,"id":26354925}]}]}
{"op":"mcm","clk":"11827413674","pt":1723489415546,"mc":[{"id":"1.231661434","rc":[{"ltp":5.7,"id":26354925},{"ltp":1.22,"id":26354921}]}]}
{"op":"mcm","clk":"11827422155","pt":1723489475644,"mc":[{"id":"1.231661434","rc":[{"ltp":5.6,"id":26354925}]}]}
{"op":"mcm","clk":"11827431502","pt":1723489535642,"mc":[{"id":"1.231661434","rc":[{"ltp":5.1,"id":26354925},{"ltp":1.24,"id":26354921}]}]}
{"op":"mcm","clk":"11827441301","pt":1723489595799,"mc":[{"id":"1.231661434","rc":[{"ltp":5.2,"id":26354925},{"ltp":1.23,"id":26354921}]}]}
{"op":"mcm","clk":"11827451126","pt":1723489655832,"mc":[{"id":"1.231661434","rc":[{"ltp":6.8,"id":26354925},{"ltp":1.16,"id":26354921}]}]}
{"op":"mcm","clk":"11827460783","pt":1723489715820,"mc":[{"id":"1.231661434","rc":[{"ltp":7.0,"id":26354925},{"ltp":1.17,"id":26354921}]}]}
{"op":"mcm","clk":"11827470354","pt":1723489775805,"mc":[{"id":"1.231661434","rc":[{"ltp":5.7,"id":26354925},{"ltp":1.21,"id":26354921}]}]}
{"op":"mcm","clk":"11827480255","pt":1723489835764,"mc":[{"id":"1.231661434","rc":[{"ltp":5.3,"id":26354925},{"ltp":1.22,"id":26354921}]}]}
{"op":"mcm","clk":"11827490241","pt":1723489895657,"mc":[{"id":"1.231661434","rc":[{"ltp":1.23,"id":26354921}]}]}
{"op":"mcm","clk":"11827500284","pt":1723489955818,"mc":[{"id":"1.231661434","rc":[{"ltp":7.6,"id":26354925},{"ltp":1.15,"id":26354921}]}]}
{"op":"mcm","clk":"11827518242","pt":1723490015773,"mc":[{"id":"1.231661434","rc":[{"ltp":12.0,"id":26354925},{"ltp":1.09,"id":26354921}]}]}
{"op":"mcm","clk":"11827527416","pt":1723490075790,"mc":[{"id":"1.231661434","rc":[{"ltp":12.5,"id":26354925}]}]}
{"op":"mcm","clk":"11827536801","pt":1723490135838,"mc":[{"id":"1.231661434","rc":[{"ltp":12.0,"id":26354925}]}]}
{"op":"mcm","clk":"11827546619","pt":1723490195802,"mc":[{"id":"1.231661434","rc":[{"ltp":21.0,"id":26354925},{"ltp":1.05,"id":26354921}]}]}
{"op":"mcm","clk":"11827556119","pt":1723490255792,"mc":[{"id":"1.231661434","rc":[{"ltp":12.5,"id":26354925},{"ltp":1.09,"id":26354921}]}]}
{"op":"mcm","clk":"11827565139","pt":1723490315814,"mc":[{"id":"1.231661434","rc":[{"ltp":11.0,"id":26354925},{"ltp":1.1,"id":26354921}]}]}
{"op":"mcm","clk":"11827574169","pt":1723490375663,"mc":[{"id":"1.231661434","rc":[{"ltp":12.0,"id":26354925},{"ltp":1.09,"id":26354921}]}]}
{"op":"mcm","clk":"11827583612","pt":1723490435842,"mc":[{"id":"1.231661434","rc":[{"ltp":6.6,"id":26354925},{"ltp":1.19,"id":26354921}]}]}
{"op":"mcm","clk":"11827602379","pt":1723490555825,"mc":[{"id":"1.231661434","rc":[{"ltp":7.0,"id":26354925},{"ltp":1.16,"id":26354921}]}]}
{"op":"mcm","clk":"11827612321","pt":1723490615817,"mc":[{"id":"1.231661434","rc":[{"ltp":9.4,"id":26354925},{"ltp":1.12,"id":26354921}]}]}
{"op":"mcm","clk":"11827621933","pt":1723490675769,"mc":[{"id":"1.231661434","rc":[{"ltp":7.6,"id":26354925},{"ltp":1.15,"id":26354921}]}]}
{"op":"mcm","clk":"11827631646","pt":1723490735816,"mc":[{"id":"1.231661434","rc":[{"ltp":8.0,"id":26354925},{"ltp":1.13,"id":26354921}]}]}
{"op":"mcm","clk":"11827641528","pt":1723490795763,"mc":[{"id":"1.231661434","rc":[{"ltp":7.8,"id":26354925},{"ltp":1.15,"id":26354921}]}]}
{"op":"mcm","clk":"11827651569","pt":1723490855810,"mc":[{"id":"1.231661434","rc":[{"ltp":8.0,"id":26354925},{"ltp":1.14,"id":26354921}]}]}
{"op":"mcm","clk":"11827661436","pt":1723490915808,"mc":[{"id":"1.231661434","rc":[{"ltp":1.13,"id":26354921}]}]}
{"op":"mcm","clk":"11827671069","pt":1723490975779,"mc":[{"id":"1.231661434","rc":[{"ltp":11.0,"id":26354925},{"ltp":1.1,"id":26354921}]}]}
{"op":"mcm","clk":"11827680694","pt":1723491035747,"mc":[{"id":"1.231661434","rc":[{"ltp":12.0,"id":26354925},{"ltp":1.09,"id":26354921}]}]}
{"op":"mcm","clk":"11827690302","pt":1723491095836,"mc":[{"id":"1.231661434","rc":[{"ltp":11.0,"id":26354925},{"ltp":1.1,"id":26354921}]}]}
{"op":"mcm","clk":"11827698966","pt":1723491155760,"mc":[{"id":"1.231661434","rc":[{"ltp":10.5,"id":26354925}]}]}
{"op":"mcm","clk":"11827708213","pt":1723491215547,"mc":[{"id":"1.231661434","rc":[{"ltp":11.0,"id":26354925}]}]}
{"op":"mcm","clk":"11827726741","pt":1723491335792,"mc":[{"id":"1.231661434","rc":[{"ltp":5.3,"id":26354925},{"ltp":1.23,"id":26354921}]}]}
{"op":"mcm","clk":"11827735348","pt":1723491395809,"mc":[{"id":"1.231661434","rc":[{"ltp":3.2,"id":26354925},{"ltp":1.47,"id":26354921}]}]}
{"op":"mcm","clk":"11827744031","pt":1723491455749,"mc":[{"id":"1.231661434","rc":[{"ltp":3.7,"id":26354925},{"ltp":1.37,"id":26354921}]}]}
{"op":"mcm","clk":"11827753141","pt":1723491515801,"mc":[{"id":"1.231661434","rc":[{"ltp":3.65,"id":26354925},{"ltp":1.38,"id":26354921}]}]}
{"op":"mcm","clk":"11827762177","pt":1723491575773,"mc":[{"id":"1.231661434","rc":[{"ltp":3.5,"id":26354925},{"ltp":1.4,"id":26354921}]}]}
{"op":"mcm","clk":"11827771308","pt":1723491635839,"mc":[{"id":"1.231661434","rc":[{"ltp":3.2,"id":26354925},{"ltp":1.45,"id":26354921}]}]}
{"op":"mcm","clk":"11827780108","pt":1723491695828,"mc":[{"id":"1.231661434","rc":[{"ltp":3.75,"id":26354925},{"ltp":1.36,"id":26354921}]}]}
{"op":"mcm","clk":"11827797258","pt":1723491815835,"mc":[{"id":"1.231661434","rc":[{"ltp":3.9,"id":26354925},{"ltp":1.35,"id":26354921}]}]}
{"op":"mcm","clk":"11827806239","pt":1723491875831,"mc":[{"id":"1.231661434","rc":[{"ltp":4.8,"id":26354925},{"ltp":1.28,"id":26354921}]}]}
{"op":"mcm","clk":"11827814852","pt":1723491935708,"mc":[{"id":"1.231661434","rc":[{"ltp":4.3,"id":26354925},{"ltp":1.29,"id":26354921}]}]}
{"op":"mcm","clk":"11827823547","pt":1723491995788,"mc":[{"id":"1.231661434","rc":[{"ltp":4.1,"id":26354925},{"ltp":1.32,"id":26354921}]}]}
{"op":"mcm","clk":"11827832008","pt":1723492055835,"mc":[{"id":"1.231661434","rc":[{"ltp":4.2,"id":26354925},{"ltp":1.31,"id":26354921}]}]}
{"op":"mcm","clk":"11827846453","pt":1723492175771,"mc":[{"id":"1.231661434","rc":[{"ltp":4.1,"id":26354925},{"ltp":1.33,"id":26354921}]}]}
{"op":"mcm","clk":"11827854060","pt":1723492235768,"mc":[{"id":"1.231661434","rc":[{"ltp":3.75,"id":26354925},{"ltp":1.37,"id":26354921}]}]}
{"op":"mcm","clk":"11827861952","pt":1723492295817,"mc":[{"id":"1.231661434","rc":[{"ltp":3.9,"id":26354925},{"ltp":1.35,"id":26354921}]}]}
{"op":"mcm","clk":"11827869831","pt":1723492355786,"mc":[{"id":"1.231661434","rc":[{"ltp":3.7,"id":26354925},{"ltp":1.36,"id":26354921}]}]}
{"op":"mcm","clk":"11827877466","pt":1723492415755,"mc":[{"id":"1.231661434","rc":[{"ltp":3.55,"id":26354925},{"ltp":1.39,"id":26354921}]}]}
{"op":"mcm","clk":"11827885231","pt":1723492475828,"mc":[{"id":"1.231661434","rc":[{"ltp":3.5,"id":26354925}]}]}
{"op":"mcm","clk":"11827892796","pt":1723492535773,"mc":[{"id":"1.231661434","rc":[{"ltp":3.35,"id":26354925},{"ltp":1.42,"id":26354921}]}]}
{"op":"mcm","clk":"11827900275","pt":1723492595573,"mc":[{"id":"1.231661434","rc":[{"ltp":1.43,"id":26354921}]}]}
{"op":"mcm","clk":"11827907815","pt":1723492655845,"mc":[{"id":"1.231661434","rc":[{"ltp":4.2,"id":26354925},{"ltp":1.31,"id":26354921}]}]}
{"op":"mcm","clk":"11827915245","pt":1723492715811,"mc":[{"id":"1.231661434","rc":[{"ltp":6.8,"id":26354925},{"ltp":1.17,"id":26354921}]}]}
{"op":"mcm","clk":"11827922177","pt":1723492775835,"mc":[{"id":"1.231661434","rc":[{"ltp":7.6,"id":26354925},{"ltp":1.15,"id":26354921}]}]}
{"op":"mcm","clk":"11827929536","pt":1723492835702,"mc":[{"id":"1.231661434","rc":[{"ltp":7.8,"id":26354925},{"ltp":1.14,"id":26354921}]}]}
{"op":"mcm","clk":"11827936922","pt":1723492895791,"mc":[{"id":"1.231661434","rc":[{"ltp":12.0,"id":26354925},{"ltp":1.09,"id":26354921}]}]}
{"op":"mcm","clk":"11827944384","pt":1723492955793,"mc":[{"id":"1.231661434","rc":[{"ltp":1.1,"id":26354921}]}]}
{"op":"mcm","clk":"11827951862","pt":1723493015831,"mc":[{"id":"1.231661434","rc":[{"ltp":1.09,"id":26354921}]}]}
{"op":"mcm","clk":"11827958910","pt":1723493075825,"mc":[{"id":"1.231661434","rc":[{"ltp":9.2,"id":26354925},{"ltp":1.11,"id":26354921}]}]}
{"op":"mcm","clk":"11827966103","pt":1723493135774,"mc":[{"id":"1.231661434","rc":[{"ltp":15.0,"id":26354925},{"ltp":1.08,"id":26354921}]}]}
{"op":"mcm","clk":"11827973151","pt":1723493195751,"mc":[{"id":"1.231661434","rc":[{"ltp":10.0,"id":26354925},{"ltp":1.11,"id":26354921}]}]}
{"op":"mcm","clk":"11827980215","pt":1723493255819,"mc":[{"id":"1.231661434","rc":[{"ltp":9.4,"id":26354925},{"ltp":1.12,"id":26354921}]}]}
{"op":"mcm","clk":"11827986866","pt":1723493315802,"mc":[{"id":"1.231661434","rc":[{"ltp":8.2,"id":26354925},{"ltp":1.13,"id":26354921}]}]}
{"op":"mcm","clk":"11827993756","pt":1723493375814,"mc":[{"id":"1.231661434","rc":[{"ltp":15.0,"id":26354925},{"ltp":1.06,"id":26354921}]}]}
{"op":"mcm","clk":"11828000041","pt":1723493435755,"mc":[{"id":"1.231661434","rc":[{"ltp":24.0,"id":26354925},{"ltp":1.05,"id":26354921}]}]}
{"op":"mcm","clk":"11828006057","pt":1723493495843,"mc":[{"id":"1.231661434","rc":[{"ltp":22.0,"id":26354925}]}]}
{"op":"mcm","clk":"11828011984","pt":1723493555801,"mc":[{"id":"1.231661434","rc":[{"ltp":100.0,"id":26354925},{"ltp":1.01,"id":26354921}]}]}
{"op":"mcm","clk":"11828018507","pt":1723493615684,"mc":[{"id":"1.231661434","rc":[{"ltp":130.0,"id":26354925}]}]}
{"op":"mcm","clk":"11828024641","pt":1723493675142,"mc":[{"id":"1.231661434","rc":[{"ltp":1000.0,"id":26354925}]}]}
{"op":"mcm","clk":"11828041943","pt":1723493855782,"mc":[{"id":"1.231661434","marketDefinition":{"bspMarket":false,"turnInPlayEnabled":true,"persistenceEnabled":true,"marketBaseRate":5.0,"eventId":"33483444","eventTypeId":"4","numberOfWinners":1,"bettingType":"ODDS","marketType":"MATCH_ODDS","marketTime":"2024-08-12T17:30:00.000Z","suspendTime":"2024-08-12T17:30:00.000Z","bspReconciled":false,"complete":true,"inPlay":true,"crossMatching":true,"runnersVoidable":false,"numberOfActiveRunners":2,"betDelay":5,"status":"SUSPENDED","runners":[{"status":"ACTIVE","sortPriority":1,"id":26354921,"name":"Birmingham Phoenix"},{"status":"ACTIVE","sortPriority":2,"id":26354925,"name":"Trent Rockets"}],"regulators":["MR_INT"],"countryCode":"GB","discountAllowed":true,"timezone":"GMT","openDate":"2024-08-12T17:30:00.000Z","version":6072228610,"name":"Match Odds","eventName":"Birmingham Phoenix v Trent Rockets"}}]}
{"op":"mcm","clk":"11828059723","pt":1723494055056,"mc":[{"id":"1.231661434","marketDefinition":{"bspMarket":false,"turnInPlayEnabled":true,"persistenceEnabled":true,"marketBaseRate":5.0,"eventId":"33483444","eventTypeId":"4","numberOfWinners":1,"bettingType":"ODDS","marketType":"MATCH_ODDS","marketTime":"2024-08-12T17:30:00.000Z","suspendTime":"2024-08-12T17:30:00.000Z","bspReconciled":false,"complete":true,"inPlay":true,"crossMatching":false,"runnersVoidable":false,"numberOfActiveRunners":0,"betDelay":5,"status":"CLOSED","settledTime":"2024-08-12T20:19:41.000Z","runners":[{"status":"WINNER","sortPriority":1,"id":26354921,"name":"Birmingham Phoenix"},{"status":"LOSER","sortPriority":2,"id":26354925,"name":"Trent Rockets"}],"regulators":["MR_INT"],"countryCode":"GB","discountAllowed":true,"timezone":"GMT","openDate":"2024-08-12T17:30:00.000Z","version":6072231251,"name":"Match Odds","eventName":"Birmingham Phoenix v Trent Rockets"}}]}
