{"op":"mcm","clk":"11908799637","pt":1724413449758,"mc":[{"id":"1.231851276","marketDefinition":{"bspMarket":false,"turnInPlayEnabled":true,"persistenceEnabled":true,"marketBaseRate":5.0,"eventId":"33497872","eventTypeId":"4","numberOfWinners":0,"bettingType":"LINE","marketType":"B_2ND_INN_RUNS_LINE","marketTime":"2024-08-23T10:00:00.000Z","suspendTime":"2024-08-23T10:00:00.000Z","bspReconciled":false,"complete":true,"inPlay":true,"crossMatching":false,"runnersVoidable":false,"numberOfActiveRunners":1,"betDelay":3,"status":"OPEN","runners":[{"status":"ACTIVE","sortPriority":1,"id":15316,"name":"Total Runs"}],"regulators":["MR_INT"],"countryCode":"GB","discountAllowed":true,"timezone":"GMT","openDate":"2024-08-23T10:00:00.000Z","version":6092146349,"name":"Sri Lanka 2nd Innings Runs Line","eventName":"England v Sri Lanka"}}]}
{"op":"mcm","clk":"11908868249","pt":1724414110052,"mc":[{"id":"1.231851276","rc":[{"ltp":245.5,"id":15316}]}]}
{"op":"mcm","clk":"11908885464","pt":1724414290171,"mc":[{"id":"1.231851276","rc":[{"ltp":244.5,"id":15316}]}]}
{"op":"mcm","clk":"11908896905","pt":1724414410349,"mc":[{"id":"1.231851276","rc":[{"ltp":260.5,"id":15316}]}]}
{"op":"mcm","clk":"11908903699","pt":1724414470130,"mc":[{"id":"1.231851276","rc":[{"ltp":240.5,"id":15316}]}]}
{"op":"mcm","clk":"11908921328","pt":1724414590433,"mc":[{"id":"1.231851276","rc":[{"ltp":260.5,"id":15316}]}]}
{"op":"mcm","clk":"11908927665","pt":1724414649723,"mc":[{"id":"1.231851276","rc":[{"ltp":241.5,"id":15316}]}]}
{"op":"mcm","clk":"11908934138","pt":1724414710209,"mc":[{"id":"1.231851276","rc":[{"ltp":229.5,"id":15316}]}]}
{"op":"mcm","clk":"11908940210","pt":1724414770458,"mc":[{"id":"1.231851276","rc":[{"ltp":203.5,"id":15316}]}]}
{"op":"mcm","clk":"11908946493","pt":1724414830320,"mc":[{"id":"1.231851276","rc":[{"ltp":199.5,"id":15316}]}]}
{"op":"mcm","clk":"11908952469","pt":1724414890465,"mc":[{"id":"1.231851276","rc":[{"ltp":203.5,"id":15316}]}]}
{"op":"mcm","clk":"11908964370","pt":1724415010413,"mc":[{"id":"1.231851276","rc":[{"ltp":204.5,"id":15316}]}]}
{"op":"mcm","clk":"11908970290","pt":1724415069871,"mc":[{"id":"1.231851276","rc":[{"ltp":206.5,"id":15316}]}]}
{"op":"mcm","clk":"11908976362","pt":1724415130481,"mc":[{"id":"1.231851276","rc":[{"ltp":209.5,"id":15316}]}]}
{"op":"mcm","clk":"11908999823","pt":1724415190150,"mc":[{"id":"1.231851276","rc":[{"ltp":182.5,"id":15316}]}]}
{"op":"mcm","clk":"11909005921","pt":1724415250145,"mc":[{"id":"1.231851276","rc":[{"ltp":184.5,"id":15316}]}]}
{"op":"mcm","clk":"11909011367","pt":1724415310291,"mc":[{"id":"1.231851276","rc":[{"ltp":182.5,"id":15316}]}]}
{"op":"mcm","clk":"11909017052","pt":1724415370475,"mc":[{"id":"1.231851276","rc":[{"ltp":184.5,"id":15316}]}]}
{"op":"mcm","clk":"11909022733","pt":1724415430053,"mc":[{"id":"1.231851276","rc":[{"ltp":181.5,"id":15316}]}]}
{"op":"mcm","clk":"11909028239","pt":1724415490201,"mc":[{"id":"1.231851276","rc":[{"ltp":186.5,"id":15316}]}]}
{"op":"mcm","clk":"11909033668","pt":1724415550431,"mc":[{"id":"1.231851276","rc":[{"ltp":189.5,"id":15316}]}]}
{"op":"mcm","clk":"11909044248","pt":1724415670244,"mc":[{"id":"1.231851276","rc":[{"ltp":190.5,"id":15316}]}]}
{"op":"mcm","clk":"11909049197","pt":1724415730189,"mc":[{"id":"1.231851276","rc":[{"ltp":189.5,"id":15316}]}]}
{"op":"mcm","clk":"11909070010","pt":1724415968505,"mc":[{"id":"1.231851276","rc":[{"ltp":190.5,"id":15316}]}]}
{"op":"mcm","clk":"11909080944","pt":1724416089955,"mc":[{"id":"1.231851276","rc":[{"ltp":189.5,"id":15316}]}]}
{"op":"mcm","clk":"11909086803","pt":1724416147551,"mc":[{"id":"1.231851276","rc":[{"ltp":190.5,"id":15316}]}]}
{"op":"mcm","clk":"11909099796","pt":1724416267101,"mc":[{"id":"1.231851276","rc":[{"ltp":189.5,"id":15316}]}]}
{"op":"mcm","clk":"11909114575","pt":1724416389681,"mc":[{"id":"1.231851276","rc":[{"ltp":188.5,"id":15316}]}]}
{"op":"mcm","clk":"11909127578","pt":1724416508824,"mc":[{"id":"1.231851276","rc":[{"ltp":189.5,"id":15316}]}]}
{"op":"mcm","clk":"11909183371","pt":1724417108689,"mc":[{"id":"1.231851276","rc":[{"ltp":188.5,"id":15316}]}]}
{"op":"mcm","clk":"11909187419","pt":1724417153879,"mc":[{"id":"1.231851276","rc":[{"ltp":189.5,"id":15316}]}]}
{"op":"mcm","clk":"11909237360","pt":1724417649270,"mc":[{"id":"1.231851276","rc":[{"ltp":190.5,"id":15316}]}]}
{"op":"mcm","clk":"11909242685","pt":1724417708312,"mc":[{"id":"1.231851276","rc":[{"ltp":189.5,"id":15316}]}]}
{"op":"mcm","clk":"11909255622","pt":1724417830185,"mc":[{"id":"1.231851276","rc":[{"ltp":190.5,"id":15316}]}]}
{"op":"mcm","clk":"11909267010","pt":1724417948608,"mc":[{"id":"1.231851276","rc":[{"ltp":191.5,"id":15316}]}]}
{"op":"mcm","clk":"11909272651","pt":1724418009803,"mc":[{"id":"1.231851276","rc":[{"ltp":192.5,"id":15316}]}]}
{"op":"mcm","clk":"11909278626","pt":1724418070384,"mc":[{"id":"1.231851276","rc":[{"ltp":191.5,"id":15316}]}]}
{"op":"mcm","clk":"11909284433","pt":1724418130256,"mc":[{"id":"1.231851276","rc":[{"ltp":195.5,"id":15316}]}]}
{"op":"mcm","clk":"11909290292","pt":1724418190322,"mc":[{"id":"1.231851276","rc":[{"ltp":197.5,"id":15316}]}]}
{"op":"mcm","clk":"11909296155","pt":1724418249856,"mc":[{"id":"1.231851276","rc":[{"ltp":205.5,"id":15316}]}]}
{"op":"mcm","clk":"11909302260","pt":1724418310454,"mc":[{"id":"1.231851276","rc":[{"ltp":201.5,"id":15316}]}]}
{"op":"mcm","clk":"11909313989","pt":1724418430404,"mc":[{"id":"1.231851276","rc":[{"ltp":205.5,"id":15316}]}]}
{"op":"mcm","clk":"11909319810","pt":1724418490483,"mc":[{"id":"1.231851276","rc":[{"ltp":200.5,"id":15316}]}]}
{"op":"mcm","clk":"11909325119","pt":1724418549540,"mc":[{"id":"1.231851276","rc":[{"ltp":201.5,"id":15316}]}]}
{"op":"mcm","clk":"11909330744","pt":1724418610128,"mc":[{"id":"1.231851276","rc":[{"ltp":202.5,"id":15316}]}]}
{"op":"mcm","clk":"11909336488","pt":1724418670397,"mc":[{"id":"1.231851276","rc":[{"ltp":204.5,"id":15316}]}]}
{"op":"mcm","clk":"11909342087","pt":1724418730342,"mc":[{"id":"1.231851276","rc":[{"ltp":205.5,"id":15316}]}]}
{"op":"mcm","clk":"11909348007","pt":1724418790458,"mc":[{"id":"1.231851276","rc":[{"ltp":190.5,"id":15316}]}]}
{"op":"mcm","clk":"11909353905","pt":1724418850258,"mc":[{"id":"1.231851276","rc":[{"ltp":200.5,"id":15316}]}]}
{"op":"mcm","clk":"11909359994","pt":1724418910096,"mc":[{"id":"1.231851276","rc":[{"ltp":209.5,"id":15316}]}]}
{"op":"mcm","clk":"11909392185","pt":1724419210371,"mc":[{"id":"1.231851276","rc":[{"ltp":205.5,"id":15316}]}]}
{"op":"mcm","clk":"11909398184","pt":1724419270429,"mc":[{"id":"1.231851276","rc":[{"ltp":207.5,"id":15316}]}]}
{"op":"mcm","clk":"11909403932","pt":1724419330384,"mc":[{"id":"1.231851276","rc":[{"ltp":210.5,"id":15316}]}]}
{"op":"mcm","clk":"11909409841","pt":1724419390356,"mc":[{"id":"1.231851276","rc":[{"ltp":209.5,"id":15316}]}]}
{"op":"mcm","clk":"11909415928","pt":1724419450122,"mc":[{"id":"1.231851276","rc":[{"ltp":216.5,"id":15316}]}]}
{"op":"mcm","clk":"11909421938","pt":1724419510195,"mc":[{"id":"1.231851276","rc":[{"ltp":222.5,"id":15316}]}]}
{"op":"mcm","clk":"11909427487","pt":1724419570474,"mc":[{"id":"1.231851276","rc":[{"ltp":223.5,"id":15316}]}]}
{"op":"mcm","clk":"11909432965","pt":1724419630021,"mc":[{"id":"1.231851276","rc":[{"ltp":226.5,"id":15316}]}]}
{"op":"mcm","clk":"11909444689","pt":1724419750059,"mc":[{"id":"1.231851276","rc":[{"ltp":222.5,"id":15316}]}]}
{"op":"mcm","clk":"11909450934","pt":1724419808827,"mc":[{"id":"1.231851276","rc":[{"ltp":227.5,"id":15316}]}]}
{"op":"mcm","clk":"11909457610","pt":1724419869684,"mc":[{"id":"1.231851276","rc":[{"ltp":223.5,"id":15316}]}]}
{"op":"mcm","clk":"11909464430","pt":1724419930327,"mc":[{"id":"1.231851276","rc":[{"ltp":224.5,"id":15316}]}]}
{"op":"mcm","clk":"11909477016","pt":1724420050420,"mc":[{"id":"1.231851276","rc":[{"ltp":225.5,"id":15316}]}]}
{"op":"mcm","clk":"11909483827","pt":1724420110473,"mc":[{"id":"1.231851276","rc":[{"ltp":226.5,"id":15316}]}]}
{"op":"mcm","clk":"11909490679","pt":1724420170121,"mc":[{"id":"1.231851276","rc":[{"ltp":230.5,"id":15316}]}]}
{"op":"mcm","clk":"11909496715","pt":1724420229690,"mc":[{"id":"1.231851276","rc":[{"ltp":231.5,"id":15316}]}]}
{"op":"mcm","clk":"11909502797","pt":1724420286673,"mc":[{"id":"1.231851276","rc":[{"ltp":237.5,"id":15316}]}]}
{"op":"mcm","clk":"11909508949","pt":1724420350337,"mc":[{"id":"1.231851276","rc":[{"ltp":241.5,"id":15316}]}]}
{"op":"mcm","clk":"11909514865","pt":1724420409996,"mc":[{"id":"1.231851276","rc":[{"ltp":244.5,"id":15316}]}]}
{"op":"mcm","clk":"11909520286","pt":1724420470465,"mc":[{"id":"1.231851276","rc":[{"ltp":243.5,"id":15316}]}]}
{"op":"mcm","clk":"11909525431","pt":1724420530059,"mc":[{"id":"1.231851276","rc":[{"ltp":244.5,"id":15316}]}]}
{"op":"mcm","clk":"11909558285","pt":1724420709538,"mc":[{"id":"1.231851276","rc":[{"ltp":243.5,"id":15316}]}]}
{"op":"mcm","clk":"11909563675","pt":1724420769942,"mc":[{"id":"1.231851276","rc":[{"ltp":245.5,"id":15316}]}]}
{"op":"mcm","clk":"11909568929","pt":1724420830419,"mc":[{"id":"1.231851276","rc":[{"ltp":247.5,"id":15316}]}]}
{"op":"mcm","clk":"11909580887","pt":1724420950461,"mc":[{"id":"1.231851276","rc":[{"ltp":239.5,"id":15316}]}]}
{"op":"mcm","clk":"11909587237","pt":1724421010229,"mc":[{"id":"1.231851276","rc":[{"ltp":212.5,"id":15316}]}]}
{"op":"mcm","clk":"11909593899","pt":1724421069401,"mc":[{"id":"1.231851276","rc":[{"ltp":210.5,"id":15316}]}]}
{"op":"mcm","clk":"11909606633","pt":1724421190168,"mc":[{"id":"1.231851276","rc":[{"ltp":211.5,"id":15316}]}]}
{"op":"mcm","clk":"11909618773","pt":1724421310435,"mc":[{"id":"1.231851276","rc":[{"ltp":219.5,"id":15316}]}]}
{"op":"mcm","clk":"11909625705","pt":1724421370385,"mc":[{"id":"1.231851276","rc":[{"ltp":222.5,"id":15316}]}]}
{"op":"mcm","clk":"11909632128","pt":1724421430474,"mc":[{"id":"1.231851276","rc":[{"ltp":229.5,"id":15316}]}]}
{"op":"mcm","clk":"11909637849","pt":1724421489529,"mc":[{"id":"1.231851276","rc":[{"ltp":234.5,"id":15316}]}]}
{"op":"mcm","clk":"11909649494","pt":1724421610465,"mc":[{"id":"1.231851276","rc":[{"ltp":232.5,"id":15316}]}]}
{"op":"mcm","clk":"11909665905","pt":1724421790188,"mc":[{"id":"1.231851276","rc":[{"ltp":236.5,"id":15316}]}]}
{"op":"mcm","clk":"11909683893","pt":1724421970125,"mc":[{"id":"1.231851276","rc":[{"ltp":238.5,"id":15316}]}]}
{"op":"mcm","clk":"11909690050","pt":1724422030273,"mc":[{"id":"1.231851276","rc":[{"ltp":240.5,"id":15316}]}]}
{"op":"mcm","clk":"11909708730","pt":1724422210399,"mc":[{"id":"1.231851276","rc":[{"ltp":241.5,"id":15316}]}]}
{"op":"mcm","clk":"11909714457","pt":1724422270380,"mc":[{"id":"1.231851276","rc":[{"ltp":239.5,"id":15316}]}]}
{"op":"mcm","clk":"11909725858","pt":1724422390113,"mc":[{"id":"1.231851276","rc":[{"ltp":236.5,"id":15316}]}]}
{"op":"mcm","clk":"11909731322","pt":1724422450489,"mc":[{"id":"1.231851276","rc":[{"ltp":234.5,"id":15316}]}]}
{"op":"mcm","clk":"11909736452","pt":1724422508861,"mc":[{"id":"1.231851276","rc":[{"ltp":232.5,"id":15316}]}]}
{"op":"mcm","clk":"11909742320","pt":1724422570374,"mc":[{"id":"1.231851276","rc":[{"ltp":216.5,"id":15316}]}]}
{"op":"mcm","clk":"11909780616","pt":1724422990370,"mc":[{"id":"1.231851276","rc":[{"ltp":218.5,"id":15316}]}]}
{"op":"mcm","clk":"11909791861","pt":1724423110138,"mc":[{"id":"1.231851276","rc":[{"ltp":227.5,"id":15316}]}]}
{"op":"mcm","clk":"11909797474","pt":1724423169680,"mc":[{"id":"1.231851276","rc":[{"ltp":224.5,"id":15316}]}]}
{"op":"mcm","clk":"11909809315","pt":1724423289951,"mc":[{"id":"1.231851276","rc":[{"ltp":222.5,"id":15316}]}]}
{"op":"mcm","clk":"11909829390","pt":1724423470433,"mc":[{"id":"1.231851276","rc":[{"ltp":223.5,"id":15316}]}]}
{"op":"mcm","clk":"11909835820","pt":1724423529458,"mc":[{"id":"1.231851276","rc":[{"ltp":221.5,"id":15316}]}]}
{"op":"mcm","clk":"11909841897","pt":1724423589741,"mc":[{"id":"1.231851276","rc":[{"ltp":223.5,"id":15316}]}]}
{"op":"mcm","clk":"11909848143","pt":1724423650237,"mc":[{"id":"1.231851276","rc":[{"ltp":221.5,"id":15316}]}]}
{"op":"mcm","clk":"11909891448","pt":1724424070220,"mc":[{"id":"1.231851276","rc":[{"ltp":230.5,"id":15316}]}]}
{"op":"mcm","clk":"11909897812","pt":1724424129596,"mc":[{"id":"1.231851276","rc":[{"ltp":231.5,"id":15316}]}]}
{"op":"mcm","clk":"11909903991","pt":1724424190490,"mc":[{"id":"1.231851276","rc":[{"ltp":233.5,"id":15316}]}]}
{"op":"mcm","clk":"11909909572","pt":1724424250159,"mc":[{"id":"1.231851276","rc":[{"ltp":236.5,"id":15316}]}]}
{"op":"mcm","clk":"11909927559","pt":1724424430490,"mc":[{"id":"1.231851276","rc":[{"ltp":237.5,"id":15316}]}]}
{"op":"mcm","clk":"11909933492","pt":1724424490211,"mc":[{"id":"1.231851276","rc":[{"ltp":238.5,"id":15316}]}]}
{"op":"mcm","clk":"11909939250","pt":1724424549281,"mc":[{"id":"1.231851276","rc":[{"ltp":239.5,"id":15316}]}]}
{"op":"mcm","clk":"11909950961","pt":1724424669805,"mc":[{"id":"1.231851276","rc":[{"ltp":240.5,"id":15316}]}]}
{"op":"mcm","clk":"11909956169","pt":1724424728773,"mc":[{"id":"1.231851276","rc":[{"ltp":241.5,"id":15316}]}]}
{"op":"mcm","clk":"11909961833","pt":1724424790153,"mc":[{"id":"1.231851276","rc":[{"ltp":208.5,"id":15316}]}]}
{"op":"mcm","clk":"11909967339","pt":1724424850341,"mc":[{"id":"1.231851276","rc":[{"ltp":204.5,"id":15316}]}]}
{"op":"mcm","clk":"11909973155","pt":1724424910491,"mc":[{"id":"1.231851276","rc":[{"ltp":210.5,"id":15316}]}]}
{"op":"mcm","clk":"11910001016","pt":1724425210060,"mc":[{"id":"1.231851276","rc":[{"ltp":204.5,"id":15316}]}]}
{"op":"mcm","clk":"11910043200","pt":1724425569504,"mc":[{"id":"1.231851276","rc":[{"ltp":207.5,"id":15316}]}]}
{"op":"mcm","clk":"11910050968","pt":1724425629491,"mc":[{"id":"1.231851276","rc":[{"ltp":209.5,"id":15316}]}]}
{"op":"mcm","clk":"11910059159","pt":1724425689185,"mc":[{"id":"1.231851276","rc":[{"ltp":211.5,"id":15316}]}]}
{"op":"mcm","clk":"11910073934","pt":1724425810475,"mc":[{"id":"1.231851276","rc":[{"ltp":215.5,"id":15316}]}]}
{"op":"mcm","clk":"11910080825","pt":1724425869635,"mc":[{"id":"1.231851276","rc":[{"ltp":219.5,"id":15316}]}]}
{"op":"mcm","clk":"11910116613","pt":1724426050272,"mc":[{"id":"1.231851276","rc":[{"ltp":222.5,"id":15316}]}]}
{"op":"mcm","clk":"11910196214","pt":1724426768457,"mc":[{"id":"1.231851276","rc":[{"ltp":223.5,"id":15316}]}]}
{"op":"mcm","clk":"11910226739","pt":1724427009369,"mc":[{"id":"1.231851276","rc":[{"ltp":221.5,"id":15316}]}]}
{"op":"mcm","clk":"11910234592","pt":1724427069265,"mc":[{"id":"1.231851276","rc":[{"ltp":223.5,"id":15316}]}]}
{"op":"mcm","clk":"11910250225","pt":1724427190120,"mc":[{"id":"1.231851276","rc":[{"ltp":221.5,"id":15316}]}]}
{"op":"mcm","clk":"11910273275","pt":1724427367772,"mc":[{"id":"1.231851276","rc":[{"ltp":223.5,"id":15316}]}]}
{"op":"mcm","clk":"11910296751","pt":1724427550418,"mc":[{"id":"1.231851276","rc":[{"ltp":227.5,"id":15316}]}]}
{"op":"mcm","clk":"11910304624","pt":1724427609185,"mc":[{"id":"1.231851276","rc":[{"ltp":228.5,"id":15316}]}]}
{"op":"mcm","clk":"11910320387","pt":1724427729848,"mc":[{"id":"1.231851276","rc":[{"ltp":230.5,"id":15316}]}]}
{"op":"mcm","clk":"11910337161","pt":1724427850227,"mc":[{"id":"1.231851276","rc":[{"ltp":229.5,"id":15316}]}]}
{"op":"mcm","clk":"11910361606","pt":1724428030360,"mc":[{"id":"1.231851276","rc":[{"ltp":239.5,"id":15316}]}]}
{"op":"mcm","clk":"11910376214","pt":1724428149718,"mc":[{"id":"1.231851276","rc":[{"ltp":189.5,"id":15316}]}]}
{"op":"mcm","clk":"11910405375","pt":1724428390089,"mc":[{"id":"1.231851276","rc":[{"ltp":232.5,"id":15316}]}]}
{"op":"mcm","clk":"11910412467","pt":1724428448471,"mc":[{"id":"1.231851276","rc":[{"ltp":233.5,"id":15316}]}]}
{"op":"mcm","clk":"11910443640","pt":1724428690012,"mc":[{"id":"1.231851276","rc":[{"ltp":237.5,"id":15316}]}]}
{"op":"mcm","clk":"11910459646","pt":1724428810141,"mc":[{"id":"1.231851276","rc":[{"ltp":232.5,"id":15316}]}]}
{"op":"mcm","clk":"11910468983","pt":1724428870471,"mc":[{"id":"1.231851276","rc":[{"ltp":233.5,"id":15316}]}]}
{"op":"mcm","clk":"11910510431","pt":1724429107575,"mc":[{"id":"1.231851276","rc":[{"ltp":238.5,"id":15316}]}]}
{"op":"mcm","clk":"11910544212","pt":1724429290324,"mc":[{"id":"1.231851276","rc":[{"ltp":235.5,"id":15316}]}]}
{"op":"mcm","clk":"11910565183","pt":1724429410371,"mc":[{"id":"1.231851276","rc":[{"ltp":239.5,"id":15316}]}]}
{"op":"mcm","clk":"11910588868","pt":1724429530414,"mc":[{"id":"1.231851276","rc":[{"ltp":238.5,"id":15316}]}]}
{"op":"mcm","clk":"11910599784","pt":1724429589682,"mc":[{"id":"1.231851276","rc":[{"ltp":243.5,"id":15316}]}]}
{"op":"mcm","clk":"11910620911","pt":1724429710036,"mc":[{"id":"1.231851276","rc":[{"ltp":248.5,"id":15316}]}]}
{"op":"mcm","clk":"11910642523","pt":1724429830479,"mc":[{"id":"1.231851276","rc":[{"ltp":252.5,"id":15316}]}]}
{"op":"mcm","clk":"11910707925","pt":1724430189581,"mc":[{"id":"1.231851276","rc":[{"ltp":253.5,"id":15316}]}]}
{"op":"mcm","clk":"11910729063","pt":1724430310481,"mc":[{"id":"1.231851276","rc":[{"ltp":255.5,"id":15316}]}]}
{"op":"mcm","clk":"11910749368","pt":1724430427014,"mc":[{"id":"1.231851276","rc":[{"ltp":252.5,"id":15316}]}]}
{"op":"mcm","clk":"11910760172","pt":1724430489727,"mc":[{"id":"1.231851276","rc":[{"ltp":257.5,"id":15316}]}]}
{"op":"mcm","clk":"11910781203","pt":1724430609860,"mc":[{"id":"1.231851276","rc":[{"ltp":258.5,"id":15316}]}]}
{"op":"mcm","clk":"11910814888","pt":1724430790125,"mc":[{"id":"1.231851276","rc":[{"ltp":260.5,"id":15316}]}]}
{"op":"mcm","clk":"11910837813","pt":1724430910489,"mc":[{"id":"1.231851276","rc":[{"ltp":262.5,"id":15316}]}]}
{"op":"mcm","clk":"11910883178","pt":1724431150275,"mc":[{"id":"1.231851276","rc":[{"ltp":269.5,"id":15316}]}]}
{"op":"mcm","clk":"11910894520","pt":1724431210360,"mc":[{"id":"1.231851276","rc":[{"ltp":266.5,"id":15316}]}]}
{"op":"mcm","clk":"11910947348","pt":1724431389528,"mc":[{"id":"1.231851276","rc":[{"ltp":272.5,"id":15316}]}]}
{"op":"mcm","clk":"11910968326","pt":1724431508600,"mc":[{"id":"1.231851276","rc":[{"ltp":267.5,"id":15316}]}]}
{"op":"mcm","clk":"11910979734","pt":1724431570192,"mc":[{"id":"1.231851276","rc":[{"ltp":272.5,"id":15316}]}]}
{"op":"mcm","clk":"11911002403","pt":1724431690347,"mc":[{"id":"1.231851276","rc":[{"ltp":271.5,"id":15316}]}]}
{"op":"mcm","clk":"11911013279","pt":1724431750383,"mc":[{"id":"1.231851276","rc":[{"ltp":275.5,"id":15316}]}]}
{"op":"mcm","clk":"11911024597","pt":1724431810284,"mc":[{"id":"1.231851276","rc":[{"ltp":273.5,"id":15316}]}]}
{"op":"mcm","clk":"11911034690","pt":1724431870001,"mc":[{"id":"1.231851276","rc":[{"ltp":275.5,"id":15316}]}]}
{"op":"mcm","clk":"11911044489","pt":1724431929470,"mc":[{"id":"1.231851276","rc":[{"ltp":273.5,"id":15316}]}]}
{"op":"mcm","clk":"11911063907","pt":1724432049020,"mc":[{"id":"1.231851276","rc":[{"ltp":269.5,"id":15316}]}]}
{"op":"mcm","clk":"11911073611","pt":1724432109647,"mc":[{"id":"1.231851276","rc":[{"ltp":268.5,"id":15316}]}]}
{"op":"mcm","clk":"11911092353","pt":1724432230140,"mc":[{"id":"1.231851276","rc":[{"ltp":269.5,"id":15316}]}]}
{"op":"mcm","clk":"11911101474","pt":1724432290399,"mc":[{"id":"1.231851276","rc":[{"ltp":272.5,"id":15316}]}]}
{"op":"mcm","clk":"11911121224","pt":1724432410350,"mc":[{"id":"1.231851276","rc":[{"ltp":276.5,"id":15316}]}]}
{"op":"mcm","clk":"11911132274","pt":1724432470268,"mc":[{"id":"1.231851276","rc":[{"ltp":279.5,"id":15316}]}]}
{"op":"mcm","clk":"11911154046","pt":1724432589822,"mc":[{"id":"1.231851276","rc":[{"ltp":280.5,"id":15316}]}]}
{"op":"mcm","clk":"11911175580","pt":1724432709187,"mc":[{"id":"1.231851276","rc":[{"ltp":209.5,"id":15316}]}]}
{"op":"mcm","clk":"11911187014","pt":1724432769910,"mc":[{"id":"1.231851276","rc":[{"ltp":279.5,"id":15316}]}]}
{"op":"mcm","clk":"11911198264","pt":1724432830137,"mc":[{"id":"1.231851276","rc":[{"ltp":281.5,"id":15316}]}]}
{"op":"mcm","clk":"11911209985","pt":1724432890132,"mc":[{"id":"1.231851276","rc":[{"ltp":280.5,"id":15316}]}]}
{"op":"mcm","clk":"11911221081","pt":1724432949573,"mc":[{"id":"1.231851276","rc":[{"ltp":277.5,"id":15316}]}]}
{"op":"mcm","clk":"11911232846","pt":1724433010388,"mc":[{"id":"1.231851276","rc":[{"ltp":276.5,"id":15316}]}]}
{"op":"mcm","clk":"11911244779","pt":1724433070444,"mc":[{"id":"1.231851276","rc":[{"ltp":278.5,"id":15316}]}]}
{"op":"mcm","clk":"11911257469","pt":1724433130422,"mc":[{"id":"1.231851276","rc":[{"ltp":282.5,"id":15316}]}]}
{"op":"mcm","clk":"11911295729","pt":1724433309710,"mc":[{"id":"1.231851276","rc":[{"ltp":280.5,"id":15316}]}]}
{"op":"mcm","clk":"11911309901","pt":1724433370063,"mc":[{"id":"1.231851276","rc":[{"ltp":272.5,"id":15316}]}]}
{"op":"mcm","clk":"11911323024","pt":1724433429775,"mc":[{"id":"1.231851276","rc":[{"ltp":250.5,"id":15316}]}]}
{"op":"mcm","clk":"11911348894","pt":1724433550015,"mc":[{"id":"1.231851276","rc":[{"ltp":229.5,"id":15316}]}]}
{"op":"mcm","clk":"11911362332","pt":1724433610300,"mc":[{"id":"1.231851276","rc":[{"ltp":240.5,"id":15316}]}]}
{"op":"mcm","clk":"11911374947","pt":1724433668627,"mc":[{"id":"1.231851276","rc":[{"ltp":251.5,"id":15316}]}]}
{"op":"mcm","clk":"11911387063","pt":1724433730260,"mc":[{"id":"1.231851276","rc":[{"ltp":246.5,"id":15316}]}]}
{"op":"mcm","clk":"11911398519","pt":1724433790118,"mc":[{"id":"1.231851276","rc":[{"ltp":250.5,"id":15316}]}]}
{"op":"mcm","clk":"11911410696","pt":1724433850067,"mc":[{"id":"1.231851276","rc":[{"ltp":252.5,"id":15316}]}]}
{"op":"mcm","clk":"11911422423","pt":1724433910422,"mc":[{"id":"1.231851276","rc":[{"ltp":246.5,"id":15316}]}]}
{"op":"mcm","clk":"11911434329","pt":1724433970296,"mc":[{"id":"1.231851276","rc":[{"ltp":254.5,"id":15316}]}]}
{"op":"mcm","clk":"11911445676","pt":1724434030067,"mc":[{"id":"1.231851276","rc":[{"ltp":241.5,"id":15316}]}]}
{"op":"mcm","clk":"11911457353","pt":1724434090174,"mc":[{"id":"1.231851276","rc":[{"ltp":258.5,"id":15316}]}]}
{"op":"mcm","clk":"11911468722","pt":1724434150226,"mc":[{"id":"1.231851276","rc":[{"ltp":256.5,"id":15316}]}]}
{"op":"mcm","clk":"11911505822","pt":1724434329153,"mc":[{"id":"1.231851276","rc":[{"ltp":257.5,"id":15316}]}]}
{"op":"mcm","clk":"11911545000","pt":1724434509808,"mc":[{"id":"1.231851276","rc":[{"ltp":263.5,"id":15316}]}]}
{"op":"mcm","clk":"11911558324","pt":1724434569646,"mc":[{"id":"1.231851276","rc":[{"ltp":262.5,"id":15316}]}]}
{"op":"mcm","clk":"11911600167","pt":1724434749828,"mc":[{"id":"1.231851276","rc":[{"ltp":263.5,"id":15316}]}]}
{"op":"mcm","clk":"11911626985","pt":1724434868901,"mc":[{"id":"1.231851276","rc":[{"ltp":262.5,"id":15316}]}]}
{"op":"mcm","clk":"11911640819","pt":1724434930187,"mc":[{"id":"1.231851276","rc":[{"ltp":264.5,"id":15316}]}]}
{"op":"mcm","clk":"11911667737","pt":1724435049992,"mc":[{"id":"1.231851276","rc":[{"ltp":266.5,"id":15316}]}]}
{"op":"mcm","clk":"11911681714","pt":1724435110478,"mc":[{"id":"1.231851276","rc":[{"ltp":254.5,"id":15316}]}]}
{"op":"mcm","clk":"11911695296","pt":1724435170137,"mc":[{"id":"1.231851276","rc":[{"ltp":238.5,"id":15316}]}]}
{"op":"mcm","clk":"11911709583","pt":1724435230353,"mc":[{"id":"1.231851276","rc":[{"ltp":249.5,"id":15316}]}]}
{"op":"mcm","clk":"11911736541","pt":1724435349992,"mc":[{"id":"1.231851276","rc":[{"ltp":254.5,"id":15316}]}]}
{"op":"mcm","clk":"11911763939","pt":1724435470253,"mc":[{"id":"1.231851276","rc":[{"ltp":255.5,"id":15316}]}]}
{"op":"mcm","clk":"11911777447","pt":1724435529592,"mc":[{"id":"1.231851276","rc":[{"ltp":259.5,"id":15316}]}]}
{"op":"mcm","clk":"11911790225","pt":1724435589715,"mc":[{"id":"1.231851276","rc":[{"ltp":262.5,"id":15316}]}]}
{"op":"mcm","clk":"11911861227","pt":1724435949317,"mc":[{"id":"1.231851276","rc":[{"ltp":264.5,"id":15316}]}]}
{"op":"mcm","clk":"11911873490","pt":1724436010233,"mc":[{"id":"1.231851276","rc":[{"ltp":266.5,"id":15316}]}]}
{"op":"mcm","clk":"11911900906","pt":1724436130312,"mc":[{"id":"1.231851276","rc":[{"ltp":267.5,"id":15316}]}]}
{"op":"mcm","clk":"11911916206","pt":1724436190175,"mc":[{"id":"1.231851276","rc":[{"ltp":268.5,"id":15316}]}]}
{"op":"mcm","clk":"11911932168","pt":1724436250417,"mc":[{"id":"1.231851276","rc":[{"ltp":271.5,"id":15316}]}]}
{"op":"mcm","clk":"11911979647","pt":1724436425774,"mc":[{"id":"1.231851276","marketDefinition":{"bspMarket":false,"turnInPlayEnabled":true,"persistenceEnabled":true,"marketBaseRate":5.0,"eventId":"33497872","eventTypeId":"4","numberOfWinners":0,"bettingType":"LINE","marketType":"B_2ND_INN_RUNS_LINE","marketTime":"2024-08-24T10:00:00.000Z","suspendTime":"2024-08-24T10:00:00.000Z","bspReconciled":false,"complete":true,"inPlay":false,"crossMatching":false,"runnersVoidable":false,"numberOfActiveRunners":1,"betDelay":0,"status":"OPEN","runners":[{"status":"ACTIVE","sortPriority":1,"id":15316,"name":"Total Runs"}],"regulators":["MR_INT"],"countryCode":"GB","discountAllowed":true,"timezone":"GMT","openDate":"2024-08-24T10:00:00.000Z","version":6092872840,"name":"Sri Lanka 2nd Innings Runs Line","eventName":"England v Sri Lanka"},"rc":[{"ltp":268.5,"id":15316}]}]}
{"op":"mcm","clk":"11913495791","pt":1724441926983,"mc":[{"id":"1.231851276","rc":[{"ltp":271.5,"id":15316}]}]}
{"op":"mcm","clk":"11914323381","pt":1724450468047,"mc":[{"id":"1.231851276","rc":[{"ltp":267.5,"id":15316}]}]}
{"op":"mcm","clk":"11914352603","pt":1724451475090,"mc":[{"id":"1.231851276","rc":[{"ltp":269.5,"id":15316}]}]}
{"op":"mcm","clk":"11916457483","pt":1724478948686,"mc":[{"id":"1.231851276","rc":[{"ltp":267.5,"id":15316}]}]}
{"op":"mcm","clk":"11917366235","pt":1724490789706,"mc":[{"id":"1.231851276","rc":[{"ltp":264.5,"id":15316}]}]}
{"op":"mcm","clk":"11917419208","pt":1724491268778,"mc":[{"id":"1.231851276","rc":[{"ltp":269.5,"id":15316}]}]}
{"op":"mcm","clk":"11917425763","pt":1724491330393,"mc":[{"id":"1.231851276","rc":[{"ltp":270.5,"id":15316}]}]}
{"op":"mcm","clk":"11917458580","pt":1724491628342,"mc":[{"id":"1.231851276","rc":[{"ltp":266.5,"id":15316}]}]}
{"op":"mcm","clk":"11917582948","pt":1724492647706,"mc":[{"id":"1.231851276","rc":[{"ltp":269.5,"id":15316}]}]}
{"op":"mcm","clk":"11917689080","pt":1724493608776,"mc":[{"id":"1.231851276","marketDefinition":{"bspMarket":false,"turnInPlayEnabled":true,"persistenceEnabled":true,"marketBaseRate":5.0,"eventId":"33497872","eventTypeId":"4","numberOfWinners":0,"bettingType":"LINE","marketType":"B_2ND_INN_RUNS_LINE","marketTime":"2024-08-24T10:00:00.000Z","suspendTime":"2024-08-24T10:00:00.000Z","bspReconciled":false,"complete":true,"inPlay":true,"crossMatching":false,"runnersVoidable":false,"numberOfActiveRunners":1,"betDelay":3,"status":"OPEN","runners":[{"status":"ACTIVE","sortPriority":1,"id":15316,"name":"Total Runs"}],"regulators":["MR_INT"],"countryCode":"GB","discountAllowed":true,"timezone":"GMT","openDate":"2024-08-24T10:00:00.000Z","version":6094211584,"name":"Sri Lanka 2nd Innings Runs Line","eventName":"England v Sri Lanka"},"rc":[{"ltp":271.5,"id":15316}]}]}
{"op":"mcm","clk":"11917709836","pt":1724493790486,"mc":[{"id":"1.231851276","rc":[{"ltp":269.5,"id":15316}]}]}
{"op":"mcm","clk":"11917717807","pt":1724493850282,"mc":[{"id":"1.231851276","rc":[{"ltp":274.5,"id":15316}]}]}
{"op":"mcm","clk":"11917726684","pt":1724493909885,"mc":[{"id":"1.231851276","rc":[{"ltp":275.5,"id":15316}]}]}
{"op":"mcm","clk":"11917735121","pt":1724493969646,"mc":[{"id":"1.231851276","rc":[{"ltp":276.5,"id":15316}]}]}
{"op":"mcm","clk":"11917774302","pt":1724494210409,"mc":[{"id":"1.231851276","rc":[{"ltp":279.5,"id":15316}]}]}
{"op":"mcm","clk":"11917794504","pt":1724494330396,"mc":[{"id":"1.231851276","rc":[{"ltp":281.5,"id":15316}]}]}
{"op":"mcm","clk":"11917814219","pt":1724494449771,"mc":[{"id":"1.231851276","rc":[{"ltp":283.5,"id":15316}]}]}
{"op":"mcm","clk":"11917834594","pt":1724494570064,"mc":[{"id":"1.231851276","rc":[{"ltp":285.5,"id":15316}]}]}
{"op":"mcm","clk":"11917854633","pt":1724494690491,"mc":[{"id":"1.231851276","rc":[{"ltp":286.5,"id":15316}]}]}
{"op":"mcm","clk":"11917864471","pt":1724494749662,"mc":[{"id":"1.231851276","rc":[{"ltp":283.5,"id":15316}]}]}
{"op":"mcm","clk":"11917894592","pt":1724494930441,"mc":[{"id":"1.231851276","rc":[{"ltp":285.5,"id":15316}]}]}
{"op":"mcm","clk":"11917904254","pt":1724494990206,"mc":[{"id":"1.231851276","rc":[{"ltp":286.5,"id":15316}]}]}
{"op":"mcm","clk":"11917913521","pt":1724495050366,"mc":[{"id":"1.231851276","rc":[{"ltp":290.5,"id":15316}]}]}
{"op":"mcm","clk":"11917923483","pt":1724495110463,"mc":[{"id":"1.231851276","rc":[{"ltp":292.5,"id":15316}]}]}
{"op":"mcm","clk":"11917933738","pt":1724495170145,"mc":[{"id":"1.231851276","rc":[{"ltp":294.5,"id":15316}]}]}
{"op":"mcm","clk":"11917943852","pt":1724495230426,"mc":[{"id":"1.231851276","rc":[{"ltp":300.5,"id":15316}]}]}
{"op":"mcm","clk":"11917954460","pt":1724495290399,"mc":[{"id":"1.231851276","rc":[{"ltp":301.5,"id":15316}]}]}
{"op":"mcm","clk":"11917965461","pt":1724495349981,"mc":[{"id":"1.231851276","rc":[{"ltp":303.5,"id":15316}]}]}
{"op":"mcm","clk":"11917975476","pt":1724495409726,"mc":[{"id":"1.231851276","rc":[{"ltp":304.5,"id":15316}]}]}
{"op":"mcm","clk":"11917986512","pt":1724495470486,"mc":[{"id":"1.231851276","rc":[{"ltp":305.5,"id":15316}]}]}
{"op":"mcm","clk":"11918038506","pt":1724495769956,"mc":[{"id":"1.231851276","rc":[{"ltp":307.5,"id":15316}]}]}
{"op":"mcm","clk":"11918048983","pt":1724495830395,"mc":[{"id":"1.231851276","rc":[{"ltp":311.5,"id":15316}]}]}
{"op":"mcm","clk":"11918059015","pt":1724495890447,"mc":[{"id":"1.231851276","rc":[{"ltp":317.5,"id":15316}]}]}
{"op":"mcm","clk":"11918068907","pt":1724495950407,"mc":[{"id":"1.231851276","rc":[{"ltp":318.5,"id":15316}]}]}
{"op":"mcm","clk":"11918089556","pt":1724496070476,"mc":[{"id":"1.231851276","rc":[{"ltp":321.5,"id":15316}]}]}
{"op":"mcm","clk":"11918100448","pt":1724496130327,"mc":[{"id":"1.231851276","rc":[{"ltp":319.5,"id":15316}]}]}
{"op":"mcm","clk":"11918129071","pt":1724496189874,"mc":[{"id":"1.231851276","rc":[{"ltp":325.5,"id":15316}]}]}
{"op":"mcm","clk":"11918149873","pt":1724496310401,"mc":[{"id":"1.231851276","rc":[{"ltp":326.5,"id":15316}]}]}
{"op":"mcm","clk":"11918159747","pt":1724496369373,"mc":[{"id":"1.231851276","rc":[{"ltp":327.5,"id":15316}]}]}
{"op":"mcm","clk":"11918170138","pt":1724496430483,"mc":[{"id":"1.231851276","rc":[{"ltp":326.5,"id":15316}]}]}
{"op":"mcm","clk":"11918179697","pt":1724496489994,"mc":[{"id":"1.231851276","rc":[{"ltp":327.5,"id":15316}]}]}
{"op":"mcm","clk":"11918190090","pt":1724496550406,"mc":[{"id":"1.231851276","rc":[{"ltp":328.5,"id":15316}]}]}
{"op":"mcm","clk":"11918208436","pt":1724496670400,"mc":[{"id":"1.231851276","rc":[{"ltp":330.5,"id":15316}]}]}
{"op":"mcm","clk":"11918225402","pt":1724496790457,"mc":[{"id":"1.231851276","rc":[{"ltp":334.5,"id":15316}]}]}
{"op":"mcm","clk":"11918232681","pt":1724496850317,"mc":[{"id":"1.231851276","rc":[{"ltp":335.5,"id":15316}]}]}
{"op":"mcm","clk":"11918240295","pt":1724496910428,"mc":[{"id":"1.231851276","rc":[{"ltp":336.5,"id":15316}]}]}
{"op":"mcm","clk":"11918248132","pt":1724496970284,"mc":[{"id":"1.231851276","rc":[{"ltp":338.5,"id":15316}]}]}
{"op":"mcm","clk":"11918255315","pt":1724497029452,"mc":[{"id":"1.231851276","rc":[{"ltp":340.5,"id":15316}]}]}
{"op":"mcm","clk":"11918271231","pt":1724497150455,"mc":[{"id":"1.231851276","rc":[{"ltp":347.5,"id":15316}]}]}
{"op":"mcm","clk":"11918289020","pt":1724497270286,"mc":[{"id":"1.231851276","rc":[{"ltp":346.5,"id":15316}]}]}
{"op":"mcm","clk":"11918298862","pt":1724497330350,"mc":[{"id":"1.231851276","rc":[{"ltp":347.5,"id":15316}]}]}
{"op":"mcm","clk":"11918308498","pt":1724497390300,"mc":[{"id":"1.231851276","rc":[{"ltp":349.5,"id":15316}]}]}
{"op":"mcm","clk":"11918327205","pt":1724497510328,"mc":[{"id":"1.231851276","rc":[{"ltp":348.5,"id":15316}]}]}
{"op":"mcm","clk":"11918345468","pt":1724497630269,"mc":[{"id":"1.231851276","rc":[{"ltp":349.5,"id":15316}]}]}
{"op":"mcm","clk":"11918355239","pt":1724497690461,"mc":[{"id":"1.231851276","rc":[{"ltp":352.5,"id":15316}]}]}
{"op":"mcm","clk":"11918365356","pt":1724497750450,"mc":[{"id":"1.231851276","rc":[{"ltp":353.5,"id":15316}]}]}
{"op":"mcm","clk":"11918375245","pt":1724497810413,"mc":[{"id":"1.231851276","rc":[{"ltp":351.5,"id":15316}]}]}
{"op":"mcm","clk":"11918385457","pt":1724497870427,"mc":[{"id":"1.231851276","rc":[{"ltp":353.5,"id":15316}]}]}
{"op":"mcm","clk":"11918416718","pt":1724498050342,"mc":[{"id":"1.231851276","rc":[{"ltp":354.5,"id":15316}]}]}
{"op":"mcm","clk":"11918426946","pt":1724498109567,"mc":[{"id":"1.231851276","rc":[{"ltp":355.5,"id":15316}]}]}
{"op":"mcm","clk":"11918438094","pt":1724498170052,"mc":[{"id":"1.231851276","rc":[{"ltp":356.5,"id":15316}]}]}
{"op":"mcm","clk":"11918484445","pt":1724498410384,"mc":[{"id":"1.231851276","rc":[{"ltp":358.5,"id":15316}]}]}
{"op":"mcm","clk":"11918495131","pt":1724498469631,"mc":[{"id":"1.231851276","rc":[{"ltp":359.5,"id":15316}]}]}
{"op":"mcm","clk":"11918505320","pt":1724498530332,"mc":[{"id":"1.231851276","rc":[{"ltp":360.5,"id":15316}]}]}
{"op":"mcm","clk":"11918524841","pt":1724498650473,"mc":[{"id":"1.231851276","rc":[{"ltp":364.5,"id":15316}]}]}
{"op":"mcm","clk":"11918534819","pt":1724498710416,"mc":[{"id":"1.231851276","rc":[{"ltp":363.5,"id":15316}]}]}
{"op":"mcm","clk":"11918554738","pt":1724498830471,"mc":[{"id":"1.231851276","rc":[{"ltp":359.5,"id":15316}]}]}
{"op":"mcm","clk":"11918564004","pt":1724498890247,"mc":[{"id":"1.231851276","rc":[{"ltp":363.5,"id":15316}]}]}
{"op":"mcm","clk":"11918754054","pt":1724499909425,"mc":[{"id":"1.231851276","rc":[{"ltp":360.5,"id":15316}]}]}
{"op":"mcm","clk":"11918775505","pt":1724500030080,"mc":[{"id":"1.231851276","rc":[{"ltp":359.5,"id":15316}]}]}
{"op":"mcm","clk":"11918797351","pt":1724500149874,"mc":[{"id":"1.231851276","rc":[{"ltp":358.5,"id":15316}]}]}
{"op":"mcm","clk":"11918828995","pt":1724500329485,"mc":[{"id":"1.231851276","rc":[{"ltp":361.5,"id":15316}]}]}
{"op":"mcm","clk":"11918838910","pt":1724500390227,"mc":[{"id":"1.231851276","rc":[{"ltp":360.5,"id":15316}]}]}
{"op":"mcm","clk":"11918886677","pt":1724500688892,"mc":[{"id":"1.231851276","rc":[{"ltp":359.5,"id":15316}]}]}
{"op":"mcm","clk":"11918916980","pt":1724500869733,"mc":[{"id":"1.231851276","rc":[{"ltp":361.5,"id":15316}]}]}
{"op":"mcm","clk":"11918949006","pt":1724501050382,"mc":[{"id":"1.231851276","rc":[{"ltp":363.5,"id":15316}]}]}
{"op":"mcm","clk":"11918959501","pt":1724501110100,"mc":[{"id":"1.231851276","rc":[{"ltp":362.5,"id":15316}]}]}
{"op":"mcm","clk":"11918970483","pt":1724501169788,"mc":[{"id":"1.231851276","rc":[{"ltp":365.5,"id":15316}]}]}
{"op":"mcm","clk":"11918982019","pt":1724501230230,"mc":[{"id":"1.231851276","rc":[{"ltp":364.5,"id":15316}]}]}
{"op":"mcm","clk":"11919005656","pt":1724501350249,"mc":[{"id":"1.231851276","rc":[{"ltp":366.5,"id":15316}]}]}
{"op":"mcm","clk":"11919028807","pt":1724501470142,"mc":[{"id":"1.231851276","rc":[{"ltp":368.5,"id":15316}]}]}
{"op":"mcm","clk":"11919070155","pt":1724501589975,"mc":[{"id":"1.231851276","rc":[{"ltp":369.5,"id":15316}]}]}
{"op":"mcm","clk":"11919082145","pt":1724501650280,"mc":[{"id":"1.231851276","rc":[{"ltp":370.5,"id":15316}]}]}
{"op":"mcm","clk":"11919129157","pt":1724501890340,"mc":[{"id":"1.231851276","rc":[{"ltp":369.5,"id":15316}]}]}
{"op":"mcm","clk":"11919229797","pt":1724502428511,"mc":[{"id":"1.231851276","rc":[{"ltp":370.5,"id":15316}]}]}
{"op":"mcm","clk":"11919276975","pt":1724502670348,"mc":[{"id":"1.231851276","rc":[{"ltp":369.5,"id":15316}]}]}
{"op":"mcm","clk":"11919336356","pt":1724502970183,"mc":[{"id":"1.231851276","rc":[{"ltp":370.5,"id":15316}]}]}
{"op":"mcm","clk":"11919406118","pt":1724503330446,"mc":[{"id":"1.231851276","rc":[{"ltp":372.5,"id":15316}]}]}
{"op":"mcm","clk":"11919515305","pt":1724503929838,"mc":[{"id":"1.231851276","rc":[{"ltp":370.5,"id":15316}]}]}
{"op":"mcm","clk":"11919552970","pt":1724504169343,"mc":[{"id":"1.231851276","rc":[{"ltp":369.5,"id":15316}]}]}
{"op":"mcm","clk":"11919563055","pt":1724504230120,"mc":[{"id":"1.231851276","rc":[{"ltp":370.5,"id":15316}]}]}
{"op":"mcm","clk":"11919593622","pt":1724504410392,"mc":[{"id":"1.231851276","rc":[{"ltp":372.5,"id":15316}]}]}
{"op":"mcm","clk":"11919604859","pt":1724504470366,"mc":[{"id":"1.231851276","rc":[{"ltp":375.5,"id":15316}]}]}
{"op":"mcm","clk":"11919627924","pt":1724504590406,"mc":[{"id":"1.231851276","rc":[{"ltp":381.5,"id":15316}]}]}
{"op":"mcm","clk":"11919641025","pt":1724504650480,"mc":[{"id":"1.231851276","rc":[{"ltp":386.5,"id":15316}]}]}
{"op":"mcm","clk":"11919654451","pt":1724504710283,"mc":[{"id":"1.231851276","rc":[{"ltp":382.5,"id":15316}]}]}
{"op":"mcm","clk":"11919681783","pt":1724504830044,"mc":[{"id":"1.231851276","rc":[{"ltp":386.5,"id":15316}]}]}
{"op":"mcm","clk":"11919695849","pt":1724504890430,"mc":[{"id":"1.231851276","rc":[{"ltp":385.5,"id":15316}]}]}
{"op":"mcm","clk":"11919710224","pt":1724504950382,"mc":[{"id":"1.231851276","rc":[{"ltp":372.5,"id":15316}]}]}
{"op":"mcm","clk":"11919724074","pt":1724505010473,"mc":[{"id":"1.231851276","rc":[{"ltp":361.5,"id":15316}]}]}
{"op":"mcm","clk":"11919737736","pt":1724505070325,"mc":[{"id":"1.231851276","rc":[{"ltp":355.5,"id":15316}]}]}
{"op":"mcm","clk":"11919751709","pt":1724505130413,"mc":[{"id":"1.231851276","rc":[{"ltp":357.5,"id":15316}]}]}
{"op":"mcm","clk":"11919781421","pt":1724505250426,"mc":[{"id":"1.231851276","rc":[{"ltp":362.5,"id":15316}]}]}
{"op":"mcm","clk":"11919795384","pt":1724505310448,"mc":[{"id":"1.231851276","rc":[{"ltp":361.5,"id":15316}]}]}
{"op":"mcm","clk":"11919837350","pt":1724505490079,"mc":[{"id":"1.231851276","rc":[{"ltp":363.5,"id":15316}]}]}
{"op":"mcm","clk":"11919878325","pt":1724505670330,"mc":[{"id":"1.231851276","rc":[{"ltp":368.5,"id":15316}]}]}
{"op":"mcm","clk":"11919892135","pt":1724505730360,"mc":[{"id":"1.231851276","rc":[{"ltp":369.5,"id":15316}]}]}
{"op":"mcm","clk":"11919919847","pt":1724505850178,"mc":[{"id":"1.231851276","rc":[{"ltp":349.5,"id":15316}]}]}
{"op":"mcm","clk":"11919933178","pt":1724505909872,"mc":[{"id":"1.231851276","rc":[{"ltp":348.5,"id":15316}]}]}
{"op":"mcm","clk":"11919946462","pt":1724505970001,"mc":[{"id":"1.231851276","rc":[{"ltp":349.5,"id":15316}]}]}
{"op":"mcm","clk":"11919959231","pt":1724506030176,"mc":[{"id":"1.231851276","rc":[{"ltp":341.5,"id":15316}]}]}
{"op":"mcm","clk":"11919971949","pt":1724506090157,"mc":[{"id":"1.231851276","rc":[{"ltp":333.5,"id":15316}]}]}
{"op":"mcm","clk":"11919984558","pt":1724506150417,"mc":[{"id":"1.231851276","rc":[{"ltp":335.5,"id":15316}]}]}
{"op":"mcm","clk":"11919997426","pt":1724506210420,"mc":[{"id":"1.231851276","rc":[{"ltp":336.5,"id":15316}]}]}
{"op":"mcm","clk":"11920011527","pt":1724506270224,"mc":[{"id":"1.231851276","rc":[{"ltp":334.5,"id":15316}]}]}
{"op":"mcm","clk":"11920080002","pt":1724506570219,"mc":[{"id":"1.231851276","marketDefinition":{"bspMarket":false,"turnInPlayEnabled":true,"persistenceEnabled":true,"marketBaseRate":5.0,"eventId":"33497872","eventTypeId":"4","numberOfWinners":0,"bettingType":"LINE","marketType":"B_2ND_INN_RUNS_LINE","marketTime":"2024-08-24T10:00:00.000Z","suspendTime":"2024-08-24T10:00:00.000Z","bspReconciled":false,"complete":true,"inPlay":true,"crossMatching":false,"runnersVoidable":false,"numberOfActiveRunners":1,"betDelay":3,"status":"SUSPENDED","runners":[{"status":"ACTIVE","sortPriority":1,"id":15316,"name":"Total Runs"}],"regulators":["MR_INT"],"countryCode":"GB","discountAllowed":true,"timezone":"GMT","openDate":"2024-08-24T10:00:00.000Z","version":6094987964,"name":"Sri Lanka 2nd Innings Runs Line","eventName":"England v Sri Lanka"}}]}
{"op":"mcm","clk":"11920146168","pt":1724506870478,"mc":[{"id":"1.231851276","marketDefinition":{"bspMarket":false,"turnInPlayEnabled":true,"persistenceEnabled":true,"marketBaseRate":5.0,"eventId":"33497872","eventTypeId":"4","numberOfWinners":0,"bettingType":"LINE","marketType":"B_2ND_INN_RUNS_LINE","marketTime":"2024-08-24T10:00:00.000Z","suspendTime":"2024-08-24T10:00:00.000Z","bspReconciled":false,"complete":true,"inPlay":true,"crossMatching":false,"runnersVoidable":false,"numberOfActiveRunners":0,"betDelay":3,"status":"CLOSED","settledTime":"2024-08-24T13:40:46.000Z","runners":[{"status":"WINNER","sortPriority":1,"id":15316,"name":"Total Runs"}],"regulators":["MR_INT"],"countryCode":"GB","discountAllowed":true,"timezone":"GMT","openDate":"2024-08-24T10:00:00.000Z","version":6095002845,"name":"Sri Lanka 2nd Innings Runs Line","eventName":"England v Sri Lanka"}}]}
