{"op":"mcm","clk":"11780531271","pt":1722763756307,"mc":[{"id":"1.231431378","marketDefinition":{"bspMarket":false,"turnInPlayEnabled":true,"persistenceEnabled":true,"marketBaseRate":5.0,"eventId":"33467053","eventTypeId":"4","numberOfWinners":1,"bettingType":"ODDS","marketType":"MATCH_ODDS","marketTime":"2024-08-06T10:30:00.000Z","suspendTime":"2024-08-06T10:30:00.000Z","bspReconciled":false,"complete":true,"inPlay":false,"crossMatching":true,"runnersVoidable":false,"numberOfActiveRunners":2,"betDelay":0,"status":"OPEN","runners":[{"status":"ACTIVE","sortPriority":1,"id":40296818,"name":"Manchester Originals W"},{"status":"ACTIVE","sortPriority":2,"id":40380901,"name":"Oval Invincibles W"}],"regulators":["MR_INT"],"countryCode":"GB","discountAllowed":true,"timezone":"GMT","openDate":"2024-08-06T10:30:00.000Z","version":6056056675,"name":"Match Odds","eventName":"Manchester Originals W v Oval Invincibles W"}}]}
{"op":"mcm","clk":"11786257951","pt":1722805551671,"mc":[{"id":"1.231431378","rc":[{"ltp":1.73,"id":40380901}]}]}
{"op":"mcm","clk":"11787032918","pt":1722821096737,"mc":[{"id":"1.231431378","rc":[{"ltp":1.3,"id":40296818}]}]}
{"op":"mcm","clk":"11787829458","pt":1722850092795,"mc":[{"id":"1.231431378","rc":[{"ltp":1.74,"id":40380901}]}]}
{"op":"mcm","clk":"11789218520","pt":1722871016460,"mc":[{"id":"1.231431378","rc":[{"ltp":2.34,"id":40296818}]}]}
{"op":"mcm","clk":"11789222508","pt":1722871064666,"mc":[{"id":"1.231431378","rc":[{"ltp":1.64,"id":40380901}]}]}
{"op":"mcm","clk":"11789955894","pt":1722878218169,"mc":[{"id":"1.231431378","rc":[{"ltp":1.69,"id":40380901}]}]}
{"op":"mcm","clk":"11790423708","pt":1722882331418,"mc":[{"id":"1.231431378","rc":[{"ltp":1.7,"id":40380901}]}]}
{"op":"mcm","clk":"11790687050","pt":1722884671507,"mc":[{"id":"1.231431378","rc":[{"ltp":1.72,"id":40380901},{"ltp":2.38,"id":40296818}]}]}
{"op":"mcm","clk":"11790809369","pt":1722885941371,"mc":[{"id":"1.231431378","rc":[{"ltp":1.7,"id":40380901}]}]}
{"op":"mcm","clk":"11791157278","pt":1722890591536,"mc":[{"id":"1.231431378","rc":[{"ltp":1.71,"id":40380901}]}]}
{"op":"mcm","clk":"11791166883","pt":1722890769994,"mc":[{"id":"1.231431378","rc":[{"ltp":1.7,"id":40380901}]}]}
{"op":"mcm","clk":"11791178520","pt":1722891010779,"mc":[{"id":"1.231431378","rc":[{"ltp":1.71,"id":40380901}]}]}
{"op":"mcm","clk":"11791182199","pt":1722891084107,"mc":[{"id":"1.231431378","rc":[{"ltp":2.42,"id":40296818}]}]}
{"op":"mcm","clk":"11791187285","pt":1722891192221,"mc":[{"id":"1.231431378","rc":[{"ltp":1.7,"id":40380901}]}]}
{"op":"mcm","clk":"11791190137","pt":1722891257354,"mc":[{"id":"1.231431378","rc":[{"ltp":1.71,"id":40380901}]}]}
{"op":"mcm","clk":"11791262409","pt":1722893158229,"mc":[{"id":"1.231431378","rc":[{"ltp":1.7,"id":40380901}]}]}
{"op":"mcm","clk":"11791283999","pt":1722893877583,"mc":[{"id":"1.231431378","rc":[{"ltp":1.68,"id":40380901}]}]}
{"op":"mcm","clk":"11791306723","pt":1722894621326,"mc":[{"id":"1.231431378","rc":[{"ltp":2.44,"id":40296818}]}]}
{"op":"mcm","clk":"11791328257","pt":1722895381642,"mc":[{"id":"1.231431378","rc":[{"ltp":1.67,"id":40380901}]}]}
{"op":"mcm","clk":"11791346694","pt":1722895984755,"mc":[{"id":"1.231431378","rc":[{"ltp":1.69,"id":40380901}]}]}
{"op":"mcm","clk":"11791365986","pt":1722896601797,"mc":[{"id":"1.231431378","rc":[{"ltp":1.7,"id":40380901},{"ltp":2.42,"id":40296818}]}]}
{"op":"mcm","clk":"11791400733","pt":1722897547274,"mc":[{"id":"1.231431378","rc":[{"ltp":1.69,"id":40380901}]}]}
{"op":"mcm","clk":"11791421300","pt":1722897942123,"mc":[{"id":"1.231431378","rc":[{"ltp":1.7,"id":40380901}]}]}
{"op":"mcm","clk":"11791492981","pt":1722899832680,"mc":[{"id":"1.231431378","rc":[{"ltp":1.68,"id":40380901}]}]}
{"op":"mcm","clk":"11791493491","pt":1722899847829,"mc":[{"id":"1.231431378","rc":[{"ltp":1.69,"id":40380901}]}]}
{"op":"mcm","clk":"11791526548","pt":1722900722745,"mc":[{"id":"1.231431378","rc":[{"ltp":1.7,"id":40380901}]}]}
{"op":"mcm","clk":"11791649738","pt":1722903432790,"mc":[{"id":"1.231431378","rc":[{"ltp":1.71,"id":40380901},{"ltp":2.4,"id":40296818}]}]}
{"op":"mcm","clk":"11791652990","pt":1722903488246,"mc":[{"id":"1.231431378","rc":[{"ltp":1.7,"id":40380901}]}]}
{"op":"mcm","clk":"11791726294","pt":1722904990716,"mc":[{"id":"1.231431378","rc":[{"ltp":1.71,"id":40380901}]}]}
{"op":"mcm","clk":"11791741611","pt":1722905349855,"mc":[{"id":"1.231431378","rc":[{"ltp":1.72,"id":40380901},{"ltp":2.38,"id":40296818}]}]}
{"op":"mcm","clk":"11791801233","pt":1722906705577,"mc":[{"id":"1.231431378","rc":[{"ltp":1.73,"id":40380901},{"ltp":2.36,"id":40296818}]}]}
{"op":"mcm","clk":"11791803473","pt":1722906746063,"mc":[{"id":"1.231431378","rc":[{"ltp":1.72,"id":40380901},{"ltp":2.38,"id":40296818}]}]}
{"op":"mcm","clk":"11791826251","pt":1722907126822,"mc":[{"id":"1.231431378","rc":[{"ltp":1.71,"id":40380901},{"ltp":2.4,"id":40296818}]}]}
{"op":"mcm","clk":"11791862259","pt":1722907749069,"mc":[{"id":"1.231431378","rc":[{"ltp":1.7,"id":40380901}]}]}
{"op":"mcm","clk":"11791882880","pt":1722908138809,"mc":[{"id":"1.231431378","rc":[{"ltp":2.42,"id":40296818}]}]}
{"op":"mcm","clk":"11791931902","pt":1722908922395,"mc":[{"id":"1.231431378","rc":[{"ltp":1.72,"id":40380901}]}]}
{"op":"mcm","clk":"11791934371","pt":1722908980548,"mc":[{"id":"1.231431378","rc":[{"ltp":1.7,"id":40380901}]}]}
{"op":"mcm","clk":"11791957599","pt":1722909552961,"mc":[{"id":"1.231431378","rc":[{"ltp":1.69,"id":40380901},{"ltp":2.44,"id":40296818}]}]}
{"op":"mcm","clk":"11791961569","pt":1722909671545,"mc":[{"id":"1.231431378","rc":[{"ltp":1.67,"id":40380901},{"ltp":2.48,"id":40296818}]}]}
{"op":"mcm","clk":"11792011248","pt":1722911080166,"mc":[{"id":"1.231431378","rc":[{"ltp":1.7,"id":40380901}]}]}
{"op":"mcm","clk":"11792022285","pt":1722911352445,"mc":[{"id":"1.231431378","rc":[{"ltp":1.67,"id":40380901}]}]}
{"op":"mcm","clk":"11792024364","pt":1722911407513,"mc":[{"id":"1.231431378","rc":[{"ltp":1.68,"id":40380901}]}]}
{"op":"mcm","clk":"11792096228","pt":1722913078393,"mc":[{"id":"1.231431378","rc":[{"ltp":1.69,"id":40380901}]}]}
{"op":"mcm","clk":"11792107508","pt":1722913398107,"mc":[{"id":"1.231431378","rc":[{"ltp":2.44,"id":40296818}]}]}
{"op":"mcm","clk":"11792126199","pt":1722913905418,"mc":[{"id":"1.231431378","rc":[{"ltp":1.71,"id":40380901},{"ltp":2.4,"id":40296818}]}]}
{"op":"mcm","clk":"11792141749","pt":1722914189057,"mc":[{"id":"1.231431378","rc":[{"ltp":2.42,"id":40296818}]}]}
{"op":"mcm","clk":"11792166134","pt":1722914892268,"mc":[{"id":"1.231431378","rc":[{"ltp":2.4,"id":40296818}]}]}
{"op":"mcm","clk":"11792168231","pt":1722914951442,"mc":[{"id":"1.231431378","rc":[{"ltp":1.69,"id":40380901}]}]}
{"op":"mcm","clk":"11792215978","pt":1722916263029,"mc":[{"id":"1.231431378","rc":[{"ltp":1.7,"id":40380901}]}]}
{"op":"mcm","clk":"11792238918","pt":1722916978333,"mc":[{"id":"1.231431378","rc":[{"ltp":1.69,"id":40380901}]}]}
{"op":"mcm","clk":"11792285035","pt":1722918526269,"mc":[{"id":"1.231431378","rc":[{"ltp":1.7,"id":40380901}]}]}
{"op":"mcm","clk":"11792287178","pt":1722918605236,"mc":[{"id":"1.231431378","rc":[{"ltp":1.67,"id":40380901},{"ltp":2.5,"id":40296818}]}]}
{"op":"mcm","clk":"11792288643","pt":1722918666558,"mc":[{"id":"1.231431378","rc":[{"ltp":1.68,"id":40380901}]}]}
{"op":"mcm","clk":"11792289968","pt":1722918719914,"mc":[{"id":"1.231431378","rc":[{"ltp":2.44,"id":40296818}]}]}
{"op":"mcm","clk":"11792387545","pt":1722922448672,"mc":[{"id":"1.231431378","rc":[{"ltp":1.67,"id":40380901},{"ltp":2.48,"id":40296818}]}]}
{"op":"mcm","clk":"11792388911","pt":1722922493444,"mc":[{"id":"1.231431378","rc":[{"ltp":1.68,"id":40380901},{"ltp":2.46,"id":40296818}]}]}
{"op":"mcm","clk":"11792399300","pt":1722922877853,"mc":[{"id":"1.231431378","rc":[{"ltp":2.44,"id":40296818}]}]}
{"op":"mcm","clk":"11792403333","pt":1722923085619,"mc":[{"id":"1.231431378","rc":[{"ltp":1.67,"id":40380901}]}]}
{"op":"mcm","clk":"11792430743","pt":1722924312180,"mc":[{"id":"1.231431378","rc":[{"ltp":2.46,"id":40296818}]}]}
{"op":"mcm","clk":"11792451376","pt":1722924910318,"mc":[{"id":"1.231431378","rc":[{"ltp":2.44,"id":40296818}]}]}
{"op":"mcm","clk":"11792459228","pt":1722925194674,"mc":[{"id":"1.231431378","rc":[{"ltp":1.69,"id":40380901}]}]}
{"op":"mcm","clk":"11792470913","pt":1722925665025,"mc":[{"id":"1.231431378","rc":[{"ltp":1.68,"id":40380901}]}]}
{"op":"mcm","clk":"11792491679","pt":1722926510049,"mc":[{"id":"1.231431378","rc":[{"ltp":1.69,"id":40380901}]}]}
{"op":"mcm","clk":"11792509534","pt":1722927131373,"mc":[{"id":"1.231431378","rc":[{"ltp":1.7,"id":40380901}]}]}
{"op":"mcm","clk":"11792517270","pt":1722927432966,"mc":[{"id":"1.231431378","rc":[{"ltp":1.67,"id":40380901},{"ltp":2.46,"id":40296818}]}]}
{"op":"mcm","clk":"11792530437","pt":1722928015811,"mc":[{"id":"1.231431378","rc":[{"ltp":1.68,"id":40380901}]}]}
{"op":"mcm","clk":"11792540673","pt":1722928382622,"mc":[{"id":"1.231431378","rc":[{"ltp":1.69,"id":40380901}]}]}
{"op":"mcm","clk":"11792544359","pt":1722928592881,"mc":[{"id":"1.231431378","rc":[{"ltp":2.44,"id":40296818}]}]}
{"op":"mcm","clk":"11792557474","pt":1722929172399,"mc":[{"id":"1.231431378","rc":[{"ltp":1.68,"id":40380901}]}]}
{"op":"mcm","clk":"11792578182","pt":1722930163704,"mc":[{"id":"1.231431378","rc":[{"ltp":1.69,"id":40380901}]}]}
{"op":"mcm","clk":"11792588194","pt":1722930297019,"mc":[{"id":"1.231431378","rc":[{"ltp":1.68,"id":40380901}]}]}
{"op":"mcm","clk":"11792591994","pt":1722930432470,"mc":[{"id":"1.231431378","rc":[{"ltp":1.69,"id":40380901}]}]}
{"op":"mcm","clk":"11792612351","pt":1722931319383,"mc":[{"id":"1.231431378","rc":[{"ltp":1.68,"id":40380901}]}]}
{"op":"mcm","clk":"11792614101","pt":1722931390938,"mc":[{"id":"1.231431378","rc":[{"ltp":1.69,"id":40380901}]}]}
{"op":"mcm","clk":"11792623842","pt":1722931933249,"mc":[{"id":"1.231431378","rc":[{"ltp":1.7,"id":40380901},{"ltp":2.46,"id":40296818}]}]}
{"op":"mcm","clk":"11792624987","pt":1722931985520,"mc":[{"id":"1.231431378","rc":[{"ltp":1.69,"id":40380901}]}]}
{"op":"mcm","clk":"11792626162","pt":1722932041977,"mc":[{"id":"1.231431378","rc":[{"ltp":2.44,"id":40296818}]}]}
{"op":"mcm","clk":"11792661899","pt":1722933247777,"mc":[{"id":"1.231431378","rc":[{"ltp":1.7,"id":40380901}]}]}
{"op":"mcm","clk":"11792667211","pt":1722933368742,"mc":[{"id":"1.231431378","rc":[{"ltp":2.42,"id":40296818}]}]}
{"op":"mcm","clk":"11792671208","pt":1722933492341,"mc":[{"id":"1.231431378","rc":[{"ltp":1.69,"id":40380901}]}]}
{"op":"mcm","clk":"11792672993","pt":1722933550289,"mc":[{"id":"1.231431378","rc":[{"ltp":1.7,"id":40380901}]}]}
{"op":"mcm","clk":"11792673612","pt":1722933568200,"mc":[{"id":"1.231431378","rc":[{"ltp":2.46,"id":40296818}]}]}
{"op":"mcm","clk":"11792677631","pt":1722933672206,"mc":[{"id":"1.231431378","rc":[{"ltp":1.69,"id":40380901}]}]}
{"op":"mcm","clk":"11792685322","pt":1722933861234,"mc":[{"id":"1.231431378","rc":[{"ltp":2.44,"id":40296818}]}]}
{"op":"mcm","clk":"11792692757","pt":1722934016026,"mc":[{"id":"1.231431378","rc":[{"ltp":2.46,"id":40296818}]}]}
{"op":"mcm","clk":"11792695097","pt":1722934066362,"mc":[{"id":"1.231431378","rc":[{"ltp":2.44,"id":40296818}]}]}
{"op":"mcm","clk":"11792704206","pt":1722934269581,"mc":[{"id":"1.231431378","rc":[{"ltp":1.68,"id":40380901}]}]}
{"op":"mcm","clk":"11792706750","pt":1722934326596,"mc":[{"id":"1.231431378","rc":[{"ltp":2.46,"id":40296818}]}]}
{"op":"mcm","clk":"11792714019","pt":1722934503852,"mc":[{"id":"1.231431378","rc":[{"ltp":2.44,"id":40296818}]}]}
{"op":"mcm","clk":"11792717637","pt":1722934572799,"mc":[{"id":"1.231431378","rc":[{"ltp":1.73,"id":40380901},{"ltp":2.36,"id":40296818}]}]}
{"op":"mcm","clk":"11792719817","pt":1722934630159,"mc":[{"id":"1.231431378","rc":[{"ltp":1.72,"id":40380901},{"ltp":2.38,"id":40296818}]}]}
{"op":"mcm","clk":"11792721455","pt":1722934686851,"mc":[{"id":"1.231431378","rc":[{"ltp":1.73,"id":40380901}]}]}
{"op":"mcm","clk":"11792722622","pt":1722934729619,"mc":[{"id":"1.231431378","rc":[{"ltp":2.36,"id":40296818}]}]}
{"op":"mcm","clk":"11792726586","pt":1722934857240,"mc":[{"id":"1.231431378","rc":[{"ltp":1.72,"id":40380901}]}]}
{"op":"mcm","clk":"11792729250","pt":1722934932056,"mc":[{"id":"1.231431378","rc":[{"ltp":1.73,"id":40380901},{"ltp":2.38,"id":40296818}]}]}
{"op":"mcm","clk":"11792738023","pt":1722935171312,"mc":[{"id":"1.231431378","rc":[{"ltp":1.72,"id":40380901}]}]}
{"op":"mcm","clk":"11792740427","pt":1722935226679,"mc":[{"id":"1.231431378","rc":[{"ltp":1.73,"id":40380901}]}]}
{"op":"mcm","clk":"11792762910","pt":1722935586420,"mc":[{"id":"1.231431378","rc":[{"ltp":1.74,"id":40380901},{"ltp":2.36,"id":40296818}]}]}
{"op":"mcm","clk":"11792770574","pt":1722935773207,"mc":[{"id":"1.231431378","rc":[{"ltp":2.34,"id":40296818}]}]}
{"op":"mcm","clk":"11792777498","pt":1722935948694,"mc":[{"id":"1.231431378","rc":[{"ltp":1.73,"id":40380901}]}]}
{"op":"mcm","clk":"11792781069","pt":1722936011264,"mc":[{"id":"1.231431378","rc":[{"ltp":1.74,"id":40380901}]}]}
{"op":"mcm","clk":"11792803447","pt":1722936488590,"mc":[{"id":"1.231431378","rc":[{"ltp":2.32,"id":40296818}]}]}
{"op":"mcm","clk":"11792818893","pt":1722936791033,"mc":[{"id":"1.231431378","rc":[{"ltp":1.75,"id":40380901}]}]}
{"op":"mcm","clk":"11792824942","pt":1722936911225,"mc":[{"id":"1.231431378","rc":[{"ltp":1.76,"id":40380901}]}]}
{"op":"mcm","clk":"11792827868","pt":1722936961636,"mc":[{"id":"1.231431378","rc":[{"ltp":1.75,"id":40380901}]}]}
{"op":"mcm","clk":"11792831587","pt":1722937027625,"mc":[{"id":"1.231431378","rc":[{"ltp":1.74,"id":40380901},{"ltp":2.34,"id":40296818}]}]}
{"op":"mcm","clk":"11792838407","pt":1722937152688,"mc":[{"id":"1.231431378","rc":[{"ltp":1.75,"id":40380901}]}]}
{"op":"mcm","clk":"11792841338","pt":1722937210132,"mc":[{"id":"1.231431378","rc":[{"ltp":2.32,"id":40296818}]}]}
{"op":"mcm","clk":"11792844052","pt":1722937267430,"mc":[{"id":"1.231431378","rc":[{"ltp":1.74,"id":40380901}]}]}
{"op":"mcm","clk":"11792870833","pt":1722937810971,"mc":[{"id":"1.231431378","rc":[{"ltp":2.34,"id":40296818}]}]}
{"op":"mcm","clk":"11792874496","pt":1722937869670,"mc":[{"id":"1.231431378","rc":[{"ltp":2.36,"id":40296818}]}]}
{"op":"mcm","clk":"11792878345","pt":1722937933241,"mc":[{"id":"1.231431378","rc":[{"ltp":1.77,"id":40380901},{"ltp":2.3,"id":40296818}]}]}
{"op":"mcm","clk":"11792882033","pt":1722937993106,"mc":[{"id":"1.231431378","rc":[{"ltp":1.76,"id":40380901}]}]}
{"op":"mcm","clk":"11792892128","pt":1722938169377,"mc":[{"id":"1.231431378","rc":[{"ltp":1.77,"id":40380901},{"ltp":2.28,"id":40296818}]}]}
{"op":"mcm","clk":"11792895474","pt":1722938233277,"mc":[{"id":"1.231431378","rc":[{"ltp":1.78,"id":40380901}]}]}
{"op":"mcm","clk":"11792898653","pt":1722938289733,"mc":[{"id":"1.231431378","rc":[{"ltp":1.77,"id":40380901}]}]}
{"op":"mcm","clk":"11792901913","pt":1722938350981,"mc":[{"id":"1.231431378","rc":[{"ltp":1.76,"id":40380901}]}]}
{"op":"mcm","clk":"11792906215","pt":1722938411135,"mc":[{"id":"1.231431378","rc":[{"ltp":2.3,"id":40296818}]}]}
{"op":"mcm","clk":"11792910299","pt":1722938472631,"mc":[{"id":"1.231431378","rc":[{"ltp":1.77,"id":40380901}]}]}
{"op":"mcm","clk":"11792917610","pt":1722938592031,"mc":[{"id":"1.231431378","rc":[{"ltp":1.72,"id":40380901},{"ltp":2.38,"id":40296818}]}]}
{"op":"mcm","clk":"11792921257","pt":1722938651988,"mc":[{"id":"1.231431378","rc":[{"ltp":1.69,"id":40380901},{"ltp":2.42,"id":40296818}]}]}
{"op":"mcm","clk":"11792924731","pt":1722938711957,"mc":[{"id":"1.231431378","rc":[{"ltp":1.7,"id":40380901},{"ltp":2.44,"id":40296818}]}]}
{"op":"mcm","clk":"11792928211","pt":1722938771231,"mc":[{"id":"1.231431378","rc":[{"ltp":2.42,"id":40296818}]}]}
{"op":"mcm","clk":"11792931690","pt":1722938828900,"mc":[{"id":"1.231431378","rc":[{"ltp":1.73,"id":40380901},{"ltp":2.34,"id":40296818}]}]}
{"op":"mcm","clk":"11792938787","pt":1722938952982,"mc":[{"id":"1.231431378","rc":[{"ltp":1.75,"id":40380901},{"ltp":2.3,"id":40296818}]}]}
{"op":"mcm","clk":"11792941848","pt":1722939012635,"mc":[{"id":"1.231431378","rc":[{"ltp":1.77,"id":40380901},{"ltp":2.28,"id":40296818}]}]}
{"op":"mcm","clk":"11792944851","pt":1722939073126,"mc":[{"id":"1.231431378","rc":[{"ltp":1.76,"id":40380901},{"ltp":2.3,"id":40296818}]}]}
{"op":"mcm","clk":"11792955311","pt":1722939252982,"mc":[{"id":"1.231431378","rc":[{"ltp":1.74,"id":40380901},{"ltp":2.32,"id":40296818}]}]}
{"op":"mcm","clk":"11792959494","pt":1722939313075,"mc":[{"id":"1.231431378","rc":[{"ltp":1.75,"id":40380901}]}]}
{"op":"mcm","clk":"11792967672","pt":1722939431302,"mc":[{"id":"1.231431378","rc":[{"ltp":1.78,"id":40380901},{"ltp":2.26,"id":40296818}]}]}
{"op":"mcm","clk":"11792972077","pt":1722939493070,"mc":[{"id":"1.231431378","rc":[{"ltp":1.79,"id":40380901},{"ltp":2.28,"id":40296818}]}]}
{"op":"mcm","clk":"11792976440","pt":1722939550986,"mc":[{"id":"1.231431378","rc":[{"ltp":2.26,"id":40296818}]}]}
{"op":"mcm","clk":"11792980297","pt":1722939612863,"mc":[{"id":"1.231431378","rc":[{"ltp":1.81,"id":40380901},{"ltp":2.22,"id":40296818}]}]}
{"op":"mcm","clk":"11792984046","pt":1722939672604,"mc":[{"id":"1.231431378","rc":[{"ltp":1.83,"id":40380901},{"ltp":2.2,"id":40296818}]}]}
{"op":"mcm","clk":"11792988287","pt":1722939732793,"mc":[{"id":"1.231431378","rc":[{"ltp":1.84,"id":40380901}]}]}
{"op":"mcm","clk":"11792992831","pt":1722939792978,"mc":[{"id":"1.231431378","rc":[{"ltp":1.83,"id":40380901},{"ltp":2.22,"id":40296818}]}]}
{"op":"mcm","clk":"11792997532","pt":1722939852870,"mc":[{"id":"1.231431378","rc":[{"ltp":1.82,"id":40380901},{"ltp":2.2,"id":40296818}]}]}
{"op":"mcm","clk":"11793001756","pt":1722939913109,"mc":[{"id":"1.231431378","rc":[{"ltp":1.8,"id":40380901},{"ltp":2.22,"id":40296818}]}]}
{"op":"mcm","clk":"11793006478","pt":1722939973212,"mc":[{"id":"1.231431378","rc":[{"ltp":1.79,"id":40380901},{"ltp":2.24,"id":40296818}]}]}
{"op":"mcm","clk":"11793010994","pt":1722940033292,"mc":[{"id":"1.231431378","rc":[{"ltp":2.26,"id":40296818}]}]}
{"op":"mcm","clk":"11793014714","pt":1722940092739,"mc":[{"id":"1.231431378","rc":[{"ltp":1.81,"id":40380901},{"ltp":2.22,"id":40296818}]}]}
{"op":"mcm","clk":"11793018698","pt":1722940153137,"mc":[{"id":"1.231431378","rc":[{"ltp":1.8,"id":40380901},{"ltp":2.24,"id":40296818}]}]}
{"op":"mcm","clk":"11793022832","pt":1722940212378,"mc":[{"id":"1.231431378","marketDefinition":{"bspMarket":false,"turnInPlayEnabled":true,"persistenceEnabled":true,"marketBaseRate":5.0,"eventId":"33467053","eventTypeId":"4","numberOfWinners":1,"bettingType":"ODDS","marketType":"MATCH_ODDS","marketTime":"2024-08-06T10:30:00.000Z","suspendTime":"2024-08-06T10:30:00.000Z","bspReconciled":false,"complete":true,"inPlay":true,"crossMatching":true,"runnersVoidable":false,"numberOfActiveRunners":2,"betDelay":5,"status":"OPEN","runners":[{"status":"ACTIVE","sortPriority":1,"id":40296818,"name":"Manchester Originals W"},{"status":"ACTIVE","sortPriority":2,"id":40380901,"name":"Oval Invincibles W"}],"regulators":["MR_INT"],"countryCode":"GB","discountAllowed":true,"timezone":"GMT","openDate":"2024-08-06T10:30:00.000Z","version":6059497451,"name":"Match Odds","eventName":"Manchester Originals W v Oval Invincibles W"},"rc":[{"ltp":1.74,"id":40380901},{"ltp":2.3,"id":40296818}]}]}
{"op":"mcm","clk":"11793026914","pt":1722940273151,"mc":[{"id":"1.231431378","rc":[{"ltp":1.78,"id":40380901},{"ltp":2.28,"id":40296818}]}]}
{"op":"mcm","clk":"11793030966","pt":1722940333295,"mc":[{"id":"1.231431378","rc":[{"ltp":1.83,"id":40380901},{"ltp":2.2,"id":40296818}]}]}
{"op":"mcm","clk":"11793034941","pt":1722940393209,"mc":[{"id":"1.231431378","rc":[{"ltp":1.85,"id":40380901},{"ltp":2.18,"id":40296818}]}]}
{"op":"mcm","clk":"11793039004","pt":1722940453036,"mc":[{"id":"1.231431378","rc":[{"ltp":1.8,"id":40380901},{"ltp":2.24,"id":40296818}]}]}
{"op":"mcm","clk":"11793043039","pt":1722940513193,"mc":[{"id":"1.231431378","rc":[{"ltp":1.84,"id":40380901},{"ltp":2.2,"id":40296818}]}]}
{"op":"mcm","clk":"11793047166","pt":1722940573192,"mc":[{"id":"1.231431378","rc":[{"ltp":1.81,"id":40380901}]}]}
{"op":"mcm","clk":"11793051939","pt":1722940633202,"mc":[{"id":"1.231431378","rc":[{"ltp":1.7,"id":40380901},{"ltp":2.4,"id":40296818}]}]}
{"op":"mcm","clk":"11793056105","pt":1722940693176,"mc":[{"id":"1.231431378","rc":[{"ltp":1.71,"id":40380901}]}]}
{"op":"mcm","clk":"11793060424","pt":1722940753225,"mc":[{"id":"1.231431378","rc":[{"ltp":1.75,"id":40380901},{"ltp":2.36,"id":40296818}]}]}
{"op":"mcm","clk":"11793065120","pt":1722940813194,"mc":[{"id":"1.231431378","rc":[{"ltp":1.8,"id":40380901},{"ltp":2.24,"id":40296818}]}]}
{"op":"mcm","clk":"11793069748","pt":1722940873293,"mc":[{"id":"1.231431378","rc":[{"ltp":1.82,"id":40380901},{"ltp":2.22,"id":40296818}]}]}
{"op":"mcm","clk":"11793074095","pt":1722940933262,"mc":[{"id":"1.231431378","rc":[{"ltp":2.02,"id":40380901},{"ltp":1.98,"id":40296818}]}]}
{"op":"mcm","clk":"11793085031","pt":1722940993287,"mc":[{"id":"1.231431378","rc":[{"ltp":2.0,"id":40380901},{"ltp":1.99,"id":40296818}]}]}
{"op":"mcm","clk":"11793089183","pt":1722941053278,"mc":[{"id":"1.231431378","rc":[{"ltp":2.12,"id":40380901},{"ltp":1.88,"id":40296818}]}]}
{"op":"mcm","clk":"11793094006","pt":1722941113039,"mc":[{"id":"1.231431378","rc":[{"ltp":1.99,"id":40380901},{"ltp":2.02,"id":40296818}]}]}
{"op":"mcm","clk":"11793098675","pt":1722941173274,"mc":[{"id":"1.231431378","rc":[{"ltp":1.93,"id":40380901},{"ltp":2.06,"id":40296818}]}]}
{"op":"mcm","clk":"11793103119","pt":1722941233150,"mc":[{"id":"1.231431378","rc":[{"ltp":2.08,"id":40380901},{"ltp":1.92,"id":40296818}]}]}
{"op":"mcm","clk":"11793107661","pt":1722941293273,"mc":[{"id":"1.231431378","rc":[{"ltp":2.28,"id":40380901},{"ltp":1.77,"id":40296818}]}]}
{"op":"mcm","clk":"11793112277","pt":1722941353137,"mc":[{"id":"1.231431378","rc":[{"ltp":2.4,"id":40380901},{"ltp":1.71,"id":40296818}]}]}
{"op":"mcm","clk":"11793116742","pt":1722941413201,"mc":[{"id":"1.231431378","rc":[{"ltp":2.46,"id":40380901},{"ltp":1.68,"id":40296818}]}]}
{"op":"mcm","clk":"11793120925","pt":1722941473292,"mc":[{"id":"1.231431378","rc":[{"ltp":2.48,"id":40380901},{"ltp":1.67,"id":40296818}]}]}
{"op":"mcm","clk":"11793124684","pt":1722941533278,"mc":[{"id":"1.231431378","rc":[{"ltp":2.6,"id":40380901},{"ltp":1.62,"id":40296818}]}]}
{"op":"mcm","clk":"11793128754","pt":1722941593237,"mc":[{"id":"1.231431378","rc":[{"ltp":2.68,"id":40380901},{"ltp":1.64,"id":40296818}]}]}
{"op":"mcm","clk":"11793132613","pt":1722941653131,"mc":[{"id":"1.231431378","rc":[{"ltp":2.5,"id":40380901},{"ltp":1.66,"id":40296818}]}]}
{"op":"mcm","clk":"11793136788","pt":1722941713235,"mc":[{"id":"1.231431378","rc":[{"ltp":2.74,"id":40380901},{"ltp":1.57,"id":40296818}]}]}
{"op":"mcm","clk":"11793141119","pt":1722941773251,"mc":[{"id":"1.231431378","rc":[{"ltp":2.26,"id":40380901},{"ltp":1.8,"id":40296818}]}]}
{"op":"mcm","clk":"11793145495","pt":1722941833230,"mc":[{"id":"1.231431378","rc":[{"ltp":2.22,"id":40380901},{"ltp":1.83,"id":40296818}]}]}
{"op":"mcm","clk":"11793150079","pt":1722941893246,"mc":[{"id":"1.231431378","rc":[{"ltp":2.42,"id":40380901},{"ltp":1.7,"id":40296818}]}]}
{"op":"mcm","clk":"11793154914","pt":1722941953189,"mc":[{"id":"1.231431378","rc":[{"ltp":2.36,"id":40380901},{"ltp":1.74,"id":40296818}]}]}
{"op":"mcm","clk":"11793159619","pt":1722942013292,"mc":[{"id":"1.231431378","rc":[{"ltp":2.42,"id":40380901},{"ltp":1.7,"id":40296818}]}]}
{"op":"mcm","clk":"11793163947","pt":1722942072944,"mc":[{"id":"1.231431378","rc":[{"ltp":2.4,"id":40380901}]}]}
{"op":"mcm","clk":"11793167699","pt":1722942133245,"mc":[{"id":"1.231431378","rc":[{"ltp":1.71,"id":40296818}]}]}
{"op":"mcm","clk":"11793171824","pt":1722942193231,"mc":[{"id":"1.231431378","rc":[{"ltp":2.38,"id":40380901}]}]}
{"op":"mcm","clk":"11793175945","pt":1722942253032,"mc":[{"id":"1.231431378","rc":[{"ltp":2.46,"id":40380901},{"ltp":1.68,"id":40296818}]}]}
{"op":"mcm","clk":"11793184990","pt":1722942373272,"mc":[{"id":"1.231431378","rc":[{"ltp":2.44,"id":40380901},{"ltp":1.7,"id":40296818}]}]}
{"op":"mcm","clk":"11793190178","pt":1722942433208,"mc":[{"id":"1.231431378","rc":[{"ltp":2.38,"id":40380901},{"ltp":1.71,"id":40296818}]}]}
{"op":"mcm","clk":"11793194669","pt":1722942493278,"mc":[{"id":"1.231431378","rc":[{"ltp":1.9,"id":40380901},{"ltp":2.14,"id":40296818}]}]}
{"op":"mcm","clk":"11793198773","pt":1722942553262,"mc":[{"id":"1.231431378","rc":[{"ltp":1.89,"id":40380901}]}]}
{"op":"mcm","clk":"11793203209","pt":1722942613271,"mc":[{"id":"1.231431378","rc":[{"ltp":1.86,"id":40380901},{"ltp":2.16,"id":40296818}]}]}
{"op":"mcm","clk":"11793207454","pt":1722942673237,"mc":[{"id":"1.231431378","rc":[{"ltp":1.87,"id":40380901},{"ltp":2.14,"id":40296818}]}]}
{"op":"mcm","clk":"11793211539","pt":1722942733225,"mc":[{"id":"1.231431378","rc":[{"ltp":1.88,"id":40380901},{"ltp":2.12,"id":40296818}]}]}
{"op":"mcm","clk":"11793216077","pt":1722942793285,"mc":[{"id":"1.231431378","rc":[{"ltp":1.62,"id":40380901},{"ltp":2.58,"id":40296818}]}]}
{"op":"mcm","clk":"11793220913","pt":1722942853271,"mc":[{"id":"1.231431378","rc":[{"ltp":1.69,"id":40380901},{"ltp":2.44,"id":40296818}]}]}
{"op":"mcm","clk":"11793225496","pt":1722942913218,"mc":[{"id":"1.231431378","rc":[{"ltp":1.73,"id":40380901},{"ltp":2.36,"id":40296818}]}]}
{"op":"mcm","clk":"11793229958","pt":1722942973227,"mc":[{"id":"1.231431378","rc":[{"ltp":1.71,"id":40380901},{"ltp":2.38,"id":40296818}]}]}
{"op":"mcm","clk":"11793234238","pt":1722943033292,"mc":[{"id":"1.231431378","rc":[{"ltp":1.72,"id":40380901},{"ltp":2.36,"id":40296818}]}]}
{"op":"mcm","clk":"11793238673","pt":1722943093276,"mc":[{"id":"1.231431378","rc":[{"ltp":1.76,"id":40380901},{"ltp":2.3,"id":40296818}]}]}
{"op":"mcm","clk":"11793243036","pt":1722943153125,"mc":[{"id":"1.231431378","rc":[{"ltp":1.73,"id":40380901},{"ltp":2.36,"id":40296818}]}]}
{"op":"mcm","clk":"11793247085","pt":1722943213213,"mc":[{"id":"1.231431378","rc":[{"ltp":1.81,"id":40380901},{"ltp":2.3,"id":40296818}]}]}
{"op":"mcm","clk":"11793251287","pt":1722943273209,"mc":[{"id":"1.231431378","rc":[{"ltp":1.66,"id":40380901},{"ltp":2.52,"id":40296818}]}]}
{"op":"mcm","clk":"11793255426","pt":1722943333266,"mc":[{"id":"1.231431378","rc":[{"ltp":1.68,"id":40380901},{"ltp":2.46,"id":40296818}]}]}
{"op":"mcm","clk":"11793259699","pt":1722943393212,"mc":[{"id":"1.231431378","rc":[{"ltp":1.69,"id":40380901},{"ltp":2.44,"id":40296818}]}]}
{"op":"mcm","clk":"11793268927","pt":1722943513282,"mc":[{"id":"1.231431378","rc":[{"ltp":1.7,"id":40380901}]}]}
{"op":"mcm","clk":"11793273931","pt":1722943573254,"mc":[{"id":"1.231431378","rc":[{"ltp":1.87,"id":40380901},{"ltp":2.14,"id":40296818}]}]}
{"op":"mcm","clk":"11793279414","pt":1722943633192,"mc":[{"id":"1.231431378","rc":[{"ltp":1.89,"id":40380901},{"ltp":2.12,"id":40296818}]}]}
{"op":"mcm","clk":"11793284722","pt":1722943693141,"mc":[{"id":"1.231431378","rc":[{"ltp":2.1,"id":40296818}]}]}
{"op":"mcm","clk":"11793289511","pt":1722943753256,"mc":[{"id":"1.231431378","rc":[{"ltp":1.9,"id":40380901},{"ltp":2.12,"id":40296818}]}]}
{"op":"mcm","clk":"11793294557","pt":1722943813201,"mc":[{"id":"1.231431378","rc":[{"ltp":2.06,"id":40380901},{"ltp":1.94,"id":40296818}]}]}
{"op":"mcm","clk":"11793300147","pt":1722943873281,"mc":[{"id":"1.231431378","rc":[{"ltp":1.94,"id":40380901},{"ltp":2.08,"id":40296818}]}]}
{"op":"mcm","clk":"11793305509","pt":1722943933275,"mc":[{"id":"1.231431378","rc":[{"ltp":1.88,"id":40380901},{"ltp":2.12,"id":40296818}]}]}
{"op":"mcm","clk":"11793310384","pt":1722943993271,"mc":[{"id":"1.231431378","rc":[{"ltp":1.85,"id":40380901},{"ltp":2.14,"id":40296818}]}]}
{"op":"mcm","clk":"11793315417","pt":1722944053267,"mc":[{"id":"1.231431378","rc":[{"ltp":1.84,"id":40380901},{"ltp":2.18,"id":40296818}]}]}
{"op":"mcm","clk":"11793320011","pt":1722944113104,"mc":[{"id":"1.231431378","rc":[{"ltp":1.9,"id":40380901},{"ltp":2.1,"id":40296818}]}]}
{"op":"mcm","clk":"11793328858","pt":1722944232897,"mc":[{"id":"1.231431378","rc":[{"ltp":1.92,"id":40380901},{"ltp":2.08,"id":40296818}]}]}
{"op":"mcm","clk":"11793333277","pt":1722944293284,"mc":[{"id":"1.231431378","rc":[{"ltp":1.84,"id":40380901},{"ltp":2.16,"id":40296818}]}]}
{"op":"mcm","clk":"11793337431","pt":1722944353285,"mc":[{"id":"1.231431378","rc":[{"ltp":1.88,"id":40380901},{"ltp":2.2,"id":40296818}]}]}
{"op":"mcm","clk":"11793341268","pt":1722944413230,"mc":[{"id":"1.231431378","rc":[{"ltp":1.87,"id":40380901},{"ltp":2.14,"id":40296818}]}]}
{"op":"mcm","clk":"11793344962","pt":1722944472908,"mc":[{"id":"1.231431378","rc":[{"ltp":1.88,"id":40380901},{"ltp":2.12,"id":40296818}]}]}
{"op":"mcm","clk":"11793348791","pt":1722944533249,"mc":[{"id":"1.231431378","rc":[{"ltp":1.87,"id":40380901}]}]}
{"op":"mcm","clk":"11793356982","pt":1722944652919,"mc":[{"id":"1.231431378","rc":[{"ltp":1.89,"id":40380901},{"ltp":2.14,"id":40296818}]}]}
{"op":"mcm","clk":"11793361251","pt":1722944712768,"mc":[{"id":"1.231431378","rc":[{"ltp":1.92,"id":40380901},{"ltp":2.1,"id":40296818}]}]}
{"op":"mcm","clk":"11793365510","pt":1722944773152,"mc":[{"id":"1.231431378","rc":[{"ltp":2.08,"id":40296818}]}]}
{"op":"mcm","clk":"11793370107","pt":1722944833201,"mc":[{"id":"1.231431378","rc":[{"ltp":1.91,"id":40380901},{"ltp":2.1,"id":40296818}]}]}
{"op":"mcm","clk":"11793375353","pt":1722944893226,"mc":[{"id":"1.231431378","rc":[{"ltp":1.89,"id":40380901}]}]}
{"op":"mcm","clk":"11793380545","pt":1722944953098,"mc":[{"id":"1.231431378","rc":[{"ltp":1.9,"id":40380901}]}]}
{"op":"mcm","clk":"11793385585","pt":1722945013221,"mc":[{"id":"1.231431378","rc":[{"ltp":1.91,"id":40380901}]}]}
{"op":"mcm","clk":"11793390634","pt":1722945073173,"mc":[{"id":"1.231431378","rc":[{"ltp":2.08,"id":40296818}]}]}
{"op":"mcm","clk":"11793395260","pt":1722945132735,"mc":[{"id":"1.231431378","rc":[{"ltp":1.92,"id":40380901},{"ltp":2.1,"id":40296818}]}]}
{"op":"mcm","clk":"11793399502","pt":1722945192725,"mc":[{"id":"1.231431378","rc":[{"ltp":1.94,"id":40380901},{"ltp":2.08,"id":40296818}]}]}
{"op":"mcm","clk":"11793403751","pt":1722945253193,"mc":[{"id":"1.231431378","rc":[{"ltp":1.95,"id":40380901},{"ltp":2.02,"id":40296818}]}]}
{"op":"mcm","clk":"11793407783","pt":1722945313251,"mc":[{"id":"1.231431378","rc":[{"ltp":2.12,"id":40380901},{"ltp":1.89,"id":40296818}]}]}
{"op":"mcm","clk":"11793411878","pt":1722945373214,"mc":[{"id":"1.231431378","rc":[{"ltp":2.16,"id":40380901},{"ltp":1.86,"id":40296818}]}]}
{"op":"mcm","clk":"11793415894","pt":1722945433219,"mc":[{"id":"1.231431378","rc":[{"ltp":2.12,"id":40380901},{"ltp":1.88,"id":40296818}]}]}
{"op":"mcm","clk":"11793419849","pt":1722945493198,"mc":[{"id":"1.231431378","rc":[{"ltp":1.92,"id":40380901},{"ltp":2.08,"id":40296818}]}]}
{"op":"mcm","clk":"11793423655","pt":1722945553168,"mc":[{"id":"1.231431378","rc":[{"ltp":1.85,"id":40380901},{"ltp":2.16,"id":40296818}]}]}
{"op":"mcm","clk":"11793427660","pt":1722945613117,"mc":[{"id":"1.231431378","rc":[{"ltp":1.83,"id":40380901},{"ltp":2.18,"id":40296818}]}]}
{"op":"mcm","clk":"11793431241","pt":1722945673252,"mc":[{"id":"1.231431378","rc":[{"ltp":1.66,"id":40380901},{"ltp":2.5,"id":40296818}]}]}
{"op":"mcm","clk":"11793434976","pt":1722945733292,"mc":[{"id":"1.231431378","rc":[{"ltp":1.67,"id":40380901},{"ltp":2.48,"id":40296818}]}]}
{"op":"mcm","clk":"11793438474","pt":1722945793294,"mc":[{"id":"1.231431378","rc":[{"ltp":1.73,"id":40380901},{"ltp":2.38,"id":40296818}]}]}
{"op":"mcm","clk":"11793442410","pt":1722945852982,"mc":[{"id":"1.231431378","rc":[{"ltp":1.79,"id":40380901},{"ltp":2.26,"id":40296818}]}]}
{"op":"mcm","clk":"11793446382","pt":1722945913226,"mc":[{"id":"1.231431378","rc":[{"ltp":1.66,"id":40380901},{"ltp":2.5,"id":40296818}]}]}
{"op":"mcm","clk":"11793454502","pt":1722946033267,"mc":[{"id":"1.231431378","rc":[{"ltp":1.69,"id":40380901},{"ltp":2.46,"id":40296818}]}]}
{"op":"mcm","clk":"11793458272","pt":1722946093289,"mc":[{"id":"1.231431378","rc":[{"ltp":1.73,"id":40380901},{"ltp":2.38,"id":40296818}]}]}
{"op":"mcm","clk":"11793461743","pt":1722946153289,"mc":[{"id":"1.231431378","rc":[{"ltp":1.6,"id":40380901},{"ltp":2.62,"id":40296818}]}]}
{"op":"mcm","clk":"11793465695","pt":1722946213278,"mc":[{"id":"1.231431378","rc":[{"ltp":1.67,"id":40380901},{"ltp":2.52,"id":40296818}]}]}
{"op":"mcm","clk":"11793469777","pt":1722946273292,"mc":[{"id":"1.231431378","rc":[{"ltp":1.6,"id":40380901},{"ltp":2.66,"id":40296818}]}]}
{"op":"mcm","clk":"11793473970","pt":1722946333240,"mc":[{"id":"1.231431378","rc":[{"ltp":1.63,"id":40380901},{"ltp":2.58,"id":40296818}]}]}
{"op":"mcm","clk":"11793484368","pt":1722946393232,"mc":[{"id":"1.231431378","rc":[{"ltp":1.67,"id":40380901},{"ltp":2.48,"id":40296818}]}]}
{"op":"mcm","clk":"11793488175","pt":1722946453249,"mc":[{"id":"1.231431378","rc":[{"ltp":1.74,"id":40380901},{"ltp":2.36,"id":40296818}]}]}
{"op":"mcm","clk":"11793491568","pt":1722946513238,"mc":[{"id":"1.231431378","rc":[{"ltp":1.71,"id":40380901},{"ltp":2.38,"id":40296818}]}]}
{"op":"mcm","clk":"11793495254","pt":1722946573219,"mc":[{"id":"1.231431378","rc":[{"ltp":1.68,"id":40380901},{"ltp":2.46,"id":40296818}]}]}
{"op":"mcm","clk":"11793498760","pt":1722946633173,"mc":[{"id":"1.231431378","rc":[{"ltp":1.67,"id":40380901},{"ltp":2.5,"id":40296818}]}]}
{"op":"mcm","clk":"11793502292","pt":1722946693269,"mc":[{"id":"1.231431378","rc":[{"ltp":1.55,"id":40380901},{"ltp":2.8,"id":40296818}]}]}
{"op":"mcm","clk":"11793508642","pt":1722946813261,"mc":[{"id":"1.231431378","rc":[{"ltp":1.56,"id":40380901},{"ltp":2.76,"id":40296818}]}]}
{"op":"mcm","clk":"11793512305","pt":1722946873259,"mc":[{"id":"1.231431378","rc":[{"ltp":1.53,"id":40380901},{"ltp":2.88,"id":40296818}]}]}
{"op":"mcm","clk":"11793515811","pt":1722946933218,"mc":[{"id":"1.231431378","rc":[{"ltp":1.54,"id":40380901},{"ltp":2.8,"id":40296818}]}]}
{"op":"mcm","clk":"11793519524","pt":1722946993139,"mc":[{"id":"1.231431378","rc":[{"ltp":1.56,"id":40380901},{"ltp":2.78,"id":40296818}]}]}
{"op":"mcm","clk":"11793523383","pt":1722947053222,"mc":[{"id":"1.231431378","rc":[{"ltp":1.48,"id":40380901},{"ltp":3.05,"id":40296818}]}]}
{"op":"mcm","clk":"11793527161","pt":1722947113291,"mc":[{"id":"1.231431378","rc":[{"ltp":1.73,"id":40380901},{"ltp":2.38,"id":40296818}]}]}
{"op":"mcm","clk":"11793531224","pt":1722947173262,"mc":[{"id":"1.231431378","rc":[{"ltp":1.72,"id":40380901}]}]}
{"op":"mcm","clk":"11793534874","pt":1722947233220,"mc":[{"id":"1.231431378","rc":[{"ltp":1.65,"id":40380901},{"ltp":2.54,"id":40296818}]}]}
{"op":"mcm","clk":"11793538628","pt":1722947293285,"mc":[{"id":"1.231431378","rc":[{"ltp":1.73,"id":40380901},{"ltp":2.3,"id":40296818}]}]}
{"op":"mcm","clk":"11793542352","pt":1722947353280,"mc":[{"id":"1.231431378","rc":[{"ltp":1.87,"id":40380901},{"ltp":2.16,"id":40296818}]}]}
{"op":"mcm","clk":"11793546432","pt":1722947413242,"mc":[{"id":"1.231431378","rc":[{"ltp":1.96,"id":40380901},{"ltp":2.02,"id":40296818}]}]}
{"op":"mcm","clk":"11793550678","pt":1722947473271,"mc":[{"id":"1.231431378","rc":[{"ltp":2.78,"id":40380901},{"ltp":1.55,"id":40296818}]}]}
{"op":"mcm","clk":"11793555127","pt":1722947533283,"mc":[{"id":"1.231431378","rc":[{"ltp":2.72,"id":40380901},{"ltp":1.58,"id":40296818}]}]}
{"op":"mcm","clk":"11793559359","pt":1722947593273,"mc":[{"id":"1.231431378","rc":[{"ltp":2.24,"id":40380901},{"ltp":1.82,"id":40296818}]}]}
{"op":"mcm","clk":"11793563520","pt":1722947653269,"mc":[{"id":"1.231431378","rc":[{"ltp":2.28,"id":40380901},{"ltp":1.77,"id":40296818}]}]}
{"op":"mcm","clk":"11793567472","pt":1722947713270,"mc":[{"id":"1.231431378","rc":[{"ltp":2.36,"id":40380901},{"ltp":1.73,"id":40296818}]}]}
{"op":"mcm","clk":"11793571346","pt":1722947773260,"mc":[{"id":"1.231431378","rc":[{"ltp":3.85,"id":40380901},{"ltp":1.35,"id":40296818}]}]}
{"op":"mcm","clk":"11793575267","pt":1722947833197,"mc":[{"id":"1.231431378","rc":[{"ltp":4.5,"id":40380901},{"ltp":1.29,"id":40296818}]}]}
{"op":"mcm","clk":"11793578964","pt":1722947893201,"mc":[{"id":"1.231431378","rc":[{"ltp":4.7,"id":40380901},{"ltp":1.27,"id":40296818}]}]}
{"op":"mcm","clk":"11793583035","pt":1722947953286,"mc":[{"id":"1.231431378","rc":[{"ltp":4.8,"id":40380901},{"ltp":1.26,"id":40296818}]}]}
{"op":"mcm","clk":"11793587028","pt":1722948013257,"mc":[{"id":"1.231431378","rc":[{"ltp":4.5,"id":40380901},{"ltp":1.28,"id":40296818}]}]}
{"op":"mcm","clk":"11793591125","pt":1722948073277,"mc":[{"id":"1.231431378","rc":[{"ltp":5.1,"id":40380901},{"ltp":1.24,"id":40296818}]}]}
{"op":"mcm","clk":"11793594721","pt":1722948133250,"mc":[{"id":"1.231431378","rc":[{"ltp":5.7,"id":40380901},{"ltp":1.21,"id":40296818}]}]}
{"op":"mcm","clk":"11793597913","pt":1722948193291,"mc":[{"id":"1.231431378","rc":[{"ltp":4.2,"id":40380901},{"ltp":1.32,"id":40296818}]}]}
{"op":"mcm","clk":"11793600793","pt":1722948253281,"mc":[{"id":"1.231431378","rc":[{"ltp":3.0,"id":40380901},{"ltp":1.49,"id":40296818}]}]}
{"op":"mcm","clk":"11793604125","pt":1722948313261,"mc":[{"id":"1.231431378","rc":[{"ltp":3.1,"id":40380901},{"ltp":1.47,"id":40296818}]}]}
{"op":"mcm","clk":"11793607829","pt":1722948373220,"mc":[{"id":"1.231431378","rc":[{"ltp":3.15,"id":40380901},{"ltp":1.46,"id":40296818}]}]}
{"op":"mcm","clk":"11793611923","pt":1722948433262,"mc":[{"id":"1.231431378","rc":[{"ltp":2.68,"id":40380901},{"ltp":1.6,"id":40296818}]}]}
{"op":"mcm","clk":"11793615402","pt":1722948493225,"mc":[{"id":"1.231431378","rc":[{"ltp":2.2,"id":40380901},{"ltp":1.81,"id":40296818}]}]}
{"op":"mcm","clk":"11793619317","pt":1722948553223,"mc":[{"id":"1.231431378","rc":[{"ltp":2.1,"id":40380901},{"ltp":1.9,"id":40296818}]}]}
{"op":"mcm","clk":"11793623589","pt":1722948613198,"mc":[{"id":"1.231431378","rc":[{"ltp":2.3,"id":40380901},{"ltp":1.79,"id":40296818}]}]}
{"op":"mcm","clk":"11793627823","pt":1722948673271,"mc":[{"id":"1.231431378","rc":[{"ltp":1.79,"id":40380901},{"ltp":2.28,"id":40296818}]}]}
{"op":"mcm","clk":"11793631598","pt":1722948733225,"mc":[{"id":"1.231431378","rc":[{"ltp":1.61,"id":40380901},{"ltp":2.68,"id":40296818}]}]}
{"op":"mcm","clk":"11793635408","pt":1722948793281,"mc":[{"id":"1.231431378","rc":[{"ltp":1.32,"id":40380901},{"ltp":4.1,"id":40296818}]}]}
{"op":"mcm","clk":"11793638965","pt":1722948853215,"mc":[{"id":"1.231431378","rc":[{"ltp":1.14,"id":40380901},{"ltp":8.0,"id":40296818}]}]}
{"op":"mcm","clk":"11793642436","pt":1722948913295,"mc":[{"id":"1.231431378","rc":[{"ltp":1.16,"id":40380901},{"ltp":7.4,"id":40296818}]}]}
{"op":"mcm","clk":"11793645702","pt":1722948973233,"mc":[{"id":"1.231431378","rc":[{"ltp":7.2,"id":40296818}]}]}
{"op":"mcm","clk":"11793649019","pt":1722949033295,"mc":[{"id":"1.231431378","rc":[{"ltp":1.19,"id":40380901},{"ltp":6.6,"id":40296818}]}]}
{"op":"mcm","clk":"11793652621","pt":1722949093201,"mc":[{"id":"1.231431378","rc":[{"ltp":1.16,"id":40380901},{"ltp":7.2,"id":40296818}]}]}
{"op":"mcm","clk":"11793656464","pt":1722949153248,"mc":[{"id":"1.231431378","rc":[{"ltp":1.06,"id":40380901},{"ltp":17.5,"id":40296818}]}]}
{"op":"mcm","clk":"11793659728","pt":1722949213228,"mc":[{"id":"1.231431378","rc":[{"ltp":1.07,"id":40380901},{"ltp":15.0,"id":40296818}]}]}
{"op":"mcm","clk":"11793663281","pt":1722949273210,"mc":[{"id":"1.231431378","rc":[{"ltp":1.04,"id":40380901},{"ltp":26.0,"id":40296818}]}]}
{"op":"mcm","clk":"11793669709","pt":1722949393242,"mc":[{"id":"1.231431378","rc":[{"ltp":1.01,"id":40380901},{"ltp":150.0,"id":40296818}]}]}
{"op":"mcm","clk":"11793672616","pt":1722949451044,"mc":[{"id":"1.231431378","marketDefinition":{"bspMarket":false,"turnInPlayEnabled":true,"persistenceEnabled":true,"marketBaseRate":5.0,"eventId":"33467053","eventTypeId":"4","numberOfWinners":1,"bettingType":"ODDS","marketType":"MATCH_ODDS","marketTime":"2024-08-06T10:30:00.000Z","suspendTime":"2024-08-06T10:30:00.000Z","bspReconciled":false,"complete":true,"inPlay":true,"crossMatching":true,"runnersVoidable":false,"numberOfActiveRunners":2,"betDelay":5,"status":"SUSPENDED","runners":[{"status":"ACTIVE","sortPriority":1,"id":40296818,"name":"Manchester Originals W"},{"status":"ACTIVE","sortPriority":2,"id":40380901,"name":"Oval Invincibles W"}],"regulators":["MR_INT"],"countryCode":"GB","discountAllowed":true,"timezone":"GMT","openDate":"2024-08-06T10:30:00.000Z","version":6059574167,"name":"Match Odds","eventName":"Manchester Originals W v Oval Invincibles W"},"rc":[{"ltp":1000.0,"id":40296818}]}]}
{"op":"mcm","clk":"11793683740","pt":1722949687582,"mc":[{"id":"1.231431378","marketDefinition":{"bspMarket":false,"turnInPlayEnabled":true,"persistenceEnabled":true,"marketBaseRate":5.0,"eventId":"33467053","eventTypeId":"4","numberOfWinners":1,"bettingType":"ODDS","marketType":"MATCH_ODDS","marketTime":"2024-08-06T10:30:00.000Z","suspendTime":"2024-08-06T10:30:00.000Z","bspReconciled":false,"complete":true,"inPlay":true,"crossMatching":false,"runnersVoidable":false,"numberOfActiveRunners":0,"betDelay":5,"status":"CLOSED","settledTime":"2024-08-06T13:06:23.000Z","runners":[{"status":"LOSER","sortPriority":1,"id":40296818,"name":"Manchester Originals W"},{"status":"WINNER","sortPriority":2,"id":40380901,"name":"Oval Invincibles W"}],"regulators":["MR_INT"],"countryCode":"GB","discountAllowed":true,"timezone":"GMT","openDate":"2024-08-06T10:30:00.000Z","version":6059575857,"name":"Match Odds","eventName":"Manchester Originals W v Oval Invincibles W"}}]}
