{"op":"mcm","clk":"11773584143","pt":1722692878717,"mc":[{"id":"1.231402835","marketDefinition":{"bspMarket":false,"turnInPlayEnabled":true,"persistenceEnabled":true,"marketBaseRate":5.0,"eventId":"33465487","eventTypeId":"4","numberOfWinners":1,"bettingType":"ODDS","marketType":"MATCH_ODDS","marketTime":"2024-08-07T14:00:00.000Z","suspendTime":"2024-08-07T14:00:00.000Z","bspReconciled":false,"complete":true,"inPlay":false,"crossMatching":true,"runnersVoidable":false,"numberOfActiveRunners":2,"betDelay":0,"status":"OPEN","runners":[{"status":"ACTIVE","sortPriority":1,"id":40096580,"name":"Trent Rockets Women"},{"status":"ACTIVE","sortPriority":2,"id":40096576,"name":"London Spirit Women"}],"regulators":["MR_INT"],"countryCode":"GB","discountAllowed":true,"timezone":"GMT","openDate":"2024-08-07T14:00:00.000Z","version":6053548467,"name":"Match Odds","eventName":"Trent Rockets Women v London Spirit Women"}}]}
{"op":"mcm","clk":"11784346805","pt":1722792352460,"mc":[{"id":"1.231402835","rc":[{"ltp":1.5,"id":40096580}]}]}
{"op":"mcm","clk":"11784747085","pt":1722795138059,"mc":[{"id":"1.231402835","rc":[{"ltp":1.9,"id":40096576}]}]}
{"op":"mcm","clk":"11784764558","pt":1722795199328,"mc":[{"id":"1.231402835","rc":[{"ltp":1.89,"id":40096576}]}]}
{"op":"mcm","clk":"11786171365","pt":1722804528489,"mc":[{"id":"1.231402835","rc":[{"ltp":1.85,"id":40096576}]}]}
{"op":"mcm","clk":"11788884922","pt":1722866700589,"mc":[{"id":"1.231402835","rc":[{"ltp":1.97,"id":40096576}]}]}
{"op":"mcm","clk":"11788953048","pt":1722867633705,"mc":[{"id":"1.231402835","rc":[{"ltp":1.93,"id":40096576}]}]}
{"op":"mcm","clk":"11793104908","pt":1722941254313,"mc":[{"id":"1.231402835","rc":[{"ltp":1.97,"id":40096576}]}]}
{"op":"mcm","clk":"11793444556","pt":1722945886609,"mc":[{"id":"1.231402835","rc":[{"ltp":1.93,"id":40096576}]}]}
{"op":"mcm","clk":"11793608687","pt":1722948385228,"mc":[{"id":"1.231402835","rc":[{"ltp":2.02,"id":40096576},{"ltp":1.98,"id":40096580}]}]}
{"op":"mcm","clk":"11794280806","pt":1722961000318,"mc":[{"id":"1.231402835","rc":[{"ltp":1.93,"id":40096576},{"ltp":2.08,"id":40096580}]}]}
{"op":"mcm","clk":"11794464802","pt":1722963675075,"mc":[{"id":"1.231402835","rc":[{"ltp":1.98,"id":40096576},{"ltp":2.02,"id":40096580}]}]}
{"op":"mcm","clk":"11794600637","pt":1722965562368,"mc":[{"id":"1.231402835","rc":[{"ltp":1.97,"id":40096576}]}]}
{"op":"mcm","clk":"11795131171","pt":1722971097552,"mc":[{"id":"1.231402835","rc":[{"ltp":1.99,"id":40096580}]}]}
{"op":"mcm","clk":"11795331197","pt":1722973100230,"mc":[{"id":"1.231402835","rc":[{"ltp":1.94,"id":40096576}]}]}
{"op":"mcm","clk":"11795346619","pt":1722973233880,"mc":[{"id":"1.231402835","rc":[{"ltp":1.98,"id":40096580}]}]}
{"op":"mcm","clk":"11795568632","pt":1722975917252,"mc":[{"id":"1.231402835","rc":[{"ltp":2.0,"id":40096576},{"ltp":2.0,"id":40096580}]}]}
{"op":"mcm","clk":"11795766493","pt":1722979336484,"mc":[{"id":"1.231402835","rc":[{"ltp":1.98,"id":40096580}]}]}
{"op":"mcm","clk":"11795833867","pt":1722980751615,"mc":[{"id":"1.231402835","rc":[{"ltp":2.0,"id":40096580}]}]}
{"op":"mcm","clk":"11795844731","pt":1722980980192,"mc":[{"id":"1.231402835","rc":[{"ltp":1.98,"id":40096580}]}]}
{"op":"mcm","clk":"11795894702","pt":1722982048747,"mc":[{"id":"1.231402835","rc":[{"ltp":2.02,"id":40096576}]}]}
{"op":"mcm","clk":"11795917683","pt":1722982651173,"mc":[{"id":"1.231402835","rc":[{"ltp":1.97,"id":40096580}]}]}
{"op":"mcm","clk":"11796021327","pt":1722985578484,"mc":[{"id":"1.231402835","rc":[{"ltp":2.04,"id":40096576}]}]}
{"op":"mcm","clk":"11796080306","pt":1722986875726,"mc":[{"id":"1.231402835","rc":[{"ltp":2.02,"id":40096576}]}]}
{"op":"mcm","clk":"11796127112","pt":1722987835878,"mc":[{"id":"1.231402835","rc":[{"ltp":1.98,"id":40096580}]}]}
{"op":"mcm","clk":"11796414942","pt":1722994435684,"mc":[{"id":"1.231402835","rc":[{"ltp":1.92,"id":40096576},{"ltp":2.0,"id":40096580}]}]}
{"op":"mcm","clk":"11796557842","pt":1722998397232,"mc":[{"id":"1.231402835","rc":[{"ltp":1.93,"id":40096576}]}]}
{"op":"mcm","clk":"11796602282","pt":1723000015126,"mc":[{"id":"1.231402835","rc":[{"ltp":1.98,"id":40096576},{"ltp":2.02,"id":40096580}]}]}
{"op":"mcm","clk":"11796619811","pt":1723000397708,"mc":[{"id":"1.231402835","rc":[{"ltp":1.96,"id":40096576},{"ltp":2.04,"id":40096580}]}]}
{"op":"mcm","clk":"11796627304","pt":1723000797478,"mc":[{"id":"1.231402835","rc":[{"ltp":2.0,"id":40096576}]}]}
{"op":"mcm","clk":"11796637695","pt":1723001277593,"mc":[{"id":"1.231402835","rc":[{"ltp":2.0,"id":40096580}]}]}
{"op":"mcm","clk":"11796658845","pt":1723002594561,"mc":[{"id":"1.231402835","rc":[{"ltp":1.99,"id":40096580}]}]}
{"op":"mcm","clk":"11796661108","pt":1723002775254,"mc":[{"id":"1.231402835","rc":[{"ltp":2.0,"id":40096580}]}]}
{"op":"mcm","clk":"11796731427","pt":1723006257125,"mc":[{"id":"1.231402835","rc":[{"ltp":1.99,"id":40096576},{"ltp":2.02,"id":40096580}]}]}
{"op":"mcm","clk":"11796785838","pt":1723008536361,"mc":[{"id":"1.231402835","rc":[{"ltp":2.06,"id":40096580}]}]}
{"op":"mcm","clk":"11796794654","pt":1723009061289,"mc":[{"id":"1.231402835","rc":[{"ltp":2.0,"id":40096580}]}]}
{"op":"mcm","clk":"11796825124","pt":1723010456054,"mc":[{"id":"1.231402835","rc":[{"ltp":2.0,"id":40096576}]}]}
{"op":"mcm","clk":"11796826561","pt":1723010517357,"mc":[{"id":"1.231402835","rc":[{"ltp":1.98,"id":40096576}]}]}
{"op":"mcm","clk":"11796827760","pt":1723010577547,"mc":[{"id":"1.231402835","rc":[{"ltp":2.02,"id":40096580}]}]}
{"op":"mcm","clk":"11796830421","pt":1723010755442,"mc":[{"id":"1.231402835","rc":[{"ltp":2.0,"id":40096580}]}]}
{"op":"mcm","clk":"11796858438","pt":1723011715284,"mc":[{"id":"1.231402835","rc":[{"ltp":2.0,"id":40096576}]}]}
{"op":"mcm","clk":"11796884235","pt":1723012913887,"mc":[{"id":"1.231402835","rc":[{"ltp":1.99,"id":40096576}]}]}
{"op":"mcm","clk":"11796903427","pt":1723013757601,"mc":[{"id":"1.231402835","rc":[{"ltp":2.02,"id":40096576},{"ltp":1.99,"id":40096580}]}]}
{"op":"mcm","clk":"11796917770","pt":1723014185268,"mc":[{"id":"1.231402835","rc":[{"ltp":2.0,"id":40096576}]}]}
{"op":"mcm","clk":"11796973391","pt":1723015875936,"mc":[{"id":"1.231402835","rc":[{"ltp":1.98,"id":40096580}]}]}
{"op":"mcm","clk":"11796977058","pt":1723015975503,"mc":[{"id":"1.231402835","rc":[{"ltp":1.99,"id":40096580}]}]}
{"op":"mcm","clk":"11796988292","pt":1723016276458,"mc":[{"id":"1.231402835","rc":[{"ltp":1.98,"id":40096580}]}]}
{"op":"mcm","clk":"11797169488","pt":1723020595236,"mc":[{"id":"1.231402835","rc":[{"ltp":1.99,"id":40096580}]}]}
{"op":"mcm","clk":"11797197660","pt":1723021073046,"mc":[{"id":"1.231402835","rc":[{"ltp":2.0,"id":40096580}]}]}
{"op":"mcm","clk":"11797224121","pt":1723021465782,"mc":[{"id":"1.231402835","rc":[{"ltp":1.99,"id":40096576}]}]}
{"op":"mcm","clk":"11797229622","pt":1723021556475,"mc":[{"id":"1.231402835","rc":[{"ltp":2.0,"id":40096576}]}]}
{"op":"mcm","clk":"11797238643","pt":1723021729371,"mc":[{"id":"1.231402835","rc":[{"ltp":1.99,"id":40096580}]}]}
{"op":"mcm","clk":"11797316902","pt":1723022915396,"mc":[{"id":"1.231402835","rc":[{"ltp":2.0,"id":40096580}]}]}
{"op":"mcm","clk":"11797389520","pt":1723023943129,"mc":[{"id":"1.231402835","rc":[{"ltp":1.99,"id":40096576}]}]}
{"op":"mcm","clk":"11797435933","pt":1723024573971,"mc":[{"id":"1.231402835","rc":[{"ltp":2.02,"id":40096580}]}]}
{"op":"mcm","clk":"11797481648","pt":1723025027032,"mc":[{"id":"1.231402835","rc":[{"ltp":2.0,"id":40096580}]}]}
{"op":"mcm","clk":"11797528851","pt":1723025574220,"mc":[{"id":"1.231402835","rc":[{"ltp":1.98,"id":40096576}]}]}
{"op":"mcm","clk":"11797662619","pt":1723027012148,"mc":[{"id":"1.231402835","rc":[{"ltp":1.99,"id":40096576}]}]}
{"op":"mcm","clk":"11797692767","pt":1723027314407,"mc":[{"id":"1.231402835","rc":[{"ltp":2.02,"id":40096580}]}]}
{"op":"mcm","clk":"11797733284","pt":1723027668289,"mc":[{"id":"1.231402835","rc":[{"ltp":2.0,"id":40096576},{"ltp":2.0,"id":40096580}]}]}
{"op":"mcm","clk":"11797751370","pt":1723027851795,"mc":[{"id":"1.231402835","rc":[{"ltp":1.99,"id":40096576}]}]}
{"op":"mcm","clk":"11797793746","pt":1723028315236,"mc":[{"id":"1.231402835","rc":[{"ltp":2.0,"id":40096576}]}]}
{"op":"mcm","clk":"11797797706","pt":1723028362195,"mc":[{"id":"1.231402835","rc":[{"ltp":1.99,"id":40096576}]}]}
{"op":"mcm","clk":"11797830185","pt":1723028692205,"mc":[{"id":"1.231402835","rc":[{"ltp":1.99,"id":40096580}]}]}
{"op":"mcm","clk":"11797887193","pt":1723029289084,"mc":[{"id":"1.231402835","rc":[{"ltp":1.98,"id":40096580}]}]}
{"op":"mcm","clk":"11797964488","pt":1723030058211,"mc":[{"id":"1.231402835","rc":[{"ltp":2.02,"id":40096576}]}]}
{"op":"mcm","clk":"11798005029","pt":1723030497595,"mc":[{"id":"1.231402835","rc":[{"ltp":2.0,"id":40096576},{"ltp":2.0,"id":40096580}]}]}
{"op":"mcm","clk":"11798032671","pt":1723030785452,"mc":[{"id":"1.231402835","rc":[{"ltp":1.99,"id":40096576}]}]}
{"op":"mcm","clk":"11798038248","pt":1723030838889,"mc":[{"id":"1.231402835","rc":[{"ltp":2.0,"id":40096576}]}]}
{"op":"mcm","clk":"11798128337","pt":1723031869491,"mc":[{"id":"1.231402835","rc":[{"ltp":1.99,"id":40096576}]}]}
{"op":"mcm","clk":"11798164419","pt":1723032291927,"mc":[{"id":"1.231402835","rc":[{"ltp":1.98,"id":40096576},{"ltp":2.02,"id":40096580}]}]}
{"op":"mcm","clk":"11798177563","pt":1723032479730,"mc":[{"id":"1.231402835","rc":[{"ltp":2.0,"id":40096580}]}]}
{"op":"mcm","clk":"11798183001","pt":1723032562214,"mc":[{"id":"1.231402835","rc":[{"ltp":1.99,"id":40096576},{"ltp":2.02,"id":40096580}]}]}
{"op":"mcm","clk":"11798210178","pt":1723032828446,"mc":[{"id":"1.231402835","rc":[{"ltp":1.98,"id":40096576}]}]}
{"op":"mcm","clk":"11798264031","pt":1723033590917,"mc":[{"id":"1.231402835","rc":[{"ltp":2.0,"id":40096580}]}]}
{"op":"mcm","clk":"11798265493","pt":1723033618451,"mc":[{"id":"1.231402835","rc":[{"ltp":2.02,"id":40096580}]}]}
{"op":"mcm","clk":"11798272664","pt":1723033726184,"mc":[{"id":"1.231402835","rc":[{"ltp":2.0,"id":40096580}]}]}
{"op":"mcm","clk":"11798308874","pt":1723034217311,"mc":[{"id":"1.231402835","rc":[{"ltp":1.97,"id":40096576},{"ltp":2.04,"id":40096580}]}]}
{"op":"mcm","clk":"11798314907","pt":1723034310698,"mc":[{"id":"1.231402835","rc":[{"ltp":1.95,"id":40096576}]}]}
{"op":"mcm","clk":"11798327292","pt":1723034556398,"mc":[{"id":"1.231402835","rc":[{"ltp":1.94,"id":40096576},{"ltp":2.06,"id":40096580}]}]}
{"op":"mcm","clk":"11798330119","pt":1723034616859,"mc":[{"id":"1.231402835","rc":[{"ltp":1.95,"id":40096576}]}]}
{"op":"mcm","clk":"11798333319","pt":1723034692455,"mc":[{"id":"1.231402835","rc":[{"ltp":1.96,"id":40096576},{"ltp":2.04,"id":40096580}]}]}
{"op":"mcm","clk":"11798335442","pt":1723034735002,"mc":[{"id":"1.231402835","rc":[{"ltp":2.06,"id":40096580}]}]}
{"op":"mcm","clk":"11798350107","pt":1723034995514,"mc":[{"id":"1.231402835","rc":[{"ltp":1.94,"id":40096576}]}]}
{"op":"mcm","clk":"11798353965","pt":1723035055283,"mc":[{"id":"1.231402835","rc":[{"ltp":1.95,"id":40096576}]}]}
{"op":"mcm","clk":"11798359967","pt":1723035161002,"mc":[{"id":"1.231402835","rc":[{"ltp":1.96,"id":40096576},{"ltp":2.04,"id":40096580}]}]}
{"op":"mcm","clk":"11798369379","pt":1723035349642,"mc":[{"id":"1.231402835","rc":[{"ltp":1.94,"id":40096576}]}]}
{"op":"mcm","clk":"11798378482","pt":1723035537153,"mc":[{"id":"1.231402835","rc":[{"ltp":1.96,"id":40096576}]}]}
{"op":"mcm","clk":"11798384711","pt":1723035650378,"mc":[{"id":"1.231402835","rc":[{"ltp":1.97,"id":40096576}]}]}
{"op":"mcm","clk":"11798388181","pt":1723035707247,"mc":[{"id":"1.231402835","rc":[{"ltp":2.02,"id":40096580}]}]}
{"op":"mcm","clk":"11798391995","pt":1723035761996,"mc":[{"id":"1.231402835","rc":[{"ltp":1.95,"id":40096576}]}]}
{"op":"mcm","clk":"11798428398","pt":1723036315631,"mc":[{"id":"1.231402835","rc":[{"ltp":2.04,"id":40096580}]}]}
{"op":"mcm","clk":"11798448141","pt":1723036673758,"mc":[{"id":"1.231402835","rc":[{"ltp":1.93,"id":40096576},{"ltp":2.06,"id":40096580}]}]}
{"op":"mcm","clk":"11798450259","pt":1723036710890,"mc":[{"id":"1.231402835","rc":[{"ltp":1.94,"id":40096576}]}]}
{"op":"mcm","clk":"11798462053","pt":1723036915728,"mc":[{"id":"1.231402835","rc":[{"ltp":1.95,"id":40096576},{"ltp":2.04,"id":40096580}]}]}
{"op":"mcm","clk":"11798465953","pt":1723036977012,"mc":[{"id":"1.231402835","rc":[{"ltp":1.93,"id":40096576}]}]}
{"op":"mcm","clk":"11798470008","pt":1723037036663,"mc":[{"id":"1.231402835","rc":[{"ltp":1.95,"id":40096576},{"ltp":2.06,"id":40096580}]}]}
{"op":"mcm","clk":"11798473561","pt":1723037088846,"mc":[{"id":"1.231402835","rc":[{"ltp":1.94,"id":40096576}]}]}
{"op":"mcm","clk":"11798478607","pt":1723037167185,"mc":[{"id":"1.231402835","rc":[{"ltp":1.93,"id":40096576}]}]}
{"op":"mcm","clk":"11798488159","pt":1723037332465,"mc":[{"id":"1.231402835","rc":[{"ltp":1.89,"id":40096576},{"ltp":2.12,"id":40096580}]}]}
{"op":"mcm","clk":"11798491400","pt":1723037393646,"mc":[{"id":"1.231402835","rc":[{"ltp":1.9,"id":40096576},{"ltp":2.1,"id":40096580}]}]}
{"op":"mcm","clk":"11798504876","pt":1723037637591,"mc":[{"id":"1.231402835","rc":[{"ltp":1.78,"id":40096576},{"ltp":2.28,"id":40096580}]}]}
{"op":"mcm","clk":"11798508433","pt":1723037694942,"mc":[{"id":"1.231402835","rc":[{"ltp":1.82,"id":40096576},{"ltp":2.22,"id":40096580}]}]}
{"op":"mcm","clk":"11798512401","pt":1723037754614,"mc":[{"id":"1.231402835","rc":[{"ltp":1.84,"id":40096576},{"ltp":2.2,"id":40096580}]}]}
{"op":"mcm","clk":"11798516421","pt":1723037817608,"mc":[{"id":"1.231402835","rc":[{"ltp":2.18,"id":40096580}]}]}
{"op":"mcm","clk":"11798520200","pt":1723037875030,"mc":[{"id":"1.231402835","rc":[{"ltp":2.16,"id":40096580}]}]}
{"op":"mcm","clk":"11798528061","pt":1723037997513,"mc":[{"id":"1.231402835","rc":[{"ltp":1.83,"id":40096576},{"ltp":2.2,"id":40096580}]}]}
{"op":"mcm","clk":"11798531846","pt":1723038057274,"mc":[{"id":"1.231402835","rc":[{"ltp":1.84,"id":40096576},{"ltp":2.18,"id":40096580}]}]}
{"op":"mcm","clk":"11798535712","pt":1723038117350,"mc":[{"id":"1.231402835","rc":[{"ltp":1.86,"id":40096576}]}]}
{"op":"mcm","clk":"11798548049","pt":1723038176509,"mc":[{"id":"1.231402835","rc":[{"ltp":1.9,"id":40096576},{"ltp":2.1,"id":40096580}]}]}
{"op":"mcm","clk":"11798556017","pt":1723038296149,"mc":[{"id":"1.231402835","rc":[{"ltp":1.89,"id":40096576},{"ltp":2.12,"id":40096580}]}]}
{"op":"mcm","clk":"11798565315","pt":1723038417670,"mc":[{"id":"1.231402835","rc":[{"ltp":1.88,"id":40096576},{"ltp":2.14,"id":40096580}]}]}
{"op":"mcm","clk":"11798569934","pt":1723038476148,"mc":[{"id":"1.231402835","rc":[{"ltp":2.12,"id":40096580}]}]}
{"op":"mcm","clk":"11798574638","pt":1723038537197,"mc":[{"id":"1.231402835","rc":[{"ltp":1.85,"id":40096576},{"ltp":2.16,"id":40096580}]}]}
{"op":"mcm","clk":"11798583194","pt":1723038656853,"mc":[{"id":"1.231402835","rc":[{"ltp":2.18,"id":40096580}]}]}
{"op":"mcm","clk":"11798587672","pt":1723038717625,"mc":[{"id":"1.231402835","rc":[{"ltp":1.84,"id":40096576},{"ltp":2.2,"id":40096580}]}]}
{"op":"mcm","clk":"11798592063","pt":1723038777610,"mc":[{"id":"1.231402835","rc":[{"ltp":2.18,"id":40096580}]}]}
{"op":"mcm","clk":"11798604603","pt":1723038957699,"mc":[{"id":"1.231402835","rc":[{"ltp":1.82,"id":40096576},{"ltp":2.2,"id":40096580}]}]}
{"op":"mcm","clk":"11798607957","pt":1723039016878,"mc":[{"id":"1.231402835","rc":[{"ltp":1.81,"id":40096576},{"ltp":2.22,"id":40096580}]}]}
{"op":"mcm","clk":"11798611520","pt":1723039077428,"mc":[{"id":"1.231402835","rc":[{"ltp":1.8,"id":40096576},{"ltp":2.24,"id":40096580}]}]}
{"op":"mcm","clk":"11798614861","pt":1723039137600,"mc":[{"id":"1.231402835","rc":[{"ltp":2.26,"id":40096580}]}]}
{"op":"mcm","clk":"11798618413","pt":1723039197676,"mc":[{"id":"1.231402835","rc":[{"ltp":2.24,"id":40096580}]}]}
{"op":"mcm","clk":"11798622999","pt":1723039257628,"mc":[{"id":"1.231402835","marketDefinition":{"bspMarket":false,"turnInPlayEnabled":true,"persistenceEnabled":true,"marketBaseRate":5.0,"eventId":"33465487","eventTypeId":"4","numberOfWinners":1,"bettingType":"ODDS","marketType":"MATCH_ODDS","marketTime":"2024-08-07T14:00:00.000Z","suspendTime":"2024-08-07T14:00:00.000Z","bspReconciled":false,"complete":true,"inPlay":true,"crossMatching":true,"runnersVoidable":false,"numberOfActiveRunners":2,"betDelay":5,"status":"OPEN","runners":[{"status":"ACTIVE","sortPriority":1,"id":40096580,"name":"Trent Rockets Women"},{"status":"ACTIVE","sortPriority":2,"id":40096576,"name":"London Spirit Women"}],"regulators":["MR_INT"],"countryCode":"GB","discountAllowed":true,"timezone":"GMT","openDate":"2024-08-07T14:00:00.000Z","version":6060661513,"name":"Match Odds","eventName":"Trent Rockets Women v London Spirit Women"},"rc":[{"ltp":1.9,"id":40096576},{"ltp":2.18,"id":40096580}]}]}
{"op":"mcm","clk":"11798627307","pt":1723039317661,"mc":[{"id":"1.231402835","rc":[{"ltp":1.97,"id":40096576},{"ltp":2.02,"id":40096580}]}]}
{"op":"mcm","clk":"11798631786","pt":1723039377662,"mc":[{"id":"1.231402835","rc":[{"ltp":2.06,"id":40096580}]}]}
{"op":"mcm","clk":"11798636159","pt":1723039437523,"mc":[{"id":"1.231402835","rc":[{"ltp":1.95,"id":40096576}]}]}
{"op":"mcm","clk":"11798640372","pt":1723039497605,"mc":[{"id":"1.231402835","rc":[{"ltp":1.98,"id":40096576}]}]}
{"op":"mcm","clk":"11798644797","pt":1723039557452,"mc":[{"id":"1.231402835","rc":[{"ltp":1.95,"id":40096576},{"ltp":2.04,"id":40096580}]}]}
{"op":"mcm","clk":"11798649311","pt":1723039617601,"mc":[{"id":"1.231402835","rc":[{"ltp":1.93,"id":40096576},{"ltp":2.08,"id":40096580}]}]}
{"op":"mcm","clk":"11798653219","pt":1723039677698,"mc":[{"id":"1.231402835","rc":[{"ltp":2.1,"id":40096576},{"ltp":1.9,"id":40096580}]}]}
{"op":"mcm","clk":"11798657372","pt":1723039737652,"mc":[{"id":"1.231402835","rc":[{"ltp":2.08,"id":40096576},{"ltp":1.92,"id":40096580}]}]}
{"op":"mcm","clk":"11798661685","pt":1723039797619,"mc":[{"id":"1.231402835","rc":[{"ltp":2.32,"id":40096576},{"ltp":1.75,"id":40096580}]}]}
{"op":"mcm","clk":"11798665993","pt":1723039857679,"mc":[{"id":"1.231402835","rc":[{"ltp":2.3,"id":40096576},{"ltp":1.77,"id":40096580}]}]}
{"op":"mcm","clk":"11798669968","pt":1723039917656,"mc":[{"id":"1.231402835","rc":[{"ltp":2.36,"id":40096576},{"ltp":1.74,"id":40096580}]}]}
{"op":"mcm","clk":"11798673868","pt":1723039977704,"mc":[{"id":"1.231402835","rc":[{"ltp":2.28,"id":40096576},{"ltp":1.78,"id":40096580}]}]}
{"op":"mcm","clk":"11798677476","pt":1723040037683,"mc":[{"id":"1.231402835","rc":[{"ltp":2.14,"id":40096576},{"ltp":1.89,"id":40096580}]}]}
{"op":"mcm","clk":"11798681208","pt":1723040097642,"mc":[{"id":"1.231402835","rc":[{"ltp":2.16,"id":40096576},{"ltp":1.86,"id":40096580}]}]}
{"op":"mcm","clk":"11798685425","pt":1723040157682,"mc":[{"id":"1.231402835","rc":[{"ltp":2.24,"id":40096576},{"ltp":1.8,"id":40096580}]}]}
{"op":"mcm","clk":"11798689675","pt":1723040217634,"mc":[{"id":"1.231402835","rc":[{"ltp":2.26,"id":40096576},{"ltp":1.81,"id":40096580}]}]}
{"op":"mcm","clk":"11798693880","pt":1723040277702,"mc":[{"id":"1.231402835","rc":[{"ltp":2.22,"id":40096576},{"ltp":1.82,"id":40096580}]}]}
{"op":"mcm","clk":"11798698192","pt":1723040337692,"mc":[{"id":"1.231402835","rc":[{"ltp":2.28,"id":40096576},{"ltp":1.78,"id":40096580}]}]}
{"op":"mcm","clk":"11798702231","pt":1723040397698,"mc":[{"id":"1.231402835","rc":[{"ltp":2.16,"id":40096576},{"ltp":1.86,"id":40096580}]}]}
{"op":"mcm","clk":"11798706636","pt":1723040457578,"mc":[{"id":"1.231402835","rc":[{"ltp":1.85,"id":40096580}]}]}
{"op":"mcm","clk":"11798711380","pt":1723040517529,"mc":[{"id":"1.231402835","rc":[{"ltp":2.22,"id":40096576},{"ltp":1.81,"id":40096580}]}]}
{"op":"mcm","clk":"11798715973","pt":1723040577697,"mc":[{"id":"1.231402835","rc":[{"ltp":2.12,"id":40096576},{"ltp":1.89,"id":40096580}]}]}
{"op":"mcm","clk":"11798720700","pt":1723040637678,"mc":[{"id":"1.231402835","rc":[{"ltp":2.3,"id":40096576},{"ltp":1.76,"id":40096580}]}]}
{"op":"mcm","clk":"11798725303","pt":1723040697639,"mc":[{"id":"1.231402835","rc":[{"ltp":2.36,"id":40096576},{"ltp":1.73,"id":40096580}]}]}
{"op":"mcm","clk":"11798729997","pt":1723040757695,"mc":[{"id":"1.231402835","rc":[{"ltp":2.48,"id":40096576},{"ltp":1.68,"id":40096580}]}]}
{"op":"mcm","clk":"11798733716","pt":1723040817640,"mc":[{"id":"1.231402835","rc":[{"ltp":2.62,"id":40096576},{"ltp":1.61,"id":40096580}]}]}
{"op":"mcm","clk":"11798737138","pt":1723040877603,"mc":[{"id":"1.231402835","rc":[{"ltp":2.68,"id":40096576},{"ltp":1.59,"id":40096580}]}]}
{"op":"mcm","clk":"11798740694","pt":1723040937693,"mc":[{"id":"1.231402835","rc":[{"ltp":2.84,"id":40096576},{"ltp":1.54,"id":40096580}]}]}
{"op":"mcm","clk":"11798744504","pt":1723040997670,"mc":[{"id":"1.231402835","rc":[{"ltp":2.78,"id":40096576},{"ltp":1.56,"id":40096580}]}]}
{"op":"mcm","clk":"11798749347","pt":1723041057643,"mc":[{"id":"1.231402835","rc":[{"ltp":3.55,"id":40096576},{"ltp":1.39,"id":40096580}]}]}
{"op":"mcm","clk":"11798753912","pt":1723041117675,"mc":[{"id":"1.231402835","rc":[{"ltp":3.4,"id":40096576},{"ltp":1.41,"id":40096580}]}]}
{"op":"mcm","clk":"11798758468","pt":1723041177630,"mc":[{"id":"1.231402835","rc":[{"ltp":3.6,"id":40096576},{"ltp":1.37,"id":40096580}]}]}
{"op":"mcm","clk":"11798763049","pt":1723041237625,"mc":[{"id":"1.231402835","rc":[{"ltp":3.05,"id":40096576},{"ltp":1.47,"id":40096580}]}]}
{"op":"mcm","clk":"11798767805","pt":1723041297656,"mc":[{"id":"1.231402835","rc":[{"ltp":3.15,"id":40096576},{"ltp":1.46,"id":40096580}]}]}
{"op":"mcm","clk":"11798772725","pt":1723041357653,"mc":[{"id":"1.231402835","rc":[{"ltp":3.5,"id":40096576},{"ltp":1.41,"id":40096580}]}]}
{"op":"mcm","clk":"11798777587","pt":1723041417621,"mc":[{"id":"1.231402835","rc":[{"ltp":3.35,"id":40096576},{"ltp":1.42,"id":40096580}]}]}
{"op":"mcm","clk":"11798782723","pt":1723041477674,"mc":[{"id":"1.231402835","rc":[{"ltp":3.55,"id":40096576},{"ltp":1.39,"id":40096580}]}]}
{"op":"mcm","clk":"11798788069","pt":1723041537651,"mc":[{"id":"1.231402835","rc":[{"ltp":3.85,"id":40096576},{"ltp":1.35,"id":40096580}]}]}
{"op":"mcm","clk":"11798793209","pt":1723041597705,"mc":[{"id":"1.231402835","rc":[{"ltp":3.9,"id":40096576}]}]}
{"op":"mcm","clk":"11798802448","pt":1723041717528,"mc":[{"id":"1.231402835","rc":[{"ltp":4.1,"id":40096576},{"ltp":1.32,"id":40096580}]}]}
{"op":"mcm","clk":"11798807610","pt":1723041777626,"mc":[{"id":"1.231402835","rc":[{"ltp":3.9,"id":40096576},{"ltp":1.33,"id":40096580}]}]}
{"op":"mcm","clk":"11798812787","pt":1723041837683,"mc":[{"id":"1.231402835","rc":[{"ltp":4.5,"id":40096576},{"ltp":1.28,"id":40096580}]}]}
{"op":"mcm","clk":"11798817484","pt":1723041897624,"mc":[{"id":"1.231402835","rc":[{"ltp":5.1,"id":40096576},{"ltp":1.24,"id":40096580}]}]}
{"op":"mcm","clk":"11798822121","pt":1723041957682,"mc":[{"id":"1.231402835","rc":[{"ltp":4.8,"id":40096576},{"ltp":1.26,"id":40096580}]}]}
{"op":"mcm","clk":"11798826731","pt":1723042017642,"mc":[{"id":"1.231402835","rc":[{"ltp":4.5,"id":40096576},{"ltp":1.28,"id":40096580}]}]}
{"op":"mcm","clk":"11798835527","pt":1723042137674,"mc":[{"id":"1.231402835","rc":[{"ltp":4.4,"id":40096576},{"ltp":1.29,"id":40096580}]}]}
{"op":"mcm","clk":"11798839829","pt":1723042197633,"mc":[{"id":"1.231402835","rc":[{"ltp":4.7,"id":40096576},{"ltp":1.26,"id":40096580}]}]}
{"op":"mcm","clk":"11798844583","pt":1723042257603,"mc":[{"id":"1.231402835","rc":[{"ltp":6.2,"id":40096576},{"ltp":1.19,"id":40096580}]}]}
{"op":"mcm","clk":"11798849261","pt":1723042317673,"mc":[{"id":"1.231402835","rc":[{"ltp":6.0,"id":40096576},{"ltp":1.2,"id":40096580}]}]}
{"op":"mcm","clk":"11798853871","pt":1723042377631,"mc":[{"id":"1.231402835","rc":[{"ltp":5.4,"id":40096576},{"ltp":1.24,"id":40096580}]}]}
{"op":"mcm","clk":"11798858650","pt":1723042437681,"mc":[{"id":"1.231402835","rc":[{"ltp":4.7,"id":40096576},{"ltp":1.27,"id":40096580}]}]}
{"op":"mcm","clk":"11798863137","pt":1723042497526,"mc":[{"id":"1.231402835","rc":[{"ltp":4.4,"id":40096576},{"ltp":1.28,"id":40096580}]}]}
{"op":"mcm","clk":"11798867817","pt":1723042557610,"mc":[{"id":"1.231402835","rc":[{"ltp":1.29,"id":40096580}]}]}
{"op":"mcm","clk":"11798876266","pt":1723042677651,"mc":[{"id":"1.231402835","rc":[{"ltp":3.9,"id":40096576},{"ltp":1.34,"id":40096580}]}]}
{"op":"mcm","clk":"11798880482","pt":1723042737705,"mc":[{"id":"1.231402835","rc":[{"ltp":3.75,"id":40096576},{"ltp":1.36,"id":40096580}]}]}
{"op":"mcm","clk":"11798885057","pt":1723042797657,"mc":[{"id":"1.231402835","rc":[{"ltp":4.0,"id":40096576},{"ltp":1.33,"id":40096580}]}]}
{"op":"mcm","clk":"11798890216","pt":1723042857560,"mc":[{"id":"1.231402835","rc":[{"ltp":3.9,"id":40096576}]}]}
{"op":"mcm","clk":"11798895795","pt":1723042917682,"mc":[{"id":"1.231402835","rc":[{"ltp":1.34,"id":40096580}]}]}
{"op":"mcm","clk":"11798901611","pt":1723042977633,"mc":[{"id":"1.231402835","rc":[{"ltp":4.2,"id":40096576},{"ltp":1.3,"id":40096580}]}]}
{"op":"mcm","clk":"11798907438","pt":1723043037693,"mc":[{"id":"1.231402835","rc":[{"ltp":5.1,"id":40096576},{"ltp":1.24,"id":40096580}]}]}
{"op":"mcm","clk":"11798912877","pt":1723043097660,"mc":[{"id":"1.231402835","rc":[{"ltp":5.8,"id":40096576},{"ltp":1.2,"id":40096580}]}]}
{"op":"mcm","clk":"11798918119","pt":1723043157611,"mc":[{"id":"1.231402835","rc":[{"ltp":6.0,"id":40096576}]}]}
{"op":"mcm","clk":"11798923692","pt":1723043217664,"mc":[{"id":"1.231402835","rc":[{"ltp":6.2,"id":40096576},{"ltp":1.19,"id":40096580}]}]}
{"op":"mcm","clk":"11798929039","pt":1723043277617,"mc":[{"id":"1.231402835","rc":[{"ltp":5.3,"id":40096576},{"ltp":1.23,"id":40096580}]}]}
{"op":"mcm","clk":"11798934615","pt":1723043337675,"mc":[{"id":"1.231402835","rc":[{"ltp":4.7,"id":40096576},{"ltp":1.26,"id":40096580}]}]}
{"op":"mcm","clk":"11798939753","pt":1723043397646,"mc":[{"id":"1.231402835","rc":[{"ltp":5.1,"id":40096576},{"ltp":1.25,"id":40096580}]}]}
{"op":"mcm","clk":"11798945362","pt":1723043457650,"mc":[{"id":"1.231402835","rc":[{"ltp":4.8,"id":40096576},{"ltp":1.26,"id":40096580}]}]}
{"op":"mcm","clk":"11798966165","pt":1723043577687,"mc":[{"id":"1.231402835","rc":[{"ltp":4.7,"id":40096576},{"ltp":1.27,"id":40096580}]}]}
{"op":"mcm","clk":"11798972618","pt":1723043637647,"mc":[{"id":"1.231402835","rc":[{"ltp":4.8,"id":40096576},{"ltp":1.26,"id":40096580}]}]}
{"op":"mcm","clk":"11798979054","pt":1723043697690,"mc":[{"id":"1.231402835","rc":[{"ltp":5.1,"id":40096576},{"ltp":1.24,"id":40096580}]}]}
{"op":"mcm","clk":"11798986378","pt":1723043757652,"mc":[{"id":"1.231402835","rc":[{"ltp":4.8,"id":40096576},{"ltp":1.26,"id":40096580}]}]}
{"op":"mcm","clk":"11798993163","pt":1723043817644,"mc":[{"id":"1.231402835","rc":[{"ltp":5.1,"id":40096576},{"ltp":1.24,"id":40096580}]}]}
{"op":"mcm","clk":"11799000219","pt":1723043877681,"mc":[{"id":"1.231402835","rc":[{"ltp":5.0,"id":40096576},{"ltp":1.25,"id":40096580}]}]}
{"op":"mcm","clk":"11799007058","pt":1723043937516,"mc":[{"id":"1.231402835","rc":[{"ltp":5.1,"id":40096576},{"ltp":1.24,"id":40096580}]}]}
{"op":"mcm","clk":"11799013572","pt":1723043997593,"mc":[{"id":"1.231402835","rc":[{"ltp":5.0,"id":40096576}]}]}
{"op":"mcm","clk":"11799020369","pt":1723044057599,"mc":[{"id":"1.231402835","rc":[{"ltp":1.25,"id":40096580}]}]}
{"op":"mcm","clk":"11799026785","pt":1723044117590,"mc":[{"id":"1.231402835","rc":[{"ltp":5.2,"id":40096576},{"ltp":1.24,"id":40096580}]}]}
{"op":"mcm","clk":"11799039884","pt":1723044237661,"mc":[{"id":"1.231402835","rc":[{"ltp":5.0,"id":40096576},{"ltp":1.25,"id":40096580}]}]}
{"op":"mcm","clk":"11799046351","pt":1723044297440,"mc":[{"id":"1.231402835","rc":[{"ltp":5.1,"id":40096576}]}]}
{"op":"mcm","clk":"11799052598","pt":1723044357651,"mc":[{"id":"1.231402835","rc":[{"ltp":5.2,"id":40096576},{"ltp":1.24,"id":40096580}]}]}
{"op":"mcm","clk":"11799057658","pt":1723044417444,"mc":[{"id":"1.231402835","rc":[{"ltp":5.0,"id":40096576}]}]}
{"op":"mcm","clk":"11799063019","pt":1723044477611,"mc":[{"id":"1.231402835","rc":[{"ltp":5.7,"id":40096576},{"ltp":1.21,"id":40096580}]}]}
{"op":"mcm","clk":"11799068021","pt":1723044537693,"mc":[{"id":"1.231402835","rc":[{"ltp":5.8,"id":40096576},{"ltp":1.22,"id":40096580}]}]}
{"op":"mcm","clk":"11799073292","pt":1723044597638,"mc":[{"id":"1.231402835","rc":[{"ltp":5.1,"id":40096576},{"ltp":1.24,"id":40096580}]}]}
{"op":"mcm","clk":"11799079195","pt":1723044657609,"mc":[{"id":"1.231402835","rc":[{"ltp":3.95,"id":40096576},{"ltp":1.34,"id":40096580}]}]}
{"op":"mcm","clk":"11799085319","pt":1723044717672,"mc":[{"id":"1.231402835","rc":[{"ltp":4.4,"id":40096576},{"ltp":1.29,"id":40096580}]}]}
{"op":"mcm","clk":"11799091588","pt":1723044777653,"mc":[{"id":"1.231402835","rc":[{"ltp":4.5,"id":40096576}]}]}
{"op":"mcm","clk":"11799098322","pt":1723044837629,"mc":[{"id":"1.231402835","rc":[{"ltp":5.5,"id":40096576},{"ltp":1.22,"id":40096580}]}]}
{"op":"mcm","clk":"11799104785","pt":1723044897691,"mc":[{"id":"1.231402835","rc":[{"ltp":5.8,"id":40096576},{"ltp":1.21,"id":40096580}]}]}
{"op":"mcm","clk":"11799111276","pt":1723044957669,"mc":[{"id":"1.231402835","rc":[{"ltp":5.1,"id":40096576},{"ltp":1.24,"id":40096580}]}]}
{"op":"mcm","clk":"11799117472","pt":1723045017525,"mc":[{"id":"1.231402835","rc":[{"ltp":5.3,"id":40096576},{"ltp":1.23,"id":40096580}]}]}
{"op":"mcm","clk":"11799123935","pt":1723045077693,"mc":[{"id":"1.231402835","rc":[{"ltp":6.4,"id":40096576},{"ltp":1.18,"id":40096580}]}]}
{"op":"mcm","clk":"11799130132","pt":1723045137678,"mc":[{"id":"1.231402835","rc":[{"ltp":1.19,"id":40096580}]}]}
{"op":"mcm","clk":"11799136568","pt":1723045197666,"mc":[{"id":"1.231402835","rc":[{"ltp":10.0,"id":40096576},{"ltp":1.11,"id":40096580}]}]}
{"op":"mcm","clk":"11799143211","pt":1723045257642,"mc":[{"id":"1.231402835","rc":[{"ltp":15.0,"id":40096576},{"ltp":1.07,"id":40096580}]}]}
{"op":"mcm","clk":"11799149592","pt":1723045317695,"mc":[{"id":"1.231402835","rc":[{"ltp":13.5,"id":40096576},{"ltp":1.08,"id":40096580}]}]}
{"op":"mcm","clk":"11799155769","pt":1723045377684,"mc":[{"id":"1.231402835","rc":[{"ltp":12.5,"id":40096576}]}]}
{"op":"mcm","clk":"11799161417","pt":1723045437637,"mc":[{"id":"1.231402835","rc":[{"ltp":11.0,"id":40096576},{"ltp":1.1,"id":40096580}]}]}
{"op":"mcm","clk":"11799167201","pt":1723045497705,"mc":[{"id":"1.231402835","rc":[{"ltp":9.4,"id":40096576},{"ltp":1.11,"id":40096580}]}]}
{"op":"mcm","clk":"11799173520","pt":1723045557678,"mc":[{"id":"1.231402835","rc":[{"ltp":10.5,"id":40096576}]}]}
{"op":"mcm","clk":"11799179678","pt":1723045617643,"mc":[{"id":"1.231402835","rc":[{"ltp":1.1,"id":40096580}]}]}
{"op":"mcm","clk":"11799185915","pt":1723045677633,"mc":[{"id":"1.231402835","rc":[{"ltp":10.0,"id":40096576},{"ltp":1.11,"id":40096580}]}]}
{"op":"mcm","clk":"11799191892","pt":1723045737676,"mc":[{"id":"1.231402835","rc":[{"ltp":26.0,"id":40096576},{"ltp":1.04,"id":40096580}]}]}
{"op":"mcm","clk":"11799198119","pt":1723045797651,"mc":[{"id":"1.231402835","rc":[{"ltp":29.0,"id":40096576}]}]}
{"op":"mcm","clk":"11799204655","pt":1723045857704,"mc":[{"id":"1.231402835","rc":[{"ltp":28.0,"id":40096576}]}]}
{"op":"mcm","clk":"11799210804","pt":1723045917674,"mc":[{"id":"1.231402835","rc":[{"ltp":29.0,"id":40096576}]}]}
{"op":"mcm","clk":"11799216869","pt":1723045977655,"mc":[{"id":"1.231402835","rc":[{"ltp":22.0,"id":40096576},{"ltp":1.05,"id":40096580}]}]}
{"op":"mcm","clk":"11799222676","pt":1723046037670,"mc":[{"id":"1.231402835","rc":[{"ltp":24.0,"id":40096576},{"ltp":1.04,"id":40096580}]}]}
{"op":"mcm","clk":"11799228549","pt":1723046097658,"mc":[{"id":"1.231402835","rc":[{"ltp":26.0,"id":40096576}]}]}
{"op":"mcm","clk":"11799234603","pt":1723046157607,"mc":[{"id":"1.231402835","rc":[{"ltp":30.0,"id":40096576}]}]}
{"op":"mcm","clk":"11799240852","pt":1723046217629,"mc":[{"id":"1.231402835","rc":[{"ltp":22.0,"id":40096576}]}]}
{"op":"mcm","clk":"11799246157","pt":1723046277616,"mc":[{"id":"1.231402835","rc":[{"ltp":18.5,"id":40096576},{"ltp":1.06,"id":40096580}]}]}
{"op":"mcm","clk":"11799252000","pt":1723046337699,"mc":[{"id":"1.231402835","rc":[{"ltp":12.0,"id":40096576},{"ltp":1.09,"id":40096580}]}]}
{"op":"mcm","clk":"11799257450","pt":1723046397638,"mc":[{"id":"1.231402835","rc":[{"ltp":13.5,"id":40096576},{"ltp":1.08,"id":40096580}]}]}
{"op":"mcm","clk":"11799263098","pt":1723046457701,"mc":[{"id":"1.231402835","rc":[{"ltp":26.0,"id":40096576},{"ltp":1.04,"id":40096580}]}]}
{"op":"mcm","clk":"11799268571","pt":1723046517675,"mc":[{"id":"1.231402835","rc":[{"ltp":34.0,"id":40096576},{"ltp":1.03,"id":40096580}]}]}
{"op":"mcm","clk":"11799273737","pt":1723046577663,"mc":[{"id":"1.231402835","rc":[{"ltp":1.02,"id":40096580}]}]}
{"op":"mcm","clk":"11799279467","pt":1723046637582,"mc":[{"id":"1.231402835","rc":[{"ltp":1.03,"id":40096580}]}]}
{"op":"mcm","clk":"11799290873","pt":1723046757622,"mc":[{"id":"1.231402835","rc":[{"ltp":29.0,"id":40096576},{"ltp":1.04,"id":40096580}]}]}
{"op":"mcm","clk":"11799296731","pt":1723046817691,"mc":[{"id":"1.231402835","rc":[{"ltp":34.0,"id":40096576}]}]}
{"op":"mcm","clk":"11799303126","pt":1723046877549,"mc":[{"id":"1.231402835","rc":[{"ltp":32.0,"id":40096576},{"ltp":1.03,"id":40096580}]}]}
{"op":"mcm","clk":"11799309373","pt":1723046937388,"mc":[{"id":"1.231402835","rc":[{"ltp":28.0,"id":40096576},{"ltp":1.04,"id":40096580}]}]}
{"op":"mcm","clk":"11799315973","pt":1723046997572,"mc":[{"id":"1.231402835","rc":[{"ltp":25.0,"id":40096576}]}]}
{"op":"mcm","clk":"11799322250","pt":1723047057656,"mc":[{"id":"1.231402835","rc":[{"ltp":140.0,"id":40096576},{"ltp":1.01,"id":40096580}]}]}
{"op":"mcm","clk":"11799335326","pt":1723047177572,"mc":[{"id":"1.231402835","rc":[{"ltp":160.0,"id":40096576}]}]}
{"op":"mcm","clk":"11799341689","pt":1723047237420,"mc":[{"id":"1.231402835","rc":[{"ltp":170.0,"id":40096576}]}]}
{"op":"mcm","clk":"11799347942","pt":1723047297539,"mc":[{"id":"1.231402835","rc":[{"ltp":130.0,"id":40096576}]}]}
{"op":"mcm","clk":"11799354218","pt":1723047357692,"mc":[{"id":"1.231402835","rc":[{"ltp":170.0,"id":40096576}]}]}
{"op":"mcm","clk":"11799360021","pt":1723047417665,"mc":[{"id":"1.231402835","rc":[{"ltp":160.0,"id":40096576}]}]}
{"op":"mcm","clk":"11799366302","pt":1723047477690,"mc":[{"id":"1.231402835","rc":[{"ltp":80.0,"id":40096576},{"ltp":1.02,"id":40096580}]}]}
{"op":"mcm","clk":"11799372336","pt":1723047537667,"mc":[{"id":"1.231402835","rc":[{"ltp":55.0,"id":40096576}]}]}
{"op":"mcm","clk":"11799383026","pt":1723047657610,"mc":[{"id":"1.231402835","rc":[{"ltp":110.0,"id":40096576},{"ltp":1.01,"id":40096580}]}]}
{"op":"mcm","clk":"11799388766","pt":1723047717656,"mc":[{"id":"1.231402835","rc":[{"ltp":120.0,"id":40096576}]}]}
{"op":"mcm","clk":"11799394317","pt":1723047777445,"mc":[{"id":"1.231402835","rc":[{"ltp":170.0,"id":40096576}]}]}
{"op":"mcm","clk":"11799399682","pt":1723047837178,"mc":[{"id":"1.231402835","rc":[{"ltp":120.0,"id":40096576}]}]}
{"op":"mcm","clk":"11799404803","pt":1723047897060,"mc":[{"id":"1.231402835","rc":[{"ltp":140.0,"id":40096576}]}]}
{"op":"mcm","clk":"11799410700","pt":1723047957513,"mc":[{"id":"1.231402835","rc":[{"ltp":200.0,"id":40096576}]}]}
{"op":"mcm","clk":"11799422178","pt":1723048076810,"mc":[{"id":"1.231402835","rc":[{"ltp":520.0,"id":40096576}]}]}
{"op":"mcm","clk":"11799428059","pt":1723048136599,"mc":[{"id":"1.231402835","rc":[{"ltp":1000.0,"id":40096576}]}]}
{"op":"mcm","clk":"11799491619","pt":1723048795491,"mc":[{"id":"1.231402835","marketDefinition":{"bspMarket":false,"turnInPlayEnabled":true,"persistenceEnabled":true,"marketBaseRate":5.0,"eventId":"33465487","eventTypeId":"4","numberOfWinners":1,"bettingType":"ODDS","marketType":"MATCH_ODDS","marketTime":"2024-08-07T14:00:00.000Z","suspendTime":"2024-08-07T14:00:00.000Z","bspReconciled":false,"complete":true,"inPlay":true,"crossMatching":true,"runnersVoidable":false,"numberOfActiveRunners":2,"betDelay":5,"status":"SUSPENDED","runners":[{"status":"ACTIVE","sortPriority":1,"id":40096580,"name":"Trent Rockets Women"},{"status":"ACTIVE","sortPriority":2,"id":40096576,"name":"London Spirit Women"}],"regulators":["MR_INT"],"countryCode":"GB","discountAllowed":true,"timezone":"GMT","openDate":"2024-08-07T14:00:00.000Z","version":6060826232,"name":"Match Odds","eventName":"Trent Rockets Women v London Spirit Women"}}]}
{"op":"mcm","clk":"11799514809","pt":1723048976812,"mc":[{"id":"1.231402835","marketDefinition":{"bspMarket":false,"turnInPlayEnabled":true,"persistenceEnabled":true,"marketBaseRate":5.0,"eventId":"33465487","eventTypeId":"4","numberOfWinners":1,"bettingType":"ODDS","marketType":"MATCH_ODDS","marketTime":"2024-08-07T14:00:00.000Z","suspendTime":"2024-08-07T14:00:00.000Z","bspReconciled":false,"complete":true,"inPlay":true,"crossMatching":false,"runnersVoidable":false,"numberOfActiveRunners":0,"betDelay":5,"status":"CLOSED","settledTime":"2024-08-07T16:41:39.000Z","runners":[{"status":"WINNER","sortPriority":1,"id":40096580,"name":"Trent Rockets Women"},{"status":"LOSER","sortPriority":2,"id":40096576,"name":"London Spirit Women"}],"regulators":["MR_INT"],"countryCode":"GB","discountAllowed":true,"timezone":"GMT","openDate":"2024-08-07T14:00:00.000Z","version":6060835397,"name":"Match Odds","eventName":"Trent Rockets Women v London Spirit Women"}}]}
