{"op":"mcm","clk":"11819318076","pt":1723293576929,"mc":[{"id":"1.231659675","marketDefinition":{"bspMarket":false,"turnInPlayEnabled":true,"persistenceEnabled":true,"marketBaseRate":5.0,"eventId":"33483325","eventTypeId":"4","numberOfWinners":1,"bettingType":"ODDS","marketType":"MATCH_ODDS","marketTime":"2024-08-12T14:00:00.000Z","suspendTime":"2024-08-12T14:00:00.000Z","bspReconciled":false,"complete":true,"inPlay":false,"crossMatching":true,"runnersVoidable":false,"numberOfActiveRunners":2,"betDelay":0,"status":"OPEN","runners":[{"status":"ACTIVE","sortPriority":1,"id":40096575,"name":"Birmingham Phoenix Women"},{"status":"ACTIVE","sortPriority":2,"id":40096580,"name":"Trent Rockets Women"}],"regulators":["MR_INT"],"countryCode":"GB","discountAllowed":true,"timezone":"GMT","openDate":"2024-08-12T14:00:00.000Z","version":6065767232,"name":"Match Odds","eventName":"Birmingham Phoenix Women v Trent Rockets Women"}}]}
{"op":"mcm","clk":"11825527987","pt":1723325124814,"mc":[{"id":"1.231659675","rc":[{"ltp":2.24,"id":40096575},{"ltp":1.81,"id":40096580}]}]}
{"op":"mcm","clk":"11832145113","pt":1723393231377,"mc":[{"id":"1.231659675","rc":[{"ltp":1.79,"id":40096580}]}]}
{"op":"mcm","clk":"11833031605","pt":1723399173835,"mc":[{"id":"1.231659675","rc":[{"ltp":2.28,"id":40096575}]}]}
{"op":"mcm","clk":"11834192199","pt":1723405987934,"mc":[{"id":"1.231659675","rc":[{"ltp":2.26,"id":40096575}]}]}
{"op":"mcm","clk":"11834225582","pt":1723406240880,"mc":[{"id":"1.231659675","rc":[{"ltp":2.08,"id":40096575},{"ltp":1.84,"id":40096580}]}]}
{"op":"mcm","clk":"11834937285","pt":1723413503651,"mc":[{"id":"1.231659675","rc":[{"ltp":1.93,"id":40096580}]}]}
{"op":"mcm","clk":"11834940598","pt":1723413566668,"mc":[{"id":"1.231659675","rc":[{"ltp":1.96,"id":40096580}]}]}
{"op":"mcm","clk":"11834946668","pt":1723413681524,"mc":[{"id":"1.231659675","rc":[{"ltp":1.91,"id":40096580}]}]}
{"op":"mcm","clk":"11834948832","pt":1723413718188,"mc":[{"id":"1.231659675","rc":[{"ltp":2.1,"id":40096575}]}]}
{"op":"mcm","clk":"11834984796","pt":1723414313260,"mc":[{"id":"1.231659675","rc":[{"ltp":1.95,"id":40096580}]}]}
{"op":"mcm","clk":"11834988090","pt":1723414365685,"mc":[{"id":"1.231659675","rc":[{"ltp":1.85,"id":40096580}]}]}
{"op":"mcm","clk":"11835066423","pt":1723415862900,"mc":[{"id":"1.231659675","rc":[{"ltp":2.08,"id":40096575}]}]}
{"op":"mcm","clk":"11835071208","pt":1723415972284,"mc":[{"id":"1.231659675","rc":[{"ltp":1.92,"id":40096580}]}]}
{"op":"mcm","clk":"11835076356","pt":1723416091005,"mc":[{"id":"1.231659675","rc":[{"ltp":2.18,"id":40096575},{"ltp":1.85,"id":40096580}]}]}
{"op":"mcm","clk":"11835098473","pt":1723416430030,"mc":[{"id":"1.231659675","rc":[{"ltp":2.22,"id":40096575},{"ltp":1.8,"id":40096580}]}]}
{"op":"mcm","clk":"11835101543","pt":1723416497962,"mc":[{"id":"1.231659675","rc":[{"ltp":2.24,"id":40096575},{"ltp":1.81,"id":40096580}]}]}
{"op":"mcm","clk":"11835250348","pt":1723419093326,"mc":[{"id":"1.231659675","rc":[{"ltp":2.22,"id":40096575},{"ltp":1.82,"id":40096580}]}]}
{"op":"mcm","clk":"11835274459","pt":1723419486489,"mc":[{"id":"1.231659675","rc":[{"ltp":2.14,"id":40096575},{"ltp":1.87,"id":40096580}]}]}
{"op":"mcm","clk":"11835335394","pt":1723420691784,"mc":[{"id":"1.231659675","rc":[{"ltp":1.82,"id":40096580}]}]}
{"op":"mcm","clk":"11835336538","pt":1723420715421,"mc":[{"id":"1.231659675","rc":[{"ltp":1.81,"id":40096580}]}]}
{"op":"mcm","clk":"11835348916","pt":1723420948073,"mc":[{"id":"1.231659675","rc":[{"ltp":1.82,"id":40096580}]}]}
{"op":"mcm","clk":"11835399215","pt":1723421762489,"mc":[{"id":"1.231659675","rc":[{"ltp":1.84,"id":40096580}]}]}
{"op":"mcm","clk":"11835445142","pt":1723422501646,"mc":[{"id":"1.231659675","rc":[{"ltp":1.82,"id":40096580}]}]}
{"op":"mcm","clk":"11835473774","pt":1723423044147,"mc":[{"id":"1.231659675","rc":[{"ltp":1.83,"id":40096580}]}]}
{"op":"mcm","clk":"11835523772","pt":1723424235924,"mc":[{"id":"1.231659675","rc":[{"ltp":1.82,"id":40096580}]}]}
{"op":"mcm","clk":"11835569551","pt":1723426233243,"mc":[{"id":"1.231659675","rc":[{"ltp":2.2,"id":40096575}]}]}
{"op":"mcm","clk":"11835660370","pt":1723429192615,"mc":[{"id":"1.231659675","rc":[{"ltp":1.81,"id":40096580}]}]}
{"op":"mcm","clk":"11835681383","pt":1723429917102,"mc":[{"id":"1.231659675","rc":[{"ltp":1.83,"id":40096580}]}]}
{"op":"mcm","clk":"11835682560","pt":1723429956031,"mc":[{"id":"1.231659675","rc":[{"ltp":1.82,"id":40096580}]}]}
{"op":"mcm","clk":"11835723740","pt":1723431187505,"mc":[{"id":"1.231659675","rc":[{"ltp":2.22,"id":40096575},{"ltp":1.8,"id":40096580}]}]}
{"op":"mcm","clk":"11835725933","pt":1723431261372,"mc":[{"id":"1.231659675","rc":[{"ltp":1.79,"id":40096580}]}]}
{"op":"mcm","clk":"11835728105","pt":1723431333664,"mc":[{"id":"1.231659675","rc":[{"ltp":1.76,"id":40096580}]}]}
{"op":"mcm","clk":"11835733692","pt":1723431513614,"mc":[{"id":"1.231659675","rc":[{"ltp":1.72,"id":40096580}]}]}
{"op":"mcm","clk":"11835735143","pt":1723431570177,"mc":[{"id":"1.231659675","rc":[{"ltp":1.71,"id":40096580}]}]}
{"op":"mcm","clk":"11835738967","pt":1723431692768,"mc":[{"id":"1.231659675","rc":[{"ltp":1.72,"id":40096580}]}]}
{"op":"mcm","clk":"11835753687","pt":1723432103891,"mc":[{"id":"1.231659675","rc":[{"ltp":2.34,"id":40096575},{"ltp":1.75,"id":40096580}]}]}
{"op":"mcm","clk":"11835757387","pt":1723432191130,"mc":[{"id":"1.231659675","rc":[{"ltp":1.76,"id":40096580}]}]}
{"op":"mcm","clk":"11835761199","pt":1723432293284,"mc":[{"id":"1.231659675","rc":[{"ltp":1.75,"id":40096580}]}]}
{"op":"mcm","clk":"11835785536","pt":1723432771858,"mc":[{"id":"1.231659675","rc":[{"ltp":2.3,"id":40096575}]}]}
{"op":"mcm","clk":"11835790280","pt":1723432891807,"mc":[{"id":"1.231659675","rc":[{"ltp":1.78,"id":40096580}]}]}
{"op":"mcm","clk":"11835792934","pt":1723432952659,"mc":[{"id":"1.231659675","rc":[{"ltp":2.28,"id":40096575}]}]}
{"op":"mcm","clk":"11835795456","pt":1723433012854,"mc":[{"id":"1.231659675","rc":[{"ltp":1.77,"id":40096580}]}]}
{"op":"mcm","clk":"11835797347","pt":1723433057800,"mc":[{"id":"1.231659675","rc":[{"ltp":1.79,"id":40096580}]}]}
{"op":"mcm","clk":"11835801866","pt":1723433192142,"mc":[{"id":"1.231659675","rc":[{"ltp":1.8,"id":40096580}]}]}
{"op":"mcm","clk":"11835803610","pt":1723433238715,"mc":[{"id":"1.231659675","rc":[{"ltp":1.79,"id":40096580}]}]}
{"op":"mcm","clk":"11835811028","pt":1723433464995,"mc":[{"id":"1.231659675","rc":[{"ltp":1.78,"id":40096580}]}]}
{"op":"mcm","clk":"11835815373","pt":1723433610165,"mc":[{"id":"1.231659675","rc":[{"ltp":1.79,"id":40096580}]}]}
{"op":"mcm","clk":"11835881307","pt":1723435712049,"mc":[{"id":"1.231659675","rc":[{"ltp":1.78,"id":40096580}]}]}
{"op":"mcm","clk":"11835899540","pt":1723436250583,"mc":[{"id":"1.231659675","rc":[{"ltp":2.3,"id":40096575},{"ltp":1.77,"id":40096580}]}]}
{"op":"mcm","clk":"11835906176","pt":1723436481668,"mc":[{"id":"1.231659675","rc":[{"ltp":1.78,"id":40096580}]}]}
{"op":"mcm","clk":"11835912474","pt":1723436670580,"mc":[{"id":"1.231659675","rc":[{"ltp":1.77,"id":40096580}]}]}
{"op":"mcm","clk":"11835918394","pt":1723436862086,"mc":[{"id":"1.231659675","rc":[{"ltp":1.78,"id":40096580}]}]}
{"op":"mcm","clk":"11836035457","pt":1723440991241,"mc":[{"id":"1.231659675","rc":[{"ltp":1.75,"id":40096580}]}]}
{"op":"mcm","clk":"11836035589","pt":1723440998037,"mc":[{"id":"1.231659675","rc":[{"ltp":1.78,"id":40096580}]}]}
{"op":"mcm","clk":"11836130201","pt":1723443633097,"mc":[{"id":"1.231659675","rc":[{"ltp":2.28,"id":40096575}]}]}
{"op":"mcm","clk":"11836182003","pt":1723445232182,"mc":[{"id":"1.231659675","rc":[{"ltp":1.77,"id":40096580}]}]}
{"op":"mcm","clk":"11836201129","pt":1723445851340,"mc":[{"id":"1.231659675","rc":[{"ltp":2.3,"id":40096575}]}]}
{"op":"mcm","clk":"11836217713","pt":1723446362551,"mc":[{"id":"1.231659675","rc":[{"ltp":2.28,"id":40096575}]}]}
{"op":"mcm","clk":"11836231500","pt":1723446771386,"mc":[{"id":"1.231659675","rc":[{"ltp":1.76,"id":40096580}]}]}
{"op":"mcm","clk":"11836234754","pt":1723446888360,"mc":[{"id":"1.231659675","rc":[{"ltp":1.77,"id":40096580}]}]}
{"op":"mcm","clk":"11836241699","pt":1723447114124,"mc":[{"id":"1.231659675","rc":[{"ltp":1.76,"id":40096580}]}]}
{"op":"mcm","clk":"11836263197","pt":1723447854297,"mc":[{"id":"1.231659675","rc":[{"ltp":1.77,"id":40096580}]}]}
{"op":"mcm","clk":"11836303419","pt":1723449393492,"mc":[{"id":"1.231659675","rc":[{"ltp":1.76,"id":40096580}]}]}
{"op":"mcm","clk":"11836305202","pt":1723449480725,"mc":[{"id":"1.231659675","rc":[{"ltp":1.77,"id":40096580}]}]}
{"op":"mcm","clk":"11836310708","pt":1723449692489,"mc":[{"id":"1.231659675","rc":[{"ltp":2.24,"id":40096575},{"ltp":1.8,"id":40096580}]}]}
{"op":"mcm","clk":"11836312251","pt":1723449748524,"mc":[{"id":"1.231659675","rc":[{"ltp":2.26,"id":40096575}]}]}
{"op":"mcm","clk":"11836313934","pt":1723449802781,"mc":[{"id":"1.231659675","rc":[{"ltp":2.24,"id":40096575}]}]}
{"op":"mcm","clk":"11836334225","pt":1723450558497,"mc":[{"id":"1.231659675","rc":[{"ltp":2.3,"id":40096575},{"ltp":1.77,"id":40096580}]}]}
{"op":"mcm","clk":"11836340973","pt":1723450863681,"mc":[{"id":"1.231659675","rc":[{"ltp":2.28,"id":40096575}]}]}
{"op":"mcm","clk":"11836420440","pt":1723453655818,"mc":[{"id":"1.231659675","rc":[{"ltp":2.3,"id":40096575}]}]}
{"op":"mcm","clk":"11836445109","pt":1723454187821,"mc":[{"id":"1.231659675","rc":[{"ltp":1.78,"id":40096580}]}]}
{"op":"mcm","clk":"11836455156","pt":1723454543042,"mc":[{"id":"1.231659675","rc":[{"ltp":1.79,"id":40096580}]}]}
{"op":"mcm","clk":"11836458045","pt":1723454668430,"mc":[{"id":"1.231659675","rc":[{"ltp":1.78,"id":40096580}]}]}
{"op":"mcm","clk":"11836460939","pt":1723454783461,"mc":[{"id":"1.231659675","rc":[{"ltp":2.26,"id":40096575}]}]}
{"op":"mcm","clk":"11836467570","pt":1723455086352,"mc":[{"id":"1.231659675","rc":[{"ltp":1.77,"id":40096580}]}]}
{"op":"mcm","clk":"11836468345","pt":1723455118804,"mc":[{"id":"1.231659675","rc":[{"ltp":1.79,"id":40096580}]}]}
{"op":"mcm","clk":"11836478755","pt":1723455492638,"mc":[{"id":"1.231659675","rc":[{"ltp":1.78,"id":40096580}]}]}
{"op":"mcm","clk":"11836483933","pt":1723455674977,"mc":[{"id":"1.231659675","rc":[{"ltp":1.77,"id":40096580}]}]}
{"op":"mcm","clk":"11836490191","pt":1723455932022,"mc":[{"id":"1.231659675","rc":[{"ltp":1.78,"id":40096580}]}]}
{"op":"mcm","clk":"11836492600","pt":1723456053141,"mc":[{"id":"1.231659675","rc":[{"ltp":2.3,"id":40096575},{"ltp":1.76,"id":40096580}]}]}
{"op":"mcm","clk":"11836494943","pt":1723456113439,"mc":[{"id":"1.231659675","rc":[{"ltp":1.77,"id":40096580}]}]}
{"op":"mcm","clk":"11836497136","pt":1723456199158,"mc":[{"id":"1.231659675","rc":[{"ltp":2.28,"id":40096575}]}]}
{"op":"mcm","clk":"11836508559","pt":1723456518808,"mc":[{"id":"1.231659675","rc":[{"ltp":1.78,"id":40096580}]}]}
{"op":"mcm","clk":"11836533231","pt":1723457174529,"mc":[{"id":"1.231659675","rc":[{"ltp":1.77,"id":40096580}]}]}
{"op":"mcm","clk":"11836537739","pt":1723457301603,"mc":[{"id":"1.231659675","rc":[{"ltp":1.78,"id":40096580}]}]}
{"op":"mcm","clk":"11836542574","pt":1723457422608,"mc":[{"id":"1.231659675","rc":[{"ltp":1.77,"id":40096580}]}]}
{"op":"mcm","clk":"11836545745","pt":1723457480135,"mc":[{"id":"1.231659675","rc":[{"ltp":1.78,"id":40096580}]}]}
{"op":"mcm","clk":"11836579420","pt":1723458509393,"mc":[{"id":"1.231659675","rc":[{"ltp":1.77,"id":40096580}]}]}
{"op":"mcm","clk":"11836588189","pt":1723458753729,"mc":[{"id":"1.231659675","rc":[{"ltp":2.3,"id":40096575}]}]}
{"op":"mcm","clk":"11836591715","pt":1723458863455,"mc":[{"id":"1.231659675","rc":[{"ltp":2.28,"id":40096575}]}]}
{"op":"mcm","clk":"11836609486","pt":1723459292528,"mc":[{"id":"1.231659675","rc":[{"ltp":1.78,"id":40096580}]}]}
{"op":"mcm","clk":"11836610977","pt":1723459339026,"mc":[{"id":"1.231659675","rc":[{"ltp":1.77,"id":40096580}]}]}
{"op":"mcm","clk":"11836656281","pt":1723460364237,"mc":[{"id":"1.231659675","rc":[{"ltp":1.78,"id":40096580}]}]}
{"op":"mcm","clk":"11836661402","pt":1723460478398,"mc":[{"id":"1.231659675","rc":[{"ltp":2.26,"id":40096575},{"ltp":1.79,"id":40096580}]}]}
{"op":"mcm","clk":"11836666051","pt":1723460601513,"mc":[{"id":"1.231659675","rc":[{"ltp":1.8,"id":40096580}]}]}
{"op":"mcm","clk":"11836670196","pt":1723460732861,"mc":[{"id":"1.231659675","rc":[{"ltp":2.24,"id":40096575}]}]}
{"op":"mcm","clk":"11836675018","pt":1723460912209,"mc":[{"id":"1.231659675","rc":[{"ltp":2.26,"id":40096575},{"ltp":1.79,"id":40096580}]}]}
{"op":"mcm","clk":"11836676642","pt":1723460952540,"mc":[{"id":"1.231659675","rc":[{"ltp":2.24,"id":40096575}]}]}
{"op":"mcm","clk":"11836679503","pt":1723461028823,"mc":[{"id":"1.231659675","rc":[{"ltp":1.78,"id":40096580}]}]}
{"op":"mcm","clk":"11836681455","pt":1723461082698,"mc":[{"id":"1.231659675","rc":[{"ltp":2.28,"id":40096575}]}]}
{"op":"mcm","clk":"11836699035","pt":1723461544367,"mc":[{"id":"1.231659675","rc":[{"ltp":2.24,"id":40096575}]}]}
{"op":"mcm","clk":"11836704849","pt":1723461683501,"mc":[{"id":"1.231659675","rc":[{"ltp":1.8,"id":40096580}]}]}
{"op":"mcm","clk":"11836712455","pt":1723461870818,"mc":[{"id":"1.231659675","rc":[{"ltp":1.79,"id":40096580}]}]}
{"op":"mcm","clk":"11836718709","pt":1723462101099,"mc":[{"id":"1.231659675","rc":[{"ltp":2.28,"id":40096575},{"ltp":1.78,"id":40096580}]}]}
{"op":"mcm","clk":"11836722637","pt":1723462218946,"mc":[{"id":"1.231659675","rc":[{"ltp":1.77,"id":40096580}]}]}
{"op":"mcm","clk":"11836742502","pt":1723463000395,"mc":[{"id":"1.231659675","rc":[{"ltp":1.78,"id":40096580}]}]}
{"op":"mcm","clk":"11836746275","pt":1723463132469,"mc":[{"id":"1.231659675","rc":[{"ltp":1.77,"id":40096580}]}]}
{"op":"mcm","clk":"11836748802","pt":1723463223770,"mc":[{"id":"1.231659675","rc":[{"ltp":2.3,"id":40096575}]}]}
{"op":"mcm","clk":"11836752267","pt":1723463360226,"mc":[{"id":"1.231659675","rc":[{"ltp":1.76,"id":40096580}]}]}
{"op":"mcm","clk":"11836754361","pt":1723463476733,"mc":[{"id":"1.231659675","rc":[{"ltp":1.77,"id":40096580}]}]}
{"op":"mcm","clk":"11836771389","pt":1723464073948,"mc":[{"id":"1.231659675","rc":[{"ltp":1.76,"id":40096580}]}]}
{"op":"mcm","clk":"11836773680","pt":1723464153290,"mc":[{"id":"1.231659675","rc":[{"ltp":1.77,"id":40096580}]}]}
{"op":"mcm","clk":"11836775148","pt":1723464212835,"mc":[{"id":"1.231659675","rc":[{"ltp":2.28,"id":40096575},{"ltp":1.78,"id":40096580}]}]}
{"op":"mcm","clk":"11836785757","pt":1723464572756,"mc":[{"id":"1.231659675","rc":[{"ltp":2.24,"id":40096575},{"ltp":1.8,"id":40096580}]}]}
{"op":"mcm","clk":"11836789469","pt":1723464693404,"mc":[{"id":"1.231659675","rc":[{"ltp":1.81,"id":40096580}]}]}
{"op":"mcm","clk":"11836791397","pt":1723464751255,"mc":[{"id":"1.231659675","rc":[{"ltp":1.8,"id":40096580}]}]}
{"op":"mcm","clk":"11836799447","pt":1723464786804,"mc":[{"id":"1.231659675","rc":[{"ltp":2.22,"id":40096575},{"ltp":1.81,"id":40096580}]}]}
{"op":"mcm","clk":"11836816616","pt":1723465292994,"mc":[{"id":"1.231659675","rc":[{"ltp":2.24,"id":40096575},{"ltp":1.8,"id":40096580}]}]}
{"op":"mcm","clk":"11836819087","pt":1723465365342,"mc":[{"id":"1.231659675","rc":[{"ltp":1.79,"id":40096580}]}]}
{"op":"mcm","clk":"11836827129","pt":1723465588201,"mc":[{"id":"1.231659675","rc":[{"ltp":2.22,"id":40096575},{"ltp":1.81,"id":40096580}]}]}
{"op":"mcm","clk":"11836829082","pt":1723465649175,"mc":[{"id":"1.231659675","rc":[{"ltp":1.79,"id":40096580}]}]}
{"op":"mcm","clk":"11836834202","pt":1723465831893,"mc":[{"id":"1.231659675","rc":[{"ltp":2.24,"id":40096575},{"ltp":1.78,"id":40096580}]}]}
{"op":"mcm","clk":"11836838038","pt":1723465948813,"mc":[{"id":"1.231659675","rc":[{"ltp":2.3,"id":40096575},{"ltp":1.75,"id":40096580}]}]}
{"op":"mcm","clk":"11836840949","pt":1723466069536,"mc":[{"id":"1.231659675","rc":[{"ltp":1.76,"id":40096580}]}]}
{"op":"mcm","clk":"11836842419","pt":1723466130608,"mc":[{"id":"1.231659675","rc":[{"ltp":2.28,"id":40096575}]}]}
{"op":"mcm","clk":"11836843832","pt":1723466188981,"mc":[{"id":"1.231659675","rc":[{"ltp":1.79,"id":40096580}]}]}
{"op":"mcm","clk":"11836844101","pt":1723466199517,"mc":[{"id":"1.231659675","rc":[{"ltp":1.78,"id":40096580}]}]}
{"op":"mcm","clk":"11836846503","pt":1723466297317,"mc":[{"id":"1.231659675","rc":[{"ltp":2.3,"id":40096575}]}]}
{"op":"mcm","clk":"11836849013","pt":1723466413753,"mc":[{"id":"1.231659675","rc":[{"ltp":1.77,"id":40096580}]}]}
{"op":"mcm","clk":"11836850771","pt":1723466487837,"mc":[{"id":"1.231659675","rc":[{"ltp":1.78,"id":40096580}]}]}
{"op":"mcm","clk":"11836855186","pt":1723466672110,"mc":[{"id":"1.231659675","rc":[{"ltp":2.22,"id":40096575},{"ltp":1.81,"id":40096580}]}]}
{"op":"mcm","clk":"11836857047","pt":1723466733875,"mc":[{"id":"1.231659675","rc":[{"ltp":2.08,"id":40096575},{"ltp":1.99,"id":40096580}]}]}
{"op":"mcm","clk":"11836858787","pt":1723466793868,"mc":[{"id":"1.231659675","rc":[{"ltp":2.14,"id":40096575},{"ltp":1.87,"id":40096580}]}]}
{"op":"mcm","clk":"11836862289","pt":1723466913341,"mc":[{"id":"1.231659675","rc":[{"ltp":1.84,"id":40096580}]}]}
{"op":"mcm","clk":"11836864398","pt":1723466973042,"mc":[{"id":"1.231659675","rc":[{"ltp":2.2,"id":40096575},{"ltp":1.82,"id":40096580}]}]}
{"op":"mcm","clk":"11836866048","pt":1723467031699,"mc":[{"id":"1.231659675","rc":[{"ltp":1.8,"id":40096580}]}]}
{"op":"mcm","clk":"11836868084","pt":1723467092485,"mc":[{"id":"1.231659675","rc":[{"ltp":1.79,"id":40096580}]}]}
{"op":"mcm","clk":"11836869868","pt":1723467148263,"mc":[{"id":"1.231659675","rc":[{"ltp":2.3,"id":40096575},{"ltp":1.78,"id":40096580}]}]}
{"op":"mcm","clk":"11836871526","pt":1723467203135,"mc":[{"id":"1.231659675","rc":[{"ltp":2.28,"id":40096575}]}]}
{"op":"mcm","clk":"11836873403","pt":1723467273817,"mc":[{"id":"1.231659675","rc":[{"ltp":2.3,"id":40096575}]}]}
{"op":"mcm","clk":"11836876347","pt":1723467392165,"mc":[{"id":"1.231659675","rc":[{"ltp":1.76,"id":40096580}]}]}
{"op":"mcm","clk":"11836883006","pt":1723467627286,"mc":[{"id":"1.231659675","rc":[{"ltp":1.78,"id":40096580}]}]}
{"op":"mcm","clk":"11836887743","pt":1723467809780,"mc":[{"id":"1.231659675","rc":[{"ltp":1.77,"id":40096580}]}]}
{"op":"mcm","clk":"11836888464","pt":1723467839986,"mc":[{"id":"1.231659675","rc":[{"ltp":1.76,"id":40096580}]}]}
{"op":"mcm","clk":"11836890339","pt":1723467930700,"mc":[{"id":"1.231659675","rc":[{"ltp":2.28,"id":40096575}]}]}
{"op":"mcm","clk":"11836891434","pt":1723467979176,"mc":[{"id":"1.231659675","rc":[{"ltp":1.78,"id":40096580}]}]}
{"op":"mcm","clk":"11836894956","pt":1723468107037,"mc":[{"id":"1.231659675","rc":[{"ltp":1.77,"id":40096580}]}]}
{"op":"mcm","clk":"11836896603","pt":1723468171309,"mc":[{"id":"1.231659675","rc":[{"ltp":1.78,"id":40096580}]}]}
{"op":"mcm","clk":"11836901100","pt":1723468333064,"mc":[{"id":"1.231659675","rc":[{"ltp":1.77,"id":40096580}]}]}
{"op":"mcm","clk":"11836906071","pt":1723468514652,"mc":[{"id":"1.231659675","rc":[{"ltp":2.3,"id":40096575},{"ltp":1.76,"id":40096580}]}]}
{"op":"mcm","clk":"11836908006","pt":1723468582189,"mc":[{"id":"1.231659675","rc":[{"ltp":2.28,"id":40096575},{"ltp":1.77,"id":40096580}]}]}
{"op":"mcm","clk":"11836911393","pt":1723468686612,"mc":[{"id":"1.231659675","rc":[{"ltp":1.76,"id":40096580}]}]}
{"op":"mcm","clk":"11836914301","pt":1723468770072,"mc":[{"id":"1.231659675","rc":[{"ltp":2.3,"id":40096575}]}]}
{"op":"mcm","clk":"11836915926","pt":1723468819148,"mc":[{"id":"1.231659675","rc":[{"ltp":2.28,"id":40096575},{"ltp":1.77,"id":40096580}]}]}
{"op":"mcm","clk":"11836920459","pt":1723468947223,"mc":[{"id":"1.231659675","rc":[{"ltp":1.76,"id":40096580}]}]}
{"op":"mcm","clk":"11836922561","pt":1723469011268,"mc":[{"id":"1.231659675","rc":[{"ltp":1.78,"id":40096580}]}]}
{"op":"mcm","clk":"11836924856","pt":1723469073072,"mc":[{"id":"1.231659675","rc":[{"ltp":2.3,"id":40096575}]}]}
{"op":"mcm","clk":"11836926939","pt":1723469132269,"mc":[{"id":"1.231659675","rc":[{"ltp":1.76,"id":40096580}]}]}
{"op":"mcm","clk":"11836928404","pt":1723469186842,"mc":[{"id":"1.231659675","rc":[{"ltp":2.28,"id":40096575}]}]}
{"op":"mcm","clk":"11836930030","pt":1723469253583,"mc":[{"id":"1.231659675","rc":[{"ltp":2.3,"id":40096575}]}]}
{"op":"mcm","clk":"11836932194","pt":1723469313774,"mc":[{"id":"1.231659675","rc":[{"ltp":2.28,"id":40096575}]}]}
{"op":"mcm","clk":"11836933974","pt":1723469360017,"mc":[{"id":"1.231659675","rc":[{"ltp":1.77,"id":40096580}]}]}
{"op":"mcm","clk":"11836936488","pt":1723469432132,"mc":[{"id":"1.231659675","rc":[{"ltp":1.78,"id":40096580}]}]}
{"op":"mcm","clk":"11836938772","pt":1723469493881,"mc":[{"id":"1.231659675","rc":[{"ltp":2.3,"id":40096575},{"ltp":1.76,"id":40096580}]}]}
{"op":"mcm","clk":"11836940784","pt":1723469553304,"mc":[{"id":"1.231659675","rc":[{"ltp":2.26,"id":40096575},{"ltp":1.8,"id":40096580}]}]}
{"op":"mcm","clk":"11836943069","pt":1723469613771,"mc":[{"id":"1.231659675","rc":[{"ltp":2.36,"id":40096575},{"ltp":1.72,"id":40096580}]}]}
{"op":"mcm","clk":"11836944832","pt":1723469670754,"mc":[{"id":"1.231659675","rc":[{"ltp":2.42,"id":40096575},{"ltp":1.7,"id":40096580}]}]}
{"op":"mcm","clk":"11836946938","pt":1723469733833,"mc":[{"id":"1.231659675","rc":[{"ltp":2.34,"id":40096575},{"ltp":1.74,"id":40096580}]}]}
{"op":"mcm","clk":"11836948826","pt":1723469793605,"mc":[{"id":"1.231659675","rc":[{"ltp":2.36,"id":40096575}]}]}
{"op":"mcm","clk":"11836950605","pt":1723469850808,"mc":[{"id":"1.231659675","rc":[{"ltp":2.4,"id":40096575},{"ltp":1.71,"id":40096580}]}]}
{"op":"mcm","clk":"11836952532","pt":1723469913869,"mc":[{"id":"1.231659675","rc":[{"ltp":2.5,"id":40096575},{"ltp":1.66,"id":40096580}]}]}
{"op":"mcm","clk":"11836956280","pt":1723470033832,"mc":[{"id":"1.231659675","rc":[{"ltp":2.56,"id":40096575},{"ltp":1.64,"id":40096580}]}]}
{"op":"mcm","clk":"11836958238","pt":1723470093723,"mc":[{"id":"1.231659675","rc":[{"ltp":2.6,"id":40096575},{"ltp":1.61,"id":40096580}]}]}
{"op":"mcm","clk":"11836960161","pt":1723470153899,"mc":[{"id":"1.231659675","rc":[{"ltp":2.68,"id":40096575},{"ltp":1.6,"id":40096580}]}]}
{"op":"mcm","clk":"11836968842","pt":1723470213687,"mc":[{"id":"1.231659675","rc":[{"ltp":2.7,"id":40096575}]}]}
{"op":"mcm","clk":"11836970904","pt":1723470273861,"mc":[{"id":"1.231659675","rc":[{"ltp":2.64,"id":40096575}]}]}
{"op":"mcm","clk":"11836972887","pt":1723470333834,"mc":[{"id":"1.231659675","rc":[{"ltp":2.68,"id":40096575},{"ltp":1.59,"id":40096580}]}]}
{"op":"mcm","clk":"11836974962","pt":1723470393887,"mc":[{"id":"1.231659675","rc":[{"ltp":2.76,"id":40096575},{"ltp":1.58,"id":40096580}]}]}
{"op":"mcm","clk":"11836976882","pt":1723470453588,"mc":[{"id":"1.231659675","rc":[{"ltp":2.68,"id":40096575},{"ltp":1.59,"id":40096580}]}]}
{"op":"mcm","clk":"11836980003","pt":1723470572846,"mc":[{"id":"1.231659675","rc":[{"ltp":2.64,"id":40096575},{"ltp":1.61,"id":40096580}]}]}
{"op":"mcm","clk":"11836981631","pt":1723470632994,"mc":[{"id":"1.231659675","rc":[{"ltp":2.68,"id":40096575},{"ltp":1.59,"id":40096580}]}]}
{"op":"mcm","clk":"11836983070","pt":1723470693571,"mc":[{"id":"1.231659675","rc":[{"ltp":1.58,"id":40096580}]}]}
{"op":"mcm","clk":"11836984463","pt":1723470752847,"mc":[{"id":"1.231659675","rc":[{"ltp":2.7,"id":40096575},{"ltp":1.59,"id":40096580}]}]}
{"op":"mcm","clk":"11836986023","pt":1723470813635,"mc":[{"id":"1.231659675","rc":[{"ltp":2.68,"id":40096575}]}]}
{"op":"mcm","clk":"11836987458","pt":1723470873793,"mc":[{"id":"1.231659675","rc":[{"ltp":2.72,"id":40096575},{"ltp":1.58,"id":40096580}]}]}
{"op":"mcm","clk":"11836989086","pt":1723470933490,"mc":[{"id":"1.231659675","rc":[{"ltp":2.7,"id":40096575},{"ltp":1.59,"id":40096580}]}]}
{"op":"mcm","clk":"11836990740","pt":1723470993842,"mc":[{"id":"1.231659675","rc":[{"ltp":2.72,"id":40096575},{"ltp":1.58,"id":40096580}]}]}
{"op":"mcm","clk":"11836992349","pt":1723471053723,"mc":[{"id":"1.231659675","rc":[{"ltp":2.76,"id":40096575},{"ltp":1.57,"id":40096580}]}]}
{"op":"mcm","clk":"11836993978","pt":1723471113784,"mc":[{"id":"1.231659675","rc":[{"ltp":2.72,"id":40096575},{"ltp":1.58,"id":40096580}]}]}
{"op":"mcm","clk":"11836995998","pt":1723471173892,"mc":[{"id":"1.231659675","rc":[{"ltp":2.78,"id":40096575},{"ltp":1.56,"id":40096580}]}]}
{"op":"mcm","clk":"11836998540","pt":1723471233852,"mc":[{"id":"1.231659675","marketDefinition":{"bspMarket":false,"turnInPlayEnabled":true,"persistenceEnabled":true,"marketBaseRate":5.0,"eventId":"33483325","eventTypeId":"4","numberOfWinners":1,"bettingType":"ODDS","marketType":"MATCH_ODDS","marketTime":"2024-08-12T14:00:00.000Z","suspendTime":"2024-08-12T14:00:00.000Z","bspReconciled":false,"complete":true,"inPlay":true,"crossMatching":true,"runnersVoidable":false,"numberOfActiveRunners":2,"betDelay":5,"status":"OPEN","runners":[{"status":"ACTIVE","sortPriority":1,"id":40096575,"name":"Birmingham Phoenix Women"},{"status":"ACTIVE","sortPriority":2,"id":40096580,"name":"Trent Rockets Women"}],"regulators":["MR_INT"],"countryCode":"GB","discountAllowed":true,"timezone":"GMT","openDate":"2024-08-12T14:00:00.000Z","version":6071809024,"name":"Match Odds","eventName":"Birmingham Phoenix Women v Trent Rockets Women"},"rc":[{"ltp":2.66,"id":40096575},{"ltp":1.6,"id":40096580}]}]}
{"op":"mcm","clk":"11837001128","pt":1723471293846,"mc":[{"id":"1.231659675","rc":[{"ltp":2.88,"id":40096575},{"ltp":1.53,"id":40096580}]}]}
{"op":"mcm","clk":"11837006820","pt":1723471413897,"mc":[{"id":"1.231659675","rc":[{"ltp":2.62,"id":40096575},{"ltp":1.61,"id":40096580}]}]}
{"op":"mcm","clk":"11837009502","pt":1723471473850,"mc":[{"id":"1.231659675","rc":[{"ltp":3.7,"id":40096575},{"ltp":1.37,"id":40096580}]}]}
{"op":"mcm","clk":"11837012248","pt":1723471533817,"mc":[{"id":"1.231659675","rc":[{"ltp":3.9,"id":40096575},{"ltp":1.34,"id":40096580}]}]}
{"op":"mcm","clk":"11837014614","pt":1723471593904,"mc":[{"id":"1.231659675","rc":[{"ltp":4.4,"id":40096575},{"ltp":1.29,"id":40096580}]}]}
{"op":"mcm","clk":"11837016990","pt":1723471653869,"mc":[{"id":"1.231659675","rc":[{"ltp":4.5,"id":40096575},{"ltp":1.28,"id":40096580}]}]}
{"op":"mcm","clk":"11837019430","pt":1723471713857,"mc":[{"id":"1.231659675","rc":[{"ltp":5.7,"id":40096575},{"ltp":1.2,"id":40096580}]}]}
{"op":"mcm","clk":"11837021803","pt":1723471773818,"mc":[{"id":"1.231659675","rc":[{"ltp":5.9,"id":40096575},{"ltp":1.21,"id":40096580}]}]}
{"op":"mcm","clk":"11837024139","pt":1723471833886,"mc":[{"id":"1.231659675","rc":[{"ltp":8.6,"id":40096575},{"ltp":1.13,"id":40096580}]}]}
{"op":"mcm","clk":"11837026416","pt":1723471893907,"mc":[{"id":"1.231659675","rc":[{"ltp":9.2,"id":40096575},{"ltp":1.11,"id":40096580}]}]}
{"op":"mcm","clk":"11837028660","pt":1723471953855,"mc":[{"id":"1.231659675","rc":[{"ltp":9.0,"id":40096575},{"ltp":1.13,"id":40096580}]}]}
{"op":"mcm","clk":"11837030846","pt":1723472013830,"mc":[{"id":"1.231659675","rc":[{"ltp":10.0,"id":40096575},{"ltp":1.11,"id":40096580}]}]}
{"op":"mcm","clk":"11837033065","pt":1723472073827,"mc":[{"id":"1.231659675","rc":[{"ltp":8.0,"id":40096575},{"ltp":1.14,"id":40096580}]}]}
{"op":"mcm","clk":"11837035123","pt":1723472133807,"mc":[{"id":"1.231659675","rc":[{"ltp":10.0,"id":40096575},{"ltp":1.12,"id":40096580}]}]}
{"op":"mcm","clk":"11837037249","pt":1723472193887,"mc":[{"id":"1.231659675","rc":[{"ltp":8.8,"id":40096575},{"ltp":1.13,"id":40096580}]}]}
{"op":"mcm","clk":"11837039337","pt":1723472253853,"mc":[{"id":"1.231659675","rc":[{"ltp":8.6,"id":40096575}]}]}
{"op":"mcm","clk":"11837041455","pt":1723472313794,"mc":[{"id":"1.231659675","rc":[{"ltp":1.14,"id":40096580}]}]}
{"op":"mcm","clk":"11837043442","pt":1723472373881,"mc":[{"id":"1.231659675","rc":[{"ltp":7.6,"id":40096575},{"ltp":1.15,"id":40096580}]}]}
{"op":"mcm","clk":"11837045171","pt":1723472433855,"mc":[{"id":"1.231659675","rc":[{"ltp":7.4,"id":40096575},{"ltp":1.16,"id":40096580}]}]}
{"op":"mcm","clk":"11837047204","pt":1723472493888,"mc":[{"id":"1.231659675","rc":[{"ltp":7.2,"id":40096575},{"ltp":1.15,"id":40096580}]}]}
{"op":"mcm","clk":"11837049093","pt":1723472553777,"mc":[{"id":"1.231659675","rc":[{"ltp":7.4,"id":40096575},{"ltp":1.16,"id":40096580}]}]}
{"op":"mcm","clk":"11837051006","pt":1723472613861,"mc":[{"id":"1.231659675","rc":[{"ltp":7.2,"id":40096575}]}]}
{"op":"mcm","clk":"11837054640","pt":1723472733881,"mc":[{"id":"1.231659675","rc":[{"ltp":7.6,"id":40096575},{"ltp":1.15,"id":40096580}]}]}
{"op":"mcm","clk":"11837058323","pt":1723472853730,"mc":[{"id":"1.231659675","rc":[{"ltp":7.2,"id":40096575}]}]}
{"op":"mcm","clk":"11837060068","pt":1723472913887,"mc":[{"id":"1.231659675","rc":[{"ltp":8.0,"id":40096575}]}]}
{"op":"mcm","clk":"11837062211","pt":1723472973885,"mc":[{"id":"1.231659675","rc":[{"ltp":7.6,"id":40096575}]}]}
{"op":"mcm","clk":"11837064568","pt":1723473033864,"mc":[{"id":"1.231659675","rc":[{"ltp":7.0,"id":40096575},{"ltp":1.18,"id":40096580}]}]}
{"op":"mcm","clk":"11837066632","pt":1723473093808,"mc":[{"id":"1.231659675","rc":[{"ltp":6.2,"id":40096575},{"ltp":1.19,"id":40096580}]}]}
{"op":"mcm","clk":"11837068724","pt":1723473153888,"mc":[{"id":"1.231659675","rc":[{"ltp":6.6,"id":40096575},{"ltp":1.18,"id":40096580}]}]}
{"op":"mcm","clk":"11837070803","pt":1723473213831,"mc":[{"id":"1.231659675","rc":[{"ltp":5.8,"id":40096575},{"ltp":1.2,"id":40096580}]}]}
{"op":"mcm","clk":"11837072820","pt":1723473273909,"mc":[{"id":"1.231659675","rc":[{"ltp":1.21,"id":40096580}]}]}
{"op":"mcm","clk":"11837074865","pt":1723473333865,"mc":[{"id":"1.231659675","rc":[{"ltp":1.2,"id":40096580}]}]}
{"op":"mcm","clk":"11837077087","pt":1723473393871,"mc":[{"id":"1.231659675","rc":[{"ltp":5.2,"id":40096575},{"ltp":1.24,"id":40096580}]}]}
{"op":"mcm","clk":"11837079136","pt":1723473453709,"mc":[{"id":"1.231659675","rc":[{"ltp":4.5,"id":40096575},{"ltp":1.28,"id":40096580}]}]}
{"op":"mcm","clk":"11837083628","pt":1723473573892,"mc":[{"id":"1.231659675","rc":[{"ltp":1.27,"id":40096580}]}]}
{"op":"mcm","clk":"11837085996","pt":1723473633771,"mc":[{"id":"1.231659675","rc":[{"ltp":1.28,"id":40096580}]}]}
{"op":"mcm","clk":"11837088317","pt":1723473693842,"mc":[{"id":"1.231659675","rc":[{"ltp":4.6,"id":40096575}]}]}
{"op":"mcm","clk":"11837094297","pt":1723473873741,"mc":[{"id":"1.231659675","rc":[{"ltp":4.7,"id":40096575},{"ltp":1.27,"id":40096580}]}]}
{"op":"mcm","clk":"11837096278","pt":1723473933719,"mc":[{"id":"1.231659675","rc":[{"ltp":5.0,"id":40096575},{"ltp":1.25,"id":40096580}]}]}
{"op":"mcm","clk":"11837098470","pt":1723473993875,"mc":[{"id":"1.231659675","rc":[{"ltp":4.3,"id":40096575},{"ltp":1.3,"id":40096580}]}]}
{"op":"mcm","clk":"11837100576","pt":1723474053888,"mc":[{"id":"1.231659675","rc":[{"ltp":4.0,"id":40096575},{"ltp":1.33,"id":40096580}]}]}
{"op":"mcm","clk":"11837102849","pt":1723474113835,"mc":[{"id":"1.231659675","rc":[{"ltp":3.8,"id":40096575},{"ltp":1.36,"id":40096580}]}]}
{"op":"mcm","clk":"11837105054","pt":1723474173869,"mc":[{"id":"1.231659675","rc":[{"ltp":3.75,"id":40096575}]}]}
{"op":"mcm","clk":"11837107236","pt":1723474233881,"mc":[{"id":"1.231659675","rc":[{"ltp":3.7,"id":40096575}]}]}
{"op":"mcm","clk":"11837109406","pt":1723474293826,"mc":[{"id":"1.231659675","rc":[{"ltp":3.5,"id":40096575},{"ltp":1.4,"id":40096580}]}]}
{"op":"mcm","clk":"11837111742","pt":1723474353878,"mc":[{"id":"1.231659675","rc":[{"ltp":3.15,"id":40096575},{"ltp":1.46,"id":40096580}]}]}
{"op":"mcm","clk":"11837113981","pt":1723474413811,"mc":[{"id":"1.231659675","rc":[{"ltp":2.88,"id":40096575},{"ltp":1.54,"id":40096580}]}]}
{"op":"mcm","clk":"11837116290","pt":1723474473688,"mc":[{"id":"1.231659675","rc":[{"ltp":3.05,"id":40096575},{"ltp":1.48,"id":40096580}]}]}
{"op":"mcm","clk":"11837118445","pt":1723474533875,"mc":[{"id":"1.231659675","rc":[{"ltp":2.56,"id":40096575},{"ltp":1.63,"id":40096580}]}]}
{"op":"mcm","clk":"11837120654","pt":1723474593823,"mc":[{"id":"1.231659675","rc":[{"ltp":2.74,"id":40096575},{"ltp":1.57,"id":40096580}]}]}
{"op":"mcm","clk":"11837122610","pt":1723474653907,"mc":[{"id":"1.231659675","rc":[{"ltp":3.05,"id":40096575},{"ltp":1.48,"id":40096580}]}]}
{"op":"mcm","clk":"11837124604","pt":1723474713851,"mc":[{"id":"1.231659675","rc":[{"ltp":3.2,"id":40096575},{"ltp":1.45,"id":40096580}]}]}
{"op":"mcm","clk":"11837126559","pt":1723474773830,"mc":[{"id":"1.231659675","rc":[{"ltp":3.25,"id":40096575}]}]}
{"op":"mcm","clk":"11837129068","pt":1723474833869,"mc":[{"id":"1.231659675","rc":[{"ltp":4.1,"id":40096575},{"ltp":1.33,"id":40096580}]}]}
{"op":"mcm","clk":"11837131677","pt":1723474893846,"mc":[{"id":"1.231659675","rc":[{"ltp":4.7,"id":40096575},{"ltp":1.27,"id":40096580}]}]}
{"op":"mcm","clk":"11837134192","pt":1723474953839,"mc":[{"id":"1.231659675","rc":[{"ltp":4.5,"id":40096575}]}]}
{"op":"mcm","clk":"11837136538","pt":1723475013815,"mc":[{"id":"1.231659675","rc":[{"ltp":4.4,"id":40096575},{"ltp":1.28,"id":40096580}]}]}
{"op":"mcm","clk":"11837139080","pt":1723475073704,"mc":[{"id":"1.231659675","rc":[{"ltp":5.0,"id":40096575},{"ltp":1.26,"id":40096580}]}]}
{"op":"mcm","clk":"11837141529","pt":1723475133896,"mc":[{"id":"1.231659675","rc":[{"ltp":4.8,"id":40096575}]}]}
{"op":"mcm","clk":"11837144186","pt":1723475193858,"mc":[{"id":"1.231659675","rc":[{"ltp":5.0,"id":40096575}]}]}
{"op":"mcm","clk":"11837146838","pt":1723475253654,"mc":[{"id":"1.231659675","rc":[{"ltp":1.25,"id":40096580}]}]}
{"op":"mcm","clk":"11837149368","pt":1723475313827,"mc":[{"id":"1.231659675","rc":[{"ltp":4.5,"id":40096575},{"ltp":1.28,"id":40096580}]}]}
{"op":"mcm","clk":"11837151634","pt":1723475373824,"mc":[{"id":"1.231659675","rc":[{"ltp":1.3,"id":40096580}]}]}
{"op":"mcm","clk":"11837153975","pt":1723475433727,"mc":[{"id":"1.231659675","rc":[{"ltp":1.29,"id":40096580}]}]}
{"op":"mcm","clk":"11837156309","pt":1723475493759,"mc":[{"id":"1.231659675","rc":[{"ltp":4.4,"id":40096575},{"ltp":1.28,"id":40096580}]}]}
{"op":"mcm","clk":"11837158622","pt":1723475553860,"mc":[{"id":"1.231659675","rc":[{"ltp":4.6,"id":40096575},{"ltp":1.27,"id":40096580}]}]}
{"op":"mcm","clk":"11837167783","pt":1723475613754,"mc":[{"id":"1.231659675","rc":[{"ltp":4.5,"id":40096575},{"ltp":1.28,"id":40096580}]}]}
{"op":"mcm","clk":"11837172834","pt":1723475733809,"mc":[{"id":"1.231659675","rc":[{"ltp":4.6,"id":40096575},{"ltp":1.27,"id":40096580}]}]}
{"op":"mcm","clk":"11837175535","pt":1723475793887,"mc":[{"id":"1.231659675","rc":[{"ltp":4.7,"id":40096575}]}]}
{"op":"mcm","clk":"11837178091","pt":1723475853852,"mc":[{"id":"1.231659675","rc":[{"ltp":4.6,"id":40096575},{"ltp":1.28,"id":40096580}]}]}
{"op":"mcm","clk":"11837185157","pt":1723476033547,"mc":[{"id":"1.231659675","rc":[{"ltp":4.5,"id":40096575},{"ltp":1.27,"id":40096580}]}]}
{"op":"mcm","clk":"11837187404","pt":1723476092948,"mc":[{"id":"1.231659675","rc":[{"ltp":4.6,"id":40096575}]}]}
{"op":"mcm","clk":"11837189801","pt":1723476153708,"mc":[{"id":"1.231659675","rc":[{"ltp":4.7,"id":40096575}]}]}
{"op":"mcm","clk":"11837192080","pt":1723476213886,"mc":[{"id":"1.231659675","rc":[{"ltp":4.9,"id":40096575},{"ltp":1.25,"id":40096580}]}]}
{"op":"mcm","clk":"11837194646","pt":1723476273790,"mc":[{"id":"1.231659675","rc":[{"ltp":5.0,"id":40096575}]}]}
{"op":"mcm","clk":"11837197611","pt":1723476333854,"mc":[{"id":"1.231659675","rc":[{"ltp":5.3,"id":40096575},{"ltp":1.23,"id":40096580}]}]}
{"op":"mcm","clk":"11837200436","pt":1723476393841,"mc":[{"id":"1.231659675","rc":[{"ltp":8.0,"id":40096575},{"ltp":1.14,"id":40096580}]}]}
{"op":"mcm","clk":"11837203264","pt":1723476453905,"mc":[{"id":"1.231659675","rc":[{"ltp":10.0,"id":40096575},{"ltp":1.1,"id":40096580}]}]}
{"op":"mcm","clk":"11837205895","pt":1723476513903,"mc":[{"id":"1.231659675","rc":[{"ltp":1.11,"id":40096580}]}]}
{"op":"mcm","clk":"11837208635","pt":1723476573833,"mc":[{"id":"1.231659675","rc":[{"ltp":8.8,"id":40096575},{"ltp":1.13,"id":40096580}]}]}
{"op":"mcm","clk":"11837211652","pt":1723476633861,"mc":[{"id":"1.231659675","rc":[{"ltp":9.0,"id":40096575},{"ltp":1.12,"id":40096580}]}]}
{"op":"mcm","clk":"11837214157","pt":1723476693849,"mc":[{"id":"1.231659675","rc":[{"ltp":8.6,"id":40096575},{"ltp":1.14,"id":40096580}]}]}
{"op":"mcm","clk":"11837216396","pt":1723476753887,"mc":[{"id":"1.231659675","rc":[{"ltp":9.2,"id":40096575},{"ltp":1.12,"id":40096580}]}]}
{"op":"mcm","clk":"11837218939","pt":1723476813895,"mc":[{"id":"1.231659675","rc":[{"ltp":5.8,"id":40096575},{"ltp":1.2,"id":40096580}]}]}
{"op":"mcm","clk":"11837221438","pt":1723476873821,"mc":[{"id":"1.231659675","rc":[{"ltp":5.7,"id":40096575},{"ltp":1.22,"id":40096580}]}]}
{"op":"mcm","clk":"11837223833","pt":1723476933891,"mc":[{"id":"1.231659675","rc":[{"ltp":5.1,"id":40096575},{"ltp":1.23,"id":40096580}]}]}
{"op":"mcm","clk":"11837226347","pt":1723476993858,"mc":[{"id":"1.231659675","rc":[{"ltp":5.3,"id":40096575},{"ltp":1.24,"id":40096580}]}]}
{"op":"mcm","clk":"11837228957","pt":1723477053831,"mc":[{"id":"1.231659675","rc":[{"ltp":4.8,"id":40096575},{"ltp":1.26,"id":40096580}]}]}
{"op":"mcm","clk":"11837231458","pt":1723477113877,"mc":[{"id":"1.231659675","rc":[{"ltp":3.25,"id":40096575},{"ltp":1.44,"id":40096580}]}]}
{"op":"mcm","clk":"11837234221","pt":1723477173879,"mc":[{"id":"1.231659675","rc":[{"ltp":3.4,"id":40096575},{"ltp":1.4,"id":40096580}]}]}
{"op":"mcm","clk":"11837236808","pt":1723477233838,"mc":[{"id":"1.231659675","rc":[{"ltp":3.6,"id":40096575},{"ltp":1.37,"id":40096580}]}]}
{"op":"mcm","clk":"11837239398","pt":1723477293808,"mc":[{"id":"1.231659675","rc":[{"ltp":3.5,"id":40096575},{"ltp":1.39,"id":40096580}]}]}
{"op":"mcm","clk":"11837241622","pt":1723477353819,"mc":[{"id":"1.231659675","rc":[{"ltp":3.3,"id":40096575},{"ltp":1.44,"id":40096580}]}]}
{"op":"mcm","clk":"11837243905","pt":1723477413899,"mc":[{"id":"1.231659675","rc":[{"ltp":3.25,"id":40096575},{"ltp":1.45,"id":40096580}]}]}
{"op":"mcm","clk":"11837246556","pt":1723477473854,"mc":[{"id":"1.231659675","rc":[{"ltp":3.85,"id":40096575},{"ltp":1.34,"id":40096580}]}]}
{"op":"mcm","clk":"11837249344","pt":1723477533829,"mc":[{"id":"1.231659675","rc":[{"ltp":3.6,"id":40096575},{"ltp":1.38,"id":40096580}]}]}
{"op":"mcm","clk":"11837251984","pt":1723477593890,"mc":[{"id":"1.231659675","rc":[{"ltp":3.9,"id":40096575},{"ltp":1.35,"id":40096580}]}]}
{"op":"mcm","clk":"11837254754","pt":1723477653864,"mc":[{"id":"1.231659675","rc":[{"ltp":4.0,"id":40096575},{"ltp":1.33,"id":40096580}]}]}
{"op":"mcm","clk":"11837257439","pt":1723477713837,"mc":[{"id":"1.231659675","rc":[{"ltp":4.1,"id":40096575},{"ltp":1.32,"id":40096580}]}]}
{"op":"mcm","clk":"11837259932","pt":1723477773819,"mc":[{"id":"1.231659675","rc":[{"ltp":7.0,"id":40096575},{"ltp":1.16,"id":40096580}]}]}
{"op":"mcm","clk":"11837262447","pt":1723477833820,"mc":[{"id":"1.231659675","rc":[{"ltp":6.4,"id":40096575},{"ltp":1.18,"id":40096580}]}]}
{"op":"mcm","clk":"11837264906","pt":1723477893902,"mc":[{"id":"1.231659675","rc":[{"ltp":9.2,"id":40096575},{"ltp":1.13,"id":40096580}]}]}
{"op":"mcm","clk":"11837267647","pt":1723477953865,"mc":[{"id":"1.231659675","rc":[{"ltp":8.2,"id":40096575},{"ltp":1.15,"id":40096580}]}]}
{"op":"mcm","clk":"11837270513","pt":1723478013818,"mc":[{"id":"1.231659675","rc":[{"ltp":7.8,"id":40096575},{"ltp":1.14,"id":40096580}]}]}
{"op":"mcm","clk":"11837273162","pt":1723478073822,"mc":[{"id":"1.231659675","rc":[{"ltp":7.6,"id":40096575},{"ltp":1.15,"id":40096580}]}]}
{"op":"mcm","clk":"11837276232","pt":1723478133607,"mc":[{"id":"1.231659675","rc":[{"ltp":7.2,"id":40096575},{"ltp":1.17,"id":40096580}]}]}
{"op":"mcm","clk":"11837279284","pt":1723478193877,"mc":[{"id":"1.231659675","rc":[{"ltp":10.0,"id":40096575},{"ltp":1.11,"id":40096580}]}]}
{"op":"mcm","clk":"11837282256","pt":1723478253509,"mc":[{"id":"1.231659675","rc":[{"ltp":8.8,"id":40096575},{"ltp":1.13,"id":40096580}]}]}
{"op":"mcm","clk":"11837285617","pt":1723478313890,"mc":[{"id":"1.231659675","rc":[{"ltp":5.1,"id":40096575},{"ltp":1.24,"id":40096580}]}]}
{"op":"mcm","clk":"11837289032","pt":1723478373738,"mc":[{"id":"1.231659675","rc":[{"ltp":5.4,"id":40096575},{"ltp":1.22,"id":40096580}]}]}
{"op":"mcm","clk":"11837292659","pt":1723478433828,"mc":[{"id":"1.231659675","rc":[{"ltp":4.8,"id":40096575},{"ltp":1.27,"id":40096580}]}]}
{"op":"mcm","clk":"11837296248","pt":1723478493898,"mc":[{"id":"1.231659675","rc":[{"ltp":7.4,"id":40096575},{"ltp":1.17,"id":40096580}]}]}
{"op":"mcm","clk":"11837299038","pt":1723478553752,"mc":[{"id":"1.231659675","rc":[{"ltp":6.8,"id":40096575}]}]}
{"op":"mcm","clk":"11837302066","pt":1723478613880,"mc":[{"id":"1.231659675","rc":[{"ltp":7.2,"id":40096575},{"ltp":1.16,"id":40096580}]}]}
{"op":"mcm","clk":"11837305012","pt":1723478673847,"mc":[{"id":"1.231659675","rc":[{"ltp":13.5,"id":40096575},{"ltp":1.08,"id":40096580}]}]}
{"op":"mcm","clk":"11837308132","pt":1723478733822,"mc":[{"id":"1.231659675","rc":[{"ltp":14.5,"id":40096575}]}]}
{"op":"mcm","clk":"11837311253","pt":1723478793865,"mc":[{"id":"1.231659675","rc":[{"ltp":21.0,"id":40096575},{"ltp":1.05,"id":40096580}]}]}
{"op":"mcm","clk":"11837314194","pt":1723478853833,"mc":[{"id":"1.231659675","rc":[{"ltp":18.0,"id":40096575},{"ltp":1.06,"id":40096580}]}]}
{"op":"mcm","clk":"11837317301","pt":1723478913871,"mc":[{"id":"1.231659675","rc":[{"ltp":17.5,"id":40096575}]}]}
{"op":"mcm","clk":"11837320374","pt":1723478973766,"mc":[{"id":"1.231659675","rc":[{"ltp":15.0,"id":40096575},{"ltp":1.07,"id":40096580}]}]}
{"op":"mcm","clk":"11837323485","pt":1723479033605,"mc":[{"id":"1.231659675","rc":[{"ltp":15.5,"id":40096575}]}]}
{"op":"mcm","clk":"11837326649","pt":1723479093888,"mc":[{"id":"1.231659675","rc":[{"ltp":29.0,"id":40096575},{"ltp":1.04,"id":40096580}]}]}
{"op":"mcm","clk":"11837329618","pt":1723479153862,"mc":[{"id":"1.231659675","rc":[{"ltp":60.0,"id":40096575},{"ltp":1.01,"id":40096580}]}]}
{"op":"mcm","clk":"11837332643","pt":1723479213832,"mc":[{"id":"1.231659675","rc":[{"ltp":65.0,"id":40096575},{"ltp":1.02,"id":40096580}]}]}
{"op":"mcm","clk":"11837335518","pt":1723479273849,"mc":[{"id":"1.231659675","rc":[{"ltp":24.0,"id":40096575},{"ltp":1.05,"id":40096580}]}]}
{"op":"mcm","clk":"11837338472","pt":1723479333879,"mc":[{"id":"1.231659675","rc":[{"ltp":19.0,"id":40096575}]}]}
{"op":"mcm","clk":"11837341632","pt":1723479393838,"mc":[{"id":"1.231659675","rc":[{"ltp":21.0,"id":40096575}]}]}
{"op":"mcm","clk":"11837344638","pt":1723479453804,"mc":[{"id":"1.231659675","rc":[{"ltp":50.0,"id":40096575},{"ltp":1.02,"id":40096580}]}]}
{"op":"mcm","clk":"11837347774","pt":1723479513608,"mc":[{"id":"1.231659675","rc":[{"ltp":55.0,"id":40096575}]}]}
{"op":"mcm","clk":"11837351037","pt":1723479573865,"mc":[{"id":"1.231659675","rc":[{"ltp":17.5,"id":40096575},{"ltp":1.06,"id":40096580}]}]}
{"op":"mcm","clk":"11837354965","pt":1723479633831,"mc":[{"id":"1.231659675","rc":[{"ltp":13.5,"id":40096575},{"ltp":1.08,"id":40096580}]}]}
{"op":"mcm","clk":"11837358328","pt":1723479693839,"mc":[{"id":"1.231659675","rc":[{"ltp":5.2,"id":40096575},{"ltp":1.24,"id":40096580}]}]}
{"op":"mcm","clk":"11837361497","pt":1723479753842,"mc":[{"id":"1.231659675","rc":[{"ltp":5.6,"id":40096575},{"ltp":1.22,"id":40096580}]}]}
{"op":"mcm","clk":"11837364699","pt":1723479813860,"mc":[{"id":"1.231659675","rc":[{"ltp":4.2,"id":40096575},{"ltp":1.31,"id":40096580}]}]}
{"op":"mcm","clk":"11837367889","pt":1723479873830,"mc":[{"id":"1.231659675","rc":[{"ltp":4.1,"id":40096575},{"ltp":1.33,"id":40096580}]}]}
{"op":"mcm","clk":"11837370944","pt":1723479933899,"mc":[{"id":"1.231659675","rc":[{"ltp":4.3,"id":40096575},{"ltp":1.3,"id":40096580}]}]}
{"op":"mcm","clk":"11837374091","pt":1723479993879,"mc":[{"id":"1.231659675","rc":[{"ltp":6.0,"id":40096575},{"ltp":1.21,"id":40096580}]}]}
{"op":"mcm","clk":"11837377336","pt":1723480053887,"mc":[{"id":"1.231659675","rc":[{"ltp":3.5,"id":40096575},{"ltp":1.4,"id":40096580}]}]}
{"op":"mcm","clk":"11837380606","pt":1723480113896,"mc":[{"id":"1.231659675","rc":[{"ltp":3.55,"id":40096575},{"ltp":1.38,"id":40096580}]}]}
{"op":"mcm","clk":"11837383744","pt":1723480173864,"mc":[{"id":"1.231659675","rc":[{"ltp":5.7,"id":40096575},{"ltp":1.2,"id":40096580}]}]}
{"op":"mcm","clk":"11837387276","pt":1723480233823,"mc":[{"id":"1.231659675","rc":[{"ltp":4.4,"id":40096575},{"ltp":1.29,"id":40096580}]}]}
{"op":"mcm","clk":"11837390649","pt":1723480293815,"mc":[{"id":"1.231659675","rc":[{"ltp":2.5,"id":40096575},{"ltp":1.66,"id":40096580}]}]}
{"op":"mcm","clk":"11837394061","pt":1723480353889,"mc":[{"id":"1.231659675","rc":[{"ltp":11.0,"id":40096575},{"ltp":1.1,"id":40096580}]}]}
{"op":"mcm","clk":"11837397765","pt":1723480413845,"mc":[{"id":"1.231659675","rc":[{"ltp":1.13,"id":40096580}]}]}
{"op":"mcm","clk":"11837400925","pt":1723480473820,"mc":[{"id":"1.231659675","rc":[{"ltp":8.6,"id":40096575}]}]}
{"op":"mcm","clk":"11837404201","pt":1723480533812,"mc":[{"id":"1.231659675","rc":[{"ltp":9.2,"id":40096575},{"ltp":1.11,"id":40096580}]}]}
{"op":"mcm","clk":"11837407572","pt":1723480593871,"mc":[{"id":"1.231659675","rc":[{"ltp":20.0,"id":40096575},{"ltp":1.06,"id":40096580}]}]}
{"op":"mcm","clk":"11837410655","pt":1723480653740,"mc":[{"id":"1.231659675","rc":[{"ltp":11.0,"id":40096575},{"ltp":1.08,"id":40096580}]}]}
{"op":"mcm","clk":"11837413849","pt":1723480713745,"mc":[{"id":"1.231659675","marketDefinition":{"bspMarket":false,"turnInPlayEnabled":true,"persistenceEnabled":true,"marketBaseRate":5.0,"eventId":"33483325","eventTypeId":"4","numberOfWinners":1,"bettingType":"ODDS","marketType":"MATCH_ODDS","marketTime":"2024-08-12T14:00:00.000Z","suspendTime":"2024-08-12T14:00:00.000Z","bspReconciled":false,"complete":true,"inPlay":true,"crossMatching":true,"runnersVoidable":false,"numberOfActiveRunners":2,"betDelay":5,"status":"SUSPENDED","runners":[{"status":"ACTIVE","sortPriority":1,"id":40096575,"name":"Birmingham Phoenix Women"},{"status":"ACTIVE","sortPriority":2,"id":40096580,"name":"Trent Rockets Women"}],"regulators":["MR_INT"],"countryCode":"GB","discountAllowed":true,"timezone":"GMT","openDate":"2024-08-12T14:00:00.000Z","version":6071901979,"name":"Match Odds","eventName":"Birmingham Phoenix Women v Trent Rockets Women"},"rc":[{"ltp":1000.0,"id":40096575},{"ltp":1.01,"id":40096580}]}]}
{"op":"mcm","clk":"11837420693","pt":1723480894122,"mc":[{"id":"1.231659675","marketDefinition":{"bspMarket":false,"turnInPlayEnabled":true,"persistenceEnabled":true,"marketBaseRate":5.0,"eventId":"33483325","eventTypeId":"4","numberOfWinners":1,"bettingType":"ODDS","marketType":"MATCH_ODDS","marketTime":"2024-08-12T14:00:00.000Z","suspendTime":"2024-08-12T14:00:00.000Z","bspReconciled":false,"complete":true,"inPlay":true,"crossMatching":false,"runnersVoidable":false,"numberOfActiveRunners":0,"betDelay":5,"status":"CLOSED","settledTime":"2024-08-12T16:40:13.000Z","runners":[{"status":"LOSER","sortPriority":1,"id":40096575,"name":"Birmingham Phoenix Women"},{"status":"WINNER","sortPriority":2,"id":40096580,"name":"Trent Rockets Women"}],"regulators":["MR_INT"],"countryCode":"GB","discountAllowed":true,"timezone":"GMT","openDate":"2024-08-12T14:00:00.000Z","version":6071903147,"name":"Match Odds","eventName":"Birmingham Phoenix Women v Trent Rockets Women"}}]}
