{"op":"mcm","clk":"11932745784","pt":1724750372905,"mc":[{"id":"1.232335220","marketDefinition":{"bspMarket":false,"turnInPlayEnabled":true,"persistenceEnabled":true,"marketBaseRate":5.0,"eventId":"33531036","eventTypeId":"4","numberOfWinners":1,"bettingType":"ODDS","marketType":"MATCH_ODDS","marketTime":"2024-08-28T12:00:00.000Z","suspendTime":"2024-08-28T12:00:00.000Z","bspReconciled":false,"complete":true,"inPlay":false,"crossMatching":true,"runnersVoidable":false,"numberOfActiveRunners":2,"betDelay":0,"status":"OPEN","runners":[{"status":"ACTIVE","sortPriority":1,"id":228749,"name":"Netherlands"},{"status":"ACTIVE","sortPriority":2,"id":891555,"name":"USA"}],"regulators":["MR_INT"],"countryCode":"GB","discountAllowed":true,"timezone":"GMT","openDate":"2024-08-28T12:00:00.000Z","version":6103009682,"name":"Match Odds","eventName":"Netherlands v USA"}}]}
{"op":"mcm","clk":"11932855517","pt":1724752377246,"mc":[{"id":"1.232335220","rc":[{"ltp":1.04,"id":228749}]}]}
{"op":"mcm","clk":"11933454334","pt":1724759520156,"mc":[{"id":"1.232335220","rc":[{"ltp":1.8,"id":228749},{"ltp":2.24,"id":891555}]}]}
{"op":"mcm","clk":"11933543865","pt":1724760594643,"mc":[{"id":"1.232335220","rc":[{"ltp":2.26,"id":891555}]}]}
{"op":"mcm","clk":"11933656709","pt":1724761922737,"mc":[{"id":"1.232335220","rc":[{"ltp":1.45,"id":228749}]}]}
{"op":"mcm","clk":"11933980408","pt":1724766114381,"mc":[{"id":"1.232335220","rc":[{"ltp":1.5,"id":228749}]}]}
{"op":"mcm","clk":"11933998718","pt":1724766447494,"mc":[{"id":"1.232335220","rc":[{"ltp":1.8,"id":228749}]}]}
{"op":"mcm","clk":"11934000774","pt":1724766483868,"mc":[{"id":"1.232335220","rc":[{"ltp":1.82,"id":228749}]}]}
{"op":"mcm","clk":"11934136495","pt":1724768246861,"mc":[{"id":"1.232335220","rc":[{"ltp":1.81,"id":228749}]}]}
{"op":"mcm","clk":"11934150088","pt":1724768422421,"mc":[{"id":"1.232335220","rc":[{"ltp":1.82,"id":228749}]}]}
{"op":"mcm","clk":"11934162736","pt":1724768596596,"mc":[{"id":"1.232335220","rc":[{"ltp":1.88,"id":228749},{"ltp":2.14,"id":891555}]}]}
{"op":"mcm","clk":"11934205465","pt":1724769080917,"mc":[{"id":"1.232335220","rc":[{"ltp":1.86,"id":228749},{"ltp":2.16,"id":891555}]}]}
{"op":"mcm","clk":"11934254865","pt":1724769689320,"mc":[{"id":"1.232335220","rc":[{"ltp":1.85,"id":228749}]}]}
{"op":"mcm","clk":"11934277760","pt":1724769805332,"mc":[{"id":"1.232335220","rc":[{"ltp":2.18,"id":891555}]}]}
{"op":"mcm","clk":"11934618557","pt":1724772899273,"mc":[{"id":"1.232335220","rc":[{"ltp":1.8,"id":228749}]}]}
{"op":"mcm","clk":"11934677501","pt":1724773342107,"mc":[{"id":"1.232335220","rc":[{"ltp":2.24,"id":891555}]}]}
{"op":"mcm","clk":"11934697355","pt":1724773504235,"mc":[{"id":"1.232335220","rc":[{"ltp":1.79,"id":228749}]}]}
{"op":"mcm","clk":"11934705683","pt":1724773581149,"mc":[{"id":"1.232335220","rc":[{"ltp":1.78,"id":228749}]}]}
{"op":"mcm","clk":"11934895521","pt":1724775138087,"mc":[{"id":"1.232335220","rc":[{"ltp":1.8,"id":228749}]}]}
{"op":"mcm","clk":"11934948977","pt":1724775504298,"mc":[{"id":"1.232335220","rc":[{"ltp":1.79,"id":228749},{"ltp":2.26,"id":891555}]}]}
{"op":"mcm","clk":"11934956093","pt":1724775569223,"mc":[{"id":"1.232335220","rc":[{"ltp":2.28,"id":891555}]}]}
{"op":"mcm","clk":"11934963329","pt":1724775629528,"mc":[{"id":"1.232335220","rc":[{"ltp":1.8,"id":228749}]}]}
{"op":"mcm","clk":"11934968076","pt":1724775669226,"mc":[{"id":"1.232335220","rc":[{"ltp":1.79,"id":228749}]}]}
{"op":"mcm","clk":"11934977084","pt":1724775749875,"mc":[{"id":"1.232335220","rc":[{"ltp":1.77,"id":228749}]}]}
{"op":"mcm","clk":"11934983312","pt":1724775805349,"mc":[{"id":"1.232335220","rc":[{"ltp":1.76,"id":228749},{"ltp":2.32,"id":891555}]}]}
{"op":"mcm","clk":"11934989773","pt":1724775865417,"mc":[{"id":"1.232335220","rc":[{"ltp":1.73,"id":228749},{"ltp":2.38,"id":891555}]}]}
{"op":"mcm","clk":"11934997300","pt":1724775927572,"mc":[{"id":"1.232335220","rc":[{"ltp":1.77,"id":228749},{"ltp":2.3,"id":891555}]}]}
{"op":"mcm","clk":"11935002601","pt":1724775974348,"mc":[{"id":"1.232335220","rc":[{"ltp":1.78,"id":228749}]}]}
{"op":"mcm","clk":"11935010831","pt":1724776041998,"mc":[{"id":"1.232335220","rc":[{"ltp":1.77,"id":228749}]}]}
{"op":"mcm","clk":"11935032400","pt":1724776228884,"mc":[{"id":"1.232335220","rc":[{"ltp":2.32,"id":891555}]}]}
{"op":"mcm","clk":"11935040220","pt":1724776289872,"mc":[{"id":"1.232335220","rc":[{"ltp":1.78,"id":228749},{"ltp":2.3,"id":891555}]}]}
{"op":"mcm","clk":"11935047880","pt":1724776346364,"mc":[{"id":"1.232335220","rc":[{"ltp":1.76,"id":228749},{"ltp":2.32,"id":891555}]}]}
{"op":"mcm","clk":"11935073004","pt":1724776526630,"mc":[{"id":"1.232335220","rc":[{"ltp":1.77,"id":228749},{"ltp":2.3,"id":891555}]}]}
{"op":"mcm","clk":"11935089425","pt":1724776643883,"mc":[{"id":"1.232335220","rc":[{"ltp":1.78,"id":228749}]}]}
{"op":"mcm","clk":"11935106007","pt":1724776769423,"mc":[{"id":"1.232335220","rc":[{"ltp":1.77,"id":228749}]}]}
{"op":"mcm","clk":"11935176527","pt":1724777332561,"mc":[{"id":"1.232335220","rc":[{"ltp":1.78,"id":228749}]}]}
{"op":"mcm","clk":"11935699167","pt":1724781125314,"mc":[{"id":"1.232335220","rc":[{"ltp":1.76,"id":228749}]}]}
{"op":"mcm","clk":"11935805230","pt":1724781891699,"mc":[{"id":"1.232335220","rc":[{"ltp":1.75,"id":228749}]}]}
{"op":"mcm","clk":"11936155176","pt":1724783900877,"mc":[{"id":"1.232335220","rc":[{"ltp":1.74,"id":228749}]}]}
{"op":"mcm","clk":"11936799838","pt":1724787569391,"mc":[{"id":"1.232335220","rc":[{"ltp":1.73,"id":228749}]}]}
{"op":"mcm","clk":"11937472287","pt":1724793562252,"mc":[{"id":"1.232335220","rc":[{"ltp":1.74,"id":228749}]}]}
{"op":"mcm","clk":"11937488456","pt":1724793862363,"mc":[{"id":"1.232335220","rc":[{"ltp":1.73,"id":228749}]}]}
{"op":"mcm","clk":"11937582963","pt":1724795867695,"mc":[{"id":"1.232335220","rc":[{"ltp":2.32,"id":891555}]}]}
{"op":"mcm","clk":"11937796645","pt":1724800703374,"mc":[{"id":"1.232335220","rc":[{"ltp":1.71,"id":228749},{"ltp":2.38,"id":891555}]}]}
{"op":"mcm","clk":"11937996576","pt":1724804844160,"mc":[{"id":"1.232335220","rc":[{"ltp":1.7,"id":228749}]}]}
{"op":"mcm","clk":"11938117257","pt":1724807064134,"mc":[{"id":"1.232335220","rc":[{"ltp":1.71,"id":228749}]}]}
{"op":"mcm","clk":"11938184703","pt":1724808204377,"mc":[{"id":"1.232335220","rc":[{"ltp":1.7,"id":228749},{"ltp":2.42,"id":891555}]}]}
{"op":"mcm","clk":"11938276943","pt":1724810241750,"mc":[{"id":"1.232335220","rc":[{"ltp":1.67,"id":228749}]}]}
{"op":"mcm","clk":"11938335311","pt":1724811628982,"mc":[{"id":"1.232335220","rc":[{"ltp":1.71,"id":228749}]}]}
{"op":"mcm","clk":"11938421883","pt":1724813302180,"mc":[{"id":"1.232335220","rc":[{"ltp":1.67,"id":228749}]}]}
{"op":"mcm","clk":"11938531111","pt":1724815659664,"mc":[{"id":"1.232335220","rc":[{"ltp":1.71,"id":228749}]}]}
{"op":"mcm","clk":"11938549738","pt":1724816068009,"mc":[{"id":"1.232335220","rc":[{"ltp":2.4,"id":891555}]}]}
{"op":"mcm","clk":"11938617669","pt":1724817688194,"mc":[{"id":"1.232335220","rc":[{"ltp":1.7,"id":228749},{"ltp":2.42,"id":891555}]}]}
{"op":"mcm","clk":"11938668085","pt":1724818469407,"mc":[{"id":"1.232335220","rc":[{"ltp":2.44,"id":891555}]}]}
{"op":"mcm","clk":"11938714748","pt":1724819608200,"mc":[{"id":"1.232335220","rc":[{"ltp":1.69,"id":228749}]}]}
{"op":"mcm","clk":"11938718801","pt":1724819720777,"mc":[{"id":"1.232335220","rc":[{"ltp":1.68,"id":228749}]}]}
{"op":"mcm","clk":"11938722950","pt":1724819830855,"mc":[{"id":"1.232335220","rc":[{"ltp":1.69,"id":228749}]}]}
{"op":"mcm","clk":"11938730215","pt":1724820007970,"mc":[{"id":"1.232335220","rc":[{"ltp":1.68,"id":228749}]}]}
{"op":"mcm","clk":"11938790832","pt":1724821740092,"mc":[{"id":"1.232335220","rc":[{"ltp":1.67,"id":228749}]}]}
{"op":"mcm","clk":"11938800854","pt":1724822064408,"mc":[{"id":"1.232335220","rc":[{"ltp":1.69,"id":228749}]}]}
{"op":"mcm","clk":"11938801941","pt":1724822099547,"mc":[{"id":"1.232335220","rc":[{"ltp":2.48,"id":891555}]}]}
{"op":"mcm","clk":"11938823062","pt":1724822814354,"mc":[{"id":"1.232335220","rc":[{"ltp":1.68,"id":228749}]}]}
{"op":"mcm","clk":"11938834367","pt":1724823165097,"mc":[{"id":"1.232335220","rc":[{"ltp":1.67,"id":228749}]}]}
{"op":"mcm","clk":"11938845088","pt":1724823544741,"mc":[{"id":"1.232335220","rc":[{"ltp":2.46,"id":891555}]}]}
{"op":"mcm","clk":"11938847933","pt":1724823660472,"mc":[{"id":"1.232335220","rc":[{"ltp":1.68,"id":228749}]}]}
{"op":"mcm","clk":"11938850044","pt":1724823736272,"mc":[{"id":"1.232335220","rc":[{"ltp":2.5,"id":891555}]}]}
{"op":"mcm","clk":"11938864349","pt":1724823910762,"mc":[{"id":"1.232335220","rc":[{"ltp":1.67,"id":228749}]}]}
{"op":"mcm","clk":"11938904129","pt":1724825123378,"mc":[{"id":"1.232335220","rc":[{"ltp":1.68,"id":228749}]}]}
{"op":"mcm","clk":"11938908824","pt":1724825244736,"mc":[{"id":"1.232335220","rc":[{"ltp":1.67,"id":228749}]}]}
{"op":"mcm","clk":"11938918999","pt":1724825548198,"mc":[{"id":"1.232335220","rc":[{"ltp":2.48,"id":891555}]}]}
{"op":"mcm","clk":"11938949593","pt":1724826745475,"mc":[{"id":"1.232335220","rc":[{"ltp":1.66,"id":228749},{"ltp":2.5,"id":891555}]}]}
{"op":"mcm","clk":"11938957240","pt":1724827048100,"mc":[{"id":"1.232335220","rc":[{"ltp":1.65,"id":228749}]}]}
{"op":"mcm","clk":"11938965836","pt":1724827372565,"mc":[{"id":"1.232335220","rc":[{"ltp":1.66,"id":228749},{"ltp":2.54,"id":891555}]}]}
{"op":"mcm","clk":"11938969137","pt":1724827492421,"mc":[{"id":"1.232335220","rc":[{"ltp":2.52,"id":891555}]}]}
{"op":"mcm","clk":"11938972530","pt":1724827580412,"mc":[{"id":"1.232335220","rc":[{"ltp":1.67,"id":228749},{"ltp":2.5,"id":891555}]}]}
{"op":"mcm","clk":"11939000507","pt":1724828604576,"mc":[{"id":"1.232335220","rc":[{"ltp":1.68,"id":228749}]}]}
{"op":"mcm","clk":"11939015348","pt":1724829029457,"mc":[{"id":"1.232335220","rc":[{"ltp":1.67,"id":228749},{"ltp":2.48,"id":891555}]}]}
{"op":"mcm","clk":"11939016964","pt":1724829080487,"mc":[{"id":"1.232335220","rc":[{"ltp":2.5,"id":891555}]}]}
{"op":"mcm","clk":"11939033858","pt":1724829268783,"mc":[{"id":"1.232335220","rc":[{"ltp":1.66,"id":228749}]}]}
{"op":"mcm","clk":"11939038487","pt":1724829385729,"mc":[{"id":"1.232335220","rc":[{"ltp":1.67,"id":228749}]}]}
{"op":"mcm","clk":"11939055231","pt":1724829869777,"mc":[{"id":"1.232335220","rc":[{"ltp":1.66,"id":228749}]}]}
{"op":"mcm","clk":"11939056707","pt":1724829915186,"mc":[{"id":"1.232335220","rc":[{"ltp":1.65,"id":228749}]}]}
{"op":"mcm","clk":"11939061593","pt":1724830100789,"mc":[{"id":"1.232335220","rc":[{"ltp":1.66,"id":228749}]}]}
{"op":"mcm","clk":"11939086238","pt":1724831035411,"mc":[{"id":"1.232335220","rc":[{"ltp":1.65,"id":228749}]}]}
{"op":"mcm","clk":"11939091002","pt":1724831203411,"mc":[{"id":"1.232335220","rc":[{"ltp":1.66,"id":228749}]}]}
{"op":"mcm","clk":"11939104879","pt":1724831729351,"mc":[{"id":"1.232335220","rc":[{"ltp":1.65,"id":228749}]}]}
{"op":"mcm","clk":"11939156057","pt":1724833234788,"mc":[{"id":"1.232335220","rc":[{"ltp":1.66,"id":228749}]}]}
{"op":"mcm","clk":"11939190838","pt":1724834116635,"mc":[{"id":"1.232335220","rc":[{"ltp":1.65,"id":228749}]}]}
{"op":"mcm","clk":"11939193236","pt":1724834173145,"mc":[{"id":"1.232335220","rc":[{"ltp":1.67,"id":228749}]}]}
{"op":"mcm","clk":"11939204663","pt":1724834421575,"mc":[{"id":"1.232335220","rc":[{"ltp":1.65,"id":228749}]}]}
{"op":"mcm","clk":"11939244099","pt":1724835085207,"mc":[{"id":"1.232335220","rc":[{"ltp":2.52,"id":891555}]}]}
{"op":"mcm","clk":"11939246824","pt":1724835149577,"mc":[{"id":"1.232335220","rc":[{"ltp":1.64,"id":228749}]}]}
{"op":"mcm","clk":"11939249165","pt":1724835204993,"mc":[{"id":"1.232335220","rc":[{"ltp":1.65,"id":228749},{"ltp":2.54,"id":891555}]}]}
{"op":"mcm","clk":"11939251986","pt":1724835267675,"mc":[{"id":"1.232335220","rc":[{"ltp":1.63,"id":228749},{"ltp":2.58,"id":891555}]}]}
{"op":"mcm","clk":"11939261060","pt":1724835509241,"mc":[{"id":"1.232335220","rc":[{"ltp":1.65,"id":228749},{"ltp":2.54,"id":891555}]}]}
{"op":"mcm","clk":"11939285944","pt":1724836021400,"mc":[{"id":"1.232335220","rc":[{"ltp":1.64,"id":228749}]}]}
{"op":"mcm","clk":"11939304230","pt":1724836409041,"mc":[{"id":"1.232335220","rc":[{"ltp":1.62,"id":228749},{"ltp":2.6,"id":891555}]}]}
{"op":"mcm","clk":"11939318636","pt":1724836741681,"mc":[{"id":"1.232335220","rc":[{"ltp":1.61,"id":228749}]}]}
{"op":"mcm","clk":"11939333051","pt":1724837050232,"mc":[{"id":"1.232335220","rc":[{"ltp":1.6,"id":228749}]}]}
{"op":"mcm","clk":"11939358088","pt":1724837448327,"mc":[{"id":"1.232335220","rc":[{"ltp":1.58,"id":228749}]}]}
{"op":"mcm","clk":"11939364191","pt":1724837543812,"mc":[{"id":"1.232335220","rc":[{"ltp":2.74,"id":891555}]}]}
{"op":"mcm","clk":"11939370230","pt":1724837663343,"mc":[{"id":"1.232335220","rc":[{"ltp":1.59,"id":228749},{"ltp":2.7,"id":891555}]}]}
{"op":"mcm","clk":"11939373578","pt":1724837726517,"mc":[{"id":"1.232335220","rc":[{"ltp":2.72,"id":891555}]}]}
{"op":"mcm","clk":"11939374715","pt":1724837751037,"mc":[{"id":"1.232335220","rc":[{"ltp":1.58,"id":228749}]}]}
{"op":"mcm","clk":"11939379289","pt":1724837842251,"mc":[{"id":"1.232335220","rc":[{"ltp":1.57,"id":228749},{"ltp":2.76,"id":891555}]}]}
{"op":"mcm","clk":"11939381951","pt":1724837894010,"mc":[{"id":"1.232335220","rc":[{"ltp":1.56,"id":228749}]}]}
{"op":"mcm","clk":"11939385617","pt":1724837964616,"mc":[{"id":"1.232335220","rc":[{"ltp":2.74,"id":891555}]}]}
{"op":"mcm","clk":"11939389123","pt":1724838025199,"mc":[{"id":"1.232335220","rc":[{"ltp":1.57,"id":228749}]}]}
{"op":"mcm","clk":"11939399650","pt":1724838207842,"mc":[{"id":"1.232335220","rc":[{"ltp":1.55,"id":228749}]}]}
{"op":"mcm","clk":"11939407266","pt":1724838328249,"mc":[{"id":"1.232335220","rc":[{"ltp":1.53,"id":228749},{"ltp":2.9,"id":891555}]}]}
{"op":"mcm","clk":"11939411177","pt":1724838388954,"mc":[{"id":"1.232335220","rc":[{"ltp":1.51,"id":228749}]}]}
{"op":"mcm","clk":"11939415330","pt":1724838449478,"mc":[{"id":"1.232335220","rc":[{"ltp":2.98,"id":891555}]}]}
{"op":"mcm","clk":"11939419411","pt":1724838509807,"mc":[{"id":"1.232335220","rc":[{"ltp":2.96,"id":891555}]}]}
{"op":"mcm","clk":"11939422307","pt":1724838562796,"mc":[{"id":"1.232335220","rc":[{"ltp":1.53,"id":228749},{"ltp":2.9,"id":891555}]}]}
{"op":"mcm","clk":"11939425553","pt":1724838627367,"mc":[{"id":"1.232335220","rc":[{"ltp":1.57,"id":228749},{"ltp":2.78,"id":891555}]}]}
{"op":"mcm","clk":"11939430805","pt":1724838737491,"mc":[{"id":"1.232335220","rc":[{"ltp":1.54,"id":228749}]}]}
{"op":"mcm","clk":"11939442844","pt":1724838983717,"mc":[{"id":"1.232335220","rc":[{"ltp":1.53,"id":228749},{"ltp":2.8,"id":891555}]}]}
{"op":"mcm","clk":"11939446059","pt":1724839049067,"mc":[{"id":"1.232335220","rc":[{"ltp":1.55,"id":228749},{"ltp":2.88,"id":891555}]}]}
{"op":"mcm","clk":"11939447384","pt":1724839075330,"mc":[{"id":"1.232335220","rc":[{"ltp":2.82,"id":891555}]}]}
{"op":"mcm","clk":"11939452244","pt":1724839167566,"mc":[{"id":"1.232335220","rc":[{"ltp":1.56,"id":228749},{"ltp":2.8,"id":891555}]}]}
{"op":"mcm","clk":"11939455842","pt":1724839227619,"mc":[{"id":"1.232335220","rc":[{"ltp":1.55,"id":228749},{"ltp":2.82,"id":891555}]}]}
{"op":"mcm","clk":"11939459758","pt":1724839287023,"mc":[{"id":"1.232335220","rc":[{"ltp":2.8,"id":891555}]}]}
{"op":"mcm","clk":"11939463403","pt":1724839343758,"mc":[{"id":"1.232335220","rc":[{"ltp":1.56,"id":228749}]}]}
{"op":"mcm","clk":"11939467519","pt":1724839407110,"mc":[{"id":"1.232335220","rc":[{"ltp":1.57,"id":228749}]}]}
{"op":"mcm","clk":"11939471164","pt":1724839464894,"mc":[{"id":"1.232335220","rc":[{"ltp":2.74,"id":891555}]}]}
{"op":"mcm","clk":"11939481928","pt":1724839646471,"mc":[{"id":"1.232335220","rc":[{"ltp":1.58,"id":228749}]}]}
{"op":"mcm","clk":"11939496713","pt":1724839918235,"mc":[{"id":"1.232335220","rc":[{"ltp":1.59,"id":228749}]}]}
{"op":"mcm","clk":"11939510698","pt":1724839983903,"mc":[{"id":"1.232335220","rc":[{"ltp":1.58,"id":228749},{"ltp":2.72,"id":891555}]}]}
{"op":"mcm","clk":"11939513365","pt":1724840031955,"mc":[{"id":"1.232335220","rc":[{"ltp":1.59,"id":228749}]}]}
{"op":"mcm","clk":"11939550588","pt":1724840650195,"mc":[{"id":"1.232335220","rc":[{"ltp":1.58,"id":228749}]}]}
{"op":"mcm","clk":"11939558854","pt":1724840785557,"mc":[{"id":"1.232335220","rc":[{"ltp":1.56,"id":228749}]}]}
{"op":"mcm","clk":"11939563053","pt":1724840848402,"mc":[{"id":"1.232335220","rc":[{"ltp":1.57,"id":228749}]}]}
{"op":"mcm","clk":"11939566211","pt":1724840902696,"mc":[{"id":"1.232335220","rc":[{"ltp":2.74,"id":891555}]}]}
{"op":"mcm","clk":"11939574367","pt":1724841047343,"mc":[{"id":"1.232335220","rc":[{"ltp":1.58,"id":228749}]}]}
{"op":"mcm","clk":"11939611319","pt":1724841629501,"mc":[{"id":"1.232335220","rc":[{"ltp":2.72,"id":891555}]}]}
{"op":"mcm","clk":"11939615090","pt":1724841687178,"mc":[{"id":"1.232335220","rc":[{"ltp":2.74,"id":891555}]}]}
{"op":"mcm","clk":"11939617137","pt":1724841721617,"mc":[{"id":"1.232335220","rc":[{"ltp":2.72,"id":891555}]}]}
{"op":"mcm","clk":"11939622200","pt":1724841802803,"mc":[{"id":"1.232335220","rc":[{"ltp":2.68,"id":891555}]}]}
{"op":"mcm","clk":"11939639304","pt":1724842085401,"mc":[{"id":"1.232335220","rc":[{"ltp":1.59,"id":228749}]}]}
{"op":"mcm","clk":"11939664717","pt":1724842491365,"mc":[{"id":"1.232335220","rc":[{"ltp":1.58,"id":228749}]}]}
{"op":"mcm","clk":"11939669823","pt":1724842587133,"mc":[{"id":"1.232335220","rc":[{"ltp":1.59,"id":228749}]}]}
{"op":"mcm","clk":"11939680722","pt":1724842768679,"mc":[{"id":"1.232335220","rc":[{"ltp":2.66,"id":891555}]}]}
{"op":"mcm","clk":"11939683251","pt":1724842810040,"mc":[{"id":"1.232335220","rc":[{"ltp":1.6,"id":228749},{"ltp":2.68,"id":891555}]}]}
{"op":"mcm","clk":"11939689140","pt":1724842887662,"mc":[{"id":"1.232335220","rc":[{"ltp":2.66,"id":891555}]}]}
{"op":"mcm","clk":"11939696496","pt":1724843004690,"mc":[{"id":"1.232335220","rc":[{"ltp":1.61,"id":228749}]}]}
{"op":"mcm","clk":"11939700165","pt":1724843066047,"mc":[{"id":"1.232335220","rc":[{"ltp":1.6,"id":228749}]}]}
{"op":"mcm","clk":"11939711956","pt":1724843234570,"mc":[{"id":"1.232335220","rc":[{"ltp":1.59,"id":228749}]}]}
{"op":"mcm","clk":"11939715681","pt":1724843288867,"mc":[{"id":"1.232335220","rc":[{"ltp":1.6,"id":228749}]}]}
{"op":"mcm","clk":"11939737758","pt":1724843606572,"mc":[{"id":"1.232335220","rc":[{"ltp":1.62,"id":228749},{"ltp":2.64,"id":891555}]}]}
{"op":"mcm","clk":"11939742126","pt":1724843669853,"mc":[{"id":"1.232335220","rc":[{"ltp":1.7,"id":228749},{"ltp":2.34,"id":891555}]}]}
{"op":"mcm","clk":"11939745909","pt":1724843725333,"mc":[{"id":"1.232335220","rc":[{"ltp":2.44,"id":891555}]}]}
{"op":"mcm","clk":"11939753986","pt":1724843847725,"mc":[{"id":"1.232335220","rc":[{"ltp":1.69,"id":228749}]}]}
{"op":"mcm","clk":"11939757594","pt":1724843898271,"mc":[{"id":"1.232335220","rc":[{"ltp":2.48,"id":891555}]}]}
{"op":"mcm","clk":"11939762265","pt":1724843967078,"mc":[{"id":"1.232335220","rc":[{"ltp":1.68,"id":228749},{"ltp":2.44,"id":891555}]}]}
{"op":"mcm","clk":"11939766093","pt":1724844021755,"mc":[{"id":"1.232335220","rc":[{"ltp":1.7,"id":228749}]}]}
{"op":"mcm","clk":"11939770862","pt":1724844088926,"mc":[{"id":"1.232335220","rc":[{"ltp":1.73,"id":228749},{"ltp":2.36,"id":891555}]}]}
{"op":"mcm","clk":"11939778680","pt":1724844206885,"mc":[{"id":"1.232335220","rc":[{"ltp":1.68,"id":228749}]}]}
{"op":"mcm","clk":"11939782707","pt":1724844261149,"mc":[{"id":"1.232335220","rc":[{"ltp":1.69,"id":228749},{"ltp":2.44,"id":891555}]}]}
{"op":"mcm","clk":"11939787395","pt":1724844318601,"mc":[{"id":"1.232335220","rc":[{"ltp":1.67,"id":228749}]}]}
{"op":"mcm","clk":"11939792580","pt":1724844385304,"mc":[{"id":"1.232335220","rc":[{"ltp":1.69,"id":228749},{"ltp":2.48,"id":891555}]}]}
{"op":"mcm","clk":"11939797767","pt":1724844448078,"mc":[{"id":"1.232335220","rc":[{"ltp":2.44,"id":891555}]}]}
{"op":"mcm","clk":"11939802865","pt":1724844509666,"mc":[{"id":"1.232335220","rc":[{"ltp":1.68,"id":228749}]}]}
{"op":"mcm","clk":"11939811343","pt":1724844629844,"mc":[{"id":"1.232335220","rc":[{"ltp":1.72,"id":228749},{"ltp":2.4,"id":891555}]}]}
{"op":"mcm","clk":"11939819537","pt":1724844745370,"mc":[{"id":"1.232335220","rc":[{"ltp":1.74,"id":228749},{"ltp":2.34,"id":891555}]}]}
{"op":"mcm","clk":"11939824142","pt":1724844805720,"mc":[{"id":"1.232335220","rc":[{"ltp":1.73,"id":228749},{"ltp":2.38,"id":891555}]}]}
{"op":"mcm","clk":"11939829269","pt":1724844869787,"mc":[{"id":"1.232335220","rc":[{"ltp":1.74,"id":228749},{"ltp":2.34,"id":891555}]}]}
{"op":"mcm","clk":"11939833456","pt":1724844928766,"mc":[{"id":"1.232335220","rc":[{"ltp":1.73,"id":228749}]}]}
{"op":"mcm","clk":"11939837959","pt":1724844989610,"mc":[{"id":"1.232335220","rc":[{"ltp":1.71,"id":228749},{"ltp":2.38,"id":891555}]}]}
{"op":"mcm","clk":"11939842563","pt":1724845049656,"mc":[{"id":"1.232335220","rc":[{"ltp":1.73,"id":228749},{"ltp":2.34,"id":891555}]}]}
{"op":"mcm","clk":"11939847095","pt":1724845108534,"mc":[{"id":"1.232335220","rc":[{"ltp":1.71,"id":228749},{"ltp":2.38,"id":891555}]}]}
{"op":"mcm","clk":"11939851607","pt":1724845169312,"mc":[{"id":"1.232335220","rc":[{"ltp":1.72,"id":228749},{"ltp":2.4,"id":891555}]}]}
{"op":"mcm","clk":"11939855791","pt":1724845229716,"mc":[{"id":"1.232335220","rc":[{"ltp":2.36,"id":891555}]}]}
{"op":"mcm","clk":"11939860483","pt":1724845289884,"mc":[{"id":"1.232335220","rc":[{"ltp":1.73,"id":228749}]}]}
{"op":"mcm","clk":"11939865296","pt":1724845349474,"mc":[{"id":"1.232335220","rc":[{"ltp":1.77,"id":228749},{"ltp":2.3,"id":891555}]}]}
{"op":"mcm","clk":"11939880863","pt":1724845407951,"mc":[{"id":"1.232335220","rc":[{"ltp":1.74,"id":228749},{"ltp":2.32,"id":891555}]}]}
{"op":"mcm","clk":"11939886254","pt":1724845468885,"mc":[{"id":"1.232335220","rc":[{"ltp":1.75,"id":228749}]}]}
{"op":"mcm","clk":"11939892032","pt":1724845529884,"mc":[{"id":"1.232335220","rc":[{"ltp":1.74,"id":228749},{"ltp":2.36,"id":891555}]}]}
{"op":"mcm","clk":"11939902528","pt":1724845646674,"mc":[{"id":"1.232335220","rc":[{"ltp":2.32,"id":891555}]}]}
{"op":"mcm","clk":"11939907969","pt":1724845709448,"mc":[{"id":"1.232335220","rc":[{"ltp":1.73,"id":228749},{"ltp":2.34,"id":891555}]}]}
{"op":"mcm","clk":"11939917858","pt":1724845826860,"mc":[{"id":"1.232335220","rc":[{"ltp":2.36,"id":891555}]}]}
{"op":"mcm","clk":"11939922481","pt":1724845887413,"mc":[{"id":"1.232335220","rc":[{"ltp":1.74,"id":228749},{"ltp":2.34,"id":891555}]}]}
{"op":"mcm","clk":"11939930336","pt":1724846003781,"mc":[{"id":"1.232335220","rc":[{"ltp":2.36,"id":891555}]}]}
{"op":"mcm","clk":"11939934912","pt":1724846068807,"mc":[{"id":"1.232335220","rc":[{"ltp":1.77,"id":228749},{"ltp":2.3,"id":891555}]}]}
{"op":"mcm","clk":"11939943237","pt":1724846189043,"mc":[{"id":"1.232335220","rc":[{"ltp":1.76,"id":228749}]}]}
{"op":"mcm","clk":"11939947749","pt":1724846249617,"mc":[{"id":"1.232335220","rc":[{"ltp":1.77,"id":228749},{"ltp":2.28,"id":891555}]}]}
{"op":"mcm","clk":"11939951771","pt":1724846309888,"mc":[{"id":"1.232335220","rc":[{"ltp":1.75,"id":228749},{"ltp":2.32,"id":891555}]}]}
{"op":"mcm","clk":"11939956153","pt":1724846369831,"mc":[{"id":"1.232335220","rc":[{"ltp":1.73,"id":228749},{"ltp":2.36,"id":891555}]}]}
{"op":"mcm","clk":"11939961526","pt":1724846429775,"mc":[{"id":"1.232335220","marketDefinition":{"bspMarket":false,"turnInPlayEnabled":true,"persistenceEnabled":true,"marketBaseRate":5.0,"eventId":"33531036","eventTypeId":"4","numberOfWinners":1,"bettingType":"ODDS","marketType":"MATCH_ODDS","marketTime":"2024-08-28T12:00:00.000Z","suspendTime":"2024-08-28T12:00:00.000Z","bspReconciled":false,"complete":true,"inPlay":true,"crossMatching":true,"runnersVoidable":false,"numberOfActiveRunners":2,"betDelay":5,"status":"OPEN","runners":[{"status":"ACTIVE","sortPriority":1,"id":228749,"name":"Netherlands"},{"status":"ACTIVE","sortPriority":2,"id":891555,"name":"USA"}],"regulators":["MR_INT"],"countryCode":"GB","discountAllowed":true,"timezone":"GMT","openDate":"2024-08-28T12:00:00.000Z","version":6104709556,"name":"Match Odds","eventName":"Netherlands v USA"},"rc":[{"ltp":1.74,"id":228749}]}]}
{"op":"mcm","clk":"11939967425","pt":1724846489858,"mc":[{"id":"1.232335220","rc":[{"ltp":1.72,"id":228749},{"ltp":2.4,"id":891555}]}]}
{"op":"mcm","clk":"11939973157","pt":1724846549552,"mc":[{"id":"1.232335220","rc":[{"ltp":1.69,"id":228749},{"ltp":2.44,"id":891555}]}]}
{"op":"mcm","clk":"11939978699","pt":1724846609861,"mc":[{"id":"1.232335220","rc":[{"ltp":1.49,"id":228749},{"ltp":3.0,"id":891555}]}]}
{"op":"mcm","clk":"11939983739","pt":1724846669831,"mc":[{"id":"1.232335220","rc":[{"ltp":1.51,"id":228749}]}]}
{"op":"mcm","clk":"11939988832","pt":1724846729818,"mc":[{"id":"1.232335220","rc":[{"ltp":1.55,"id":228749},{"ltp":2.82,"id":891555}]}]}
{"op":"mcm","clk":"11939994088","pt":1724846789803,"mc":[{"id":"1.232335220","rc":[{"ltp":1.52,"id":228749},{"ltp":2.96,"id":891555}]}]}
{"op":"mcm","clk":"11939999241","pt":1724846849665,"mc":[{"id":"1.232335220","rc":[{"ltp":1.57,"id":228749},{"ltp":2.74,"id":891555}]}]}
{"op":"mcm","clk":"11940004364","pt":1724846909844,"mc":[{"id":"1.232335220","rc":[{"ltp":1.49,"id":228749},{"ltp":3.0,"id":891555}]}]}
{"op":"mcm","clk":"11940009267","pt":1724846969640,"mc":[{"id":"1.232335220","rc":[{"ltp":1.69,"id":228749},{"ltp":2.44,"id":891555}]}]}
{"op":"mcm","clk":"11940014323","pt":1724847029844,"mc":[{"id":"1.232335220","rc":[{"ltp":1.71,"id":228749}]}]}
{"op":"mcm","clk":"11940019291","pt":1724847089806,"mc":[{"id":"1.232335220","rc":[{"ltp":1.68,"id":228749},{"ltp":2.42,"id":891555}]}]}
{"op":"mcm","clk":"11940024560","pt":1724847149826,"mc":[{"id":"1.232335220","rc":[{"ltp":1.69,"id":228749}]}]}
{"op":"mcm","clk":"11940029849","pt":1724847209875,"mc":[{"id":"1.232335220","rc":[{"ltp":1.71,"id":228749},{"ltp":2.4,"id":891555}]}]}
{"op":"mcm","clk":"11940035120","pt":1724847269869,"mc":[{"id":"1.232335220","rc":[{"ltp":1.72,"id":228749},{"ltp":2.36,"id":891555}]}]}
{"op":"mcm","clk":"11940040916","pt":1724847329843,"mc":[{"id":"1.232335220","rc":[{"ltp":1.66,"id":228749},{"ltp":2.5,"id":891555}]}]}
{"op":"mcm","clk":"11940046392","pt":1724847389867,"mc":[{"id":"1.232335220","rc":[{"ltp":1.59,"id":228749},{"ltp":2.68,"id":891555}]}]}
{"op":"mcm","clk":"11940051995","pt":1724847449473,"mc":[{"id":"1.232335220","rc":[{"ltp":1.62,"id":228749},{"ltp":2.64,"id":891555}]}]}
{"op":"mcm","clk":"11940058014","pt":1724847509643,"mc":[{"id":"1.232335220","rc":[{"ltp":1.63,"id":228749},{"ltp":2.58,"id":891555}]}]}
{"op":"mcm","clk":"11940064052","pt":1724847569814,"mc":[{"id":"1.232335220","rc":[{"ltp":1.6,"id":228749},{"ltp":2.66,"id":891555}]}]}
{"op":"mcm","clk":"11940068958","pt":1724847629868,"mc":[{"id":"1.232335220","rc":[{"ltp":1.53,"id":228749},{"ltp":2.88,"id":891555}]}]}
{"op":"mcm","clk":"11940079311","pt":1724847749822,"mc":[{"id":"1.232335220","rc":[{"ltp":1.72,"id":228749},{"ltp":2.38,"id":891555}]}]}
{"op":"mcm","clk":"11940084416","pt":1724847809871,"mc":[{"id":"1.232335220","rc":[{"ltp":1.73,"id":228749}]}]}
{"op":"mcm","clk":"11940089742","pt":1724847869775,"mc":[{"id":"1.232335220","rc":[{"ltp":1.68,"id":228749},{"ltp":2.44,"id":891555}]}]}
{"op":"mcm","clk":"11940094896","pt":1724847929825,"mc":[{"id":"1.232335220","rc":[{"ltp":1.62,"id":228749},{"ltp":2.58,"id":891555}]}]}
{"op":"mcm","clk":"11940099637","pt":1724847989802,"mc":[{"id":"1.232335220","rc":[{"ltp":1.6,"id":228749},{"ltp":2.66,"id":891555}]}]}
{"op":"mcm","clk":"11940103774","pt":1724848049841,"mc":[{"id":"1.232335220","rc":[{"ltp":1.58,"id":228749},{"ltp":2.74,"id":891555}]}]}
{"op":"mcm","clk":"11940108255","pt":1724848109855,"mc":[{"id":"1.232335220","rc":[{"ltp":1.61,"id":228749},{"ltp":2.66,"id":891555}]}]}
{"op":"mcm","clk":"11940112769","pt":1724848169812,"mc":[{"id":"1.232335220","rc":[{"ltp":1.63,"id":228749},{"ltp":2.58,"id":891555}]}]}
{"op":"mcm","clk":"11940117326","pt":1724848229880,"mc":[{"id":"1.232335220","rc":[{"ltp":1.67,"id":228749},{"ltp":2.52,"id":891555}]}]}
{"op":"mcm","clk":"11940122196","pt":1724848289858,"mc":[{"id":"1.232335220","rc":[{"ltp":1.71,"id":228749},{"ltp":2.42,"id":891555}]}]}
{"op":"mcm","clk":"11940127141","pt":1724848349830,"mc":[{"id":"1.232335220","rc":[{"ltp":2.38,"id":891555}]}]}
{"op":"mcm","clk":"11940132467","pt":1724848409844,"mc":[{"id":"1.232335220","rc":[{"ltp":1.7,"id":228749},{"ltp":2.42,"id":891555}]}]}
{"op":"mcm","clk":"11940138123","pt":1724848469793,"mc":[{"id":"1.232335220","rc":[{"ltp":1.97,"id":228749},{"ltp":2.0,"id":891555}]}]}
{"op":"mcm","clk":"11940143881","pt":1724848529860,"mc":[{"id":"1.232335220","rc":[{"ltp":1.99,"id":228749},{"ltp":1.99,"id":891555}]}]}
{"op":"mcm","clk":"11940149713","pt":1724848589842,"mc":[{"id":"1.232335220","rc":[{"ltp":2.02,"id":891555}]}]}
{"op":"mcm","clk":"11940155208","pt":1724848649789,"mc":[{"id":"1.232335220","rc":[{"ltp":2.06,"id":228749},{"ltp":1.92,"id":891555}]}]}
{"op":"mcm","clk":"11940160603","pt":1724848709766,"mc":[{"id":"1.232335220","rc":[{"ltp":2.16,"id":228749},{"ltp":1.86,"id":891555}]}]}
{"op":"mcm","clk":"11940166197","pt":1724848769884,"mc":[{"id":"1.232335220","rc":[{"ltp":1.85,"id":891555}]}]}
{"op":"mcm","clk":"11940171693","pt":1724848829823,"mc":[{"id":"1.232335220","rc":[{"ltp":2.32,"id":228749},{"ltp":1.75,"id":891555}]}]}
{"op":"mcm","clk":"11940177358","pt":1724848889810,"mc":[{"id":"1.232335220","rc":[{"ltp":1.74,"id":891555}]}]}
{"op":"mcm","clk":"11940182919","pt":1724848949760,"mc":[{"id":"1.232335220","rc":[{"ltp":2.14,"id":228749},{"ltp":1.88,"id":891555}]}]}
{"op":"mcm","clk":"11940187998","pt":1724849009878,"mc":[{"id":"1.232335220","rc":[{"ltp":2.12,"id":228749},{"ltp":1.89,"id":891555}]}]}
{"op":"mcm","clk":"11940192875","pt":1724849069883,"mc":[{"id":"1.232335220","rc":[{"ltp":2.14,"id":228749}]}]}
{"op":"mcm","clk":"11940198084","pt":1724849129708,"mc":[{"id":"1.232335220","rc":[{"ltp":2.74,"id":228749},{"ltp":1.58,"id":891555}]}]}
{"op":"mcm","clk":"11940203344","pt":1724849189714,"mc":[{"id":"1.232335220","rc":[{"ltp":2.84,"id":228749},{"ltp":1.54,"id":891555}]}]}
{"op":"mcm","clk":"11940208859","pt":1724849249749,"mc":[{"id":"1.232335220","rc":[{"ltp":3.6,"id":228749},{"ltp":1.39,"id":891555}]}]}
{"op":"mcm","clk":"11940214097","pt":1724849309843,"mc":[{"id":"1.232335220","rc":[{"ltp":3.5,"id":228749},{"ltp":1.4,"id":891555}]}]}
{"op":"mcm","clk":"11940219575","pt":1724849369858,"mc":[{"id":"1.232335220","rc":[{"ltp":4.5,"id":228749},{"ltp":1.29,"id":891555}]}]}
{"op":"mcm","clk":"11940224850","pt":1724849429822,"mc":[{"id":"1.232335220","rc":[{"ltp":4.3,"id":228749},{"ltp":1.3,"id":891555}]}]}
{"op":"mcm","clk":"11940230583","pt":1724849489683,"mc":[{"id":"1.232335220","rc":[{"ltp":4.4,"id":228749},{"ltp":1.29,"id":891555}]}]}
{"op":"mcm","clk":"11940236622","pt":1724849549868,"mc":[{"id":"1.232335220","rc":[{"ltp":4.0,"id":228749},{"ltp":1.33,"id":891555}]}]}
{"op":"mcm","clk":"11940242934","pt":1724849609879,"mc":[{"id":"1.232335220","rc":[{"ltp":3.85,"id":228749},{"ltp":1.35,"id":891555}]}]}
{"op":"mcm","clk":"11940248938","pt":1724849669846,"mc":[{"id":"1.232335220","rc":[{"ltp":3.95,"id":228749},{"ltp":1.34,"id":891555}]}]}
{"op":"mcm","clk":"11940254337","pt":1724849729827,"mc":[{"id":"1.232335220","rc":[{"ltp":3.85,"id":228749},{"ltp":1.35,"id":891555}]}]}
{"op":"mcm","clk":"11940259727","pt":1724849789278,"mc":[{"id":"1.232335220","rc":[{"ltp":3.6,"id":228749},{"ltp":1.38,"id":891555}]}]}
{"op":"mcm","clk":"11940265268","pt":1724849849841,"mc":[{"id":"1.232335220","rc":[{"ltp":5.0,"id":228749},{"ltp":1.25,"id":891555}]}]}
{"op":"mcm","clk":"11940270634","pt":1724849909809,"mc":[{"id":"1.232335220","rc":[{"ltp":5.3,"id":228749},{"ltp":1.23,"id":891555}]}]}
{"op":"mcm","clk":"11940275607","pt":1724849969813,"mc":[{"id":"1.232335220","rc":[{"ltp":5.1,"id":228749},{"ltp":1.24,"id":891555}]}]}
{"op":"mcm","clk":"11940280638","pt":1724850029796,"mc":[{"id":"1.232335220","rc":[{"ltp":5.7,"id":228749},{"ltp":1.21,"id":891555}]}]}
{"op":"mcm","clk":"11940285937","pt":1724850089857,"mc":[{"id":"1.232335220","rc":[{"ltp":5.1,"id":228749},{"ltp":1.23,"id":891555}]}]}
{"op":"mcm","clk":"11940291182","pt":1724850149697,"mc":[{"id":"1.232335220","rc":[{"ltp":4.3,"id":228749},{"ltp":1.3,"id":891555}]}]}
{"op":"mcm","clk":"11940296193","pt":1724850209687,"mc":[{"id":"1.232335220","rc":[{"ltp":4.6,"id":228749},{"ltp":1.29,"id":891555}]}]}
{"op":"mcm","clk":"11940301559","pt":1724850269838,"mc":[{"id":"1.232335220","rc":[{"ltp":4.3,"id":228749},{"ltp":1.3,"id":891555}]}]}
{"op":"mcm","clk":"11940307709","pt":1724850329839,"mc":[{"id":"1.232335220","rc":[{"ltp":3.95,"id":228749},{"ltp":1.34,"id":891555}]}]}
{"op":"mcm","clk":"11940313779","pt":1724850389816,"mc":[{"id":"1.232335220","rc":[{"ltp":3.6,"id":228749},{"ltp":1.38,"id":891555}]}]}
{"op":"mcm","clk":"11940320210","pt":1724850449793,"mc":[{"id":"1.232335220","rc":[{"ltp":3.65,"id":228749},{"ltp":1.36,"id":891555}]}]}
{"op":"mcm","clk":"11940326868","pt":1724850509832,"mc":[{"id":"1.232335220","rc":[{"ltp":3.7,"id":228749},{"ltp":1.37,"id":891555}]}]}
{"op":"mcm","clk":"11940334180","pt":1724850569821,"mc":[{"id":"1.232335220","rc":[{"ltp":3.5,"id":228749},{"ltp":1.39,"id":891555}]}]}
{"op":"mcm","clk":"11940341374","pt":1724850629866,"mc":[{"id":"1.232335220","rc":[{"ltp":1.4,"id":891555}]}]}
{"op":"mcm","clk":"11940348217","pt":1724850689822,"mc":[{"id":"1.232335220","rc":[{"ltp":3.6,"id":228749},{"ltp":1.38,"id":891555}]}]}
{"op":"mcm","clk":"11940354454","pt":1724850749818,"mc":[{"id":"1.232335220","rc":[{"ltp":3.8,"id":228749},{"ltp":1.37,"id":891555}]}]}
{"op":"mcm","clk":"11940371995","pt":1724850809700,"mc":[{"id":"1.232335220","rc":[{"ltp":3.75,"id":228749},{"ltp":1.36,"id":891555}]}]}
{"op":"mcm","clk":"11940379124","pt":1724850869784,"mc":[{"id":"1.232335220","rc":[{"ltp":3.9,"id":228749},{"ltp":1.34,"id":891555}]}]}
{"op":"mcm","clk":"11940385742","pt":1724850929887,"mc":[{"id":"1.232335220","rc":[{"ltp":3.75,"id":228749},{"ltp":1.36,"id":891555}]}]}
{"op":"mcm","clk":"11940392050","pt":1724850989858,"mc":[{"id":"1.232335220","rc":[{"ltp":3.6,"id":228749},{"ltp":1.37,"id":891555}]}]}
{"op":"mcm","clk":"11940397508","pt":1724851049828,"mc":[{"id":"1.232335220","rc":[{"ltp":3.7,"id":228749},{"ltp":1.36,"id":891555}]}]}
{"op":"mcm","clk":"11940403401","pt":1724851109836,"mc":[{"id":"1.232335220","rc":[{"ltp":3.85,"id":228749},{"ltp":1.35,"id":891555}]}]}
{"op":"mcm","clk":"11940409118","pt":1724851169859,"mc":[{"id":"1.232335220","rc":[{"ltp":4.4,"id":228749},{"ltp":1.29,"id":891555}]}]}
{"op":"mcm","clk":"11940415233","pt":1724851229788,"mc":[{"id":"1.232335220","rc":[{"ltp":4.1,"id":228749},{"ltp":1.32,"id":891555}]}]}
{"op":"mcm","clk":"11940421264","pt":1724851289724,"mc":[{"id":"1.232335220","rc":[{"ltp":3.8,"id":228749},{"ltp":1.36,"id":891555}]}]}
{"op":"mcm","clk":"11940433086","pt":1724851409605,"mc":[{"id":"1.232335220","rc":[{"ltp":3.85,"id":228749},{"ltp":1.35,"id":891555}]}]}
{"op":"mcm","clk":"11940438616","pt":1724851469770,"mc":[{"id":"1.232335220","rc":[{"ltp":1.34,"id":891555}]}]}
{"op":"mcm","clk":"11940444255","pt":1724851529767,"mc":[{"id":"1.232335220","rc":[{"ltp":3.9,"id":228749}]}]}
{"op":"mcm","clk":"11940449945","pt":1724851589807,"mc":[{"id":"1.232335220","rc":[{"ltp":3.8,"id":228749},{"ltp":1.35,"id":891555}]}]}
{"op":"mcm","clk":"11940455653","pt":1724851649801,"mc":[{"id":"1.232335220","rc":[{"ltp":3.55,"id":228749},{"ltp":1.39,"id":891555}]}]}
{"op":"mcm","clk":"11940473442","pt":1724851829824,"mc":[{"id":"1.232335220","rc":[{"ltp":3.5,"id":228749},{"ltp":1.4,"id":891555}]}]}
{"op":"mcm","clk":"11940484750","pt":1724851949714,"mc":[{"id":"1.232335220","rc":[{"ltp":3.4,"id":228749},{"ltp":1.42,"id":891555}]}]}
{"op":"mcm","clk":"11940490190","pt":1724852009777,"mc":[{"id":"1.232335220","rc":[{"ltp":3.45,"id":228749},{"ltp":1.41,"id":891555}]}]}
{"op":"mcm","clk":"11940495097","pt":1724852069163,"mc":[{"id":"1.232335220","rc":[{"ltp":3.4,"id":228749},{"ltp":1.42,"id":891555}]}]}
{"op":"mcm","clk":"11940500252","pt":1724852129849,"mc":[{"id":"1.232335220","rc":[{"ltp":1.4,"id":891555}]}]}
{"op":"mcm","clk":"11940505330","pt":1724852188749,"mc":[{"id":"1.232335220","rc":[{"ltp":1.41,"id":891555}]}]}
{"op":"mcm","clk":"11940521483","pt":1724852369794,"mc":[{"id":"1.232335220","rc":[{"ltp":3.35,"id":228749}]}]}
{"op":"mcm","clk":"11940526774","pt":1724852429857,"mc":[{"id":"1.232335220","rc":[{"ltp":3.4,"id":228749},{"ltp":1.43,"id":891555}]}]}
{"op":"mcm","clk":"11940531982","pt":1724852489831,"mc":[{"id":"1.232335220","rc":[{"ltp":3.25,"id":228749},{"ltp":1.44,"id":891555}]}]}
{"op":"mcm","clk":"11940536922","pt":1724852549418,"mc":[{"id":"1.232335220","rc":[{"ltp":3.3,"id":228749},{"ltp":1.42,"id":891555}]}]}
{"op":"mcm","clk":"11940541960","pt":1724852608113,"mc":[{"id":"1.232335220","rc":[{"ltp":3.35,"id":228749}]}]}
{"op":"mcm","clk":"11940547555","pt":1724852669667,"mc":[{"id":"1.232335220","rc":[{"ltp":1.41,"id":891555}]}]}
{"op":"mcm","clk":"11940553510","pt":1724852729746,"mc":[{"id":"1.232335220","rc":[{"ltp":3.3,"id":228749},{"ltp":1.44,"id":891555}]}]}
{"op":"mcm","clk":"11940559590","pt":1724852789829,"mc":[{"id":"1.232335220","rc":[{"ltp":3.0,"id":228749},{"ltp":1.48,"id":891555}]}]}
{"op":"mcm","clk":"11940565761","pt":1724852849885,"mc":[{"id":"1.232335220","rc":[{"ltp":3.35,"id":228749},{"ltp":1.42,"id":891555}]}]}
{"op":"mcm","clk":"11940571985","pt":1724852909825,"mc":[{"id":"1.232335220","rc":[{"ltp":4.1,"id":228749},{"ltp":1.32,"id":891555}]}]}
{"op":"mcm","clk":"11940578009","pt":1724852969755,"mc":[{"id":"1.232335220","rc":[{"ltp":4.4,"id":228749},{"ltp":1.3,"id":891555}]}]}
{"op":"mcm","clk":"11940584223","pt":1724853029846,"mc":[{"id":"1.232335220","rc":[{"ltp":4.8,"id":228749},{"ltp":1.26,"id":891555}]}]}
{"op":"mcm","clk":"11940590105","pt":1724853089787,"mc":[{"id":"1.232335220","rc":[{"ltp":5.5,"id":228749},{"ltp":1.22,"id":891555}]}]}
{"op":"mcm","clk":"11940595829","pt":1724853149756,"mc":[{"id":"1.232335220","rc":[{"ltp":4.8,"id":228749},{"ltp":1.26,"id":891555}]}]}
{"op":"mcm","clk":"11940601069","pt":1724853209826,"mc":[{"id":"1.232335220","rc":[{"ltp":5.0,"id":228749},{"ltp":1.25,"id":891555}]}]}
{"op":"mcm","clk":"11940606041","pt":1724853269805,"mc":[{"id":"1.232335220","rc":[{"ltp":5.5,"id":228749},{"ltp":1.22,"id":891555}]}]}
{"op":"mcm","clk":"11940611237","pt":1724853329807,"mc":[{"id":"1.232335220","rc":[{"ltp":3.55,"id":228749},{"ltp":1.39,"id":891555}]}]}
{"op":"mcm","clk":"11940616497","pt":1724853389870,"mc":[{"id":"1.232335220","rc":[{"ltp":4.5,"id":228749},{"ltp":1.29,"id":891555}]}]}
{"op":"mcm","clk":"11940621297","pt":1724853449851,"mc":[{"id":"1.232335220","rc":[{"ltp":4.2,"id":228749},{"ltp":1.31,"id":891555}]}]}
{"op":"mcm","clk":"11940626453","pt":1724853509842,"mc":[{"id":"1.232335220","rc":[{"ltp":4.3,"id":228749},{"ltp":1.3,"id":891555}]}]}
{"op":"mcm","clk":"11940631860","pt":1724853569806,"mc":[{"id":"1.232335220","rc":[{"ltp":5.3,"id":228749},{"ltp":1.23,"id":891555}]}]}
{"op":"mcm","clk":"11940637536","pt":1724853629688,"mc":[{"id":"1.232335220","rc":[{"ltp":5.5,"id":228749},{"ltp":1.22,"id":891555}]}]}
{"op":"mcm","clk":"11940643082","pt":1724853689758,"mc":[{"id":"1.232335220","rc":[{"ltp":5.3,"id":228749},{"ltp":1.23,"id":891555}]}]}
{"op":"mcm","clk":"11940648289","pt":1724853749814,"mc":[{"id":"1.232335220","rc":[{"ltp":6.2,"id":228749},{"ltp":1.19,"id":891555}]}]}
{"op":"mcm","clk":"11940653452","pt":1724853809805,"mc":[{"id":"1.232335220","rc":[{"ltp":5.7,"id":228749},{"ltp":1.21,"id":891555}]}]}
{"op":"mcm","clk":"11940658588","pt":1724853869860,"mc":[{"id":"1.232335220","rc":[{"ltp":8.0,"id":228749},{"ltp":1.16,"id":891555}]}]}
{"op":"mcm","clk":"11940664162","pt":1724853929823,"mc":[{"id":"1.232335220","rc":[{"ltp":8.6,"id":228749},{"ltp":1.13,"id":891555}]}]}
{"op":"mcm","clk":"11940674989","pt":1724854049866,"mc":[{"id":"1.232335220","rc":[{"ltp":5.2,"id":228749},{"ltp":1.23,"id":891555}]}]}
{"op":"mcm","clk":"11940680838","pt":1724854109852,"mc":[{"id":"1.232335220","rc":[{"ltp":5.1,"id":228749},{"ltp":1.24,"id":891555}]}]}
{"op":"mcm","clk":"11940686814","pt":1724854169827,"mc":[{"id":"1.232335220","rc":[{"ltp":8.6,"id":228749},{"ltp":1.14,"id":891555}]}]}
{"op":"mcm","clk":"11940692919","pt":1724854229862,"mc":[{"id":"1.232335220","rc":[{"ltp":7.6,"id":228749},{"ltp":1.15,"id":891555}]}]}
{"op":"mcm","clk":"11940699073","pt":1724854289757,"mc":[{"id":"1.232335220","rc":[{"ltp":7.8,"id":228749}]}]}
{"op":"mcm","clk":"11940704807","pt":1724854349702,"mc":[{"id":"1.232335220","rc":[{"ltp":7.2,"id":228749},{"ltp":1.16,"id":891555}]}]}
{"op":"mcm","clk":"11940710714","pt":1724854409681,"mc":[{"id":"1.232335220","rc":[{"ltp":7.6,"id":228749},{"ltp":1.17,"id":891555}]}]}
{"op":"mcm","clk":"11940716998","pt":1724854469889,"mc":[{"id":"1.232335220","rc":[{"ltp":13.0,"id":228749},{"ltp":1.09,"id":891555}]}]}
{"op":"mcm","clk":"11940723442","pt":1724854529820,"mc":[{"id":"1.232335220","rc":[{"ltp":13.5,"id":228749},{"ltp":1.08,"id":891555}]}]}
{"op":"mcm","clk":"11940729732","pt":1724854589837,"mc":[{"id":"1.232335220","rc":[{"ltp":23.0,"id":228749},{"ltp":1.05,"id":891555}]}]}
{"op":"mcm","clk":"11940735408","pt":1724854649800,"mc":[{"id":"1.232335220","rc":[{"ltp":21.0,"id":228749}]}]}
{"op":"mcm","clk":"11940740977","pt":1724854709873,"mc":[{"id":"1.232335220","rc":[{"ltp":20.0,"id":228749}]}]}
{"op":"mcm","clk":"11940746467","pt":1724854769864,"mc":[{"id":"1.232335220","rc":[{"ltp":22.0,"id":228749}]}]}
{"op":"mcm","clk":"11940751558","pt":1724854829843,"mc":[{"id":"1.232335220","rc":[{"ltp":20.0,"id":228749},{"ltp":1.06,"id":891555}]}]}
{"op":"mcm","clk":"11940756832","pt":1724854889800,"mc":[{"id":"1.232335220","rc":[{"ltp":21.0,"id":228749},{"ltp":1.05,"id":891555}]}]}
{"op":"mcm","clk":"11940772640","pt":1724855069819,"mc":[{"id":"1.232335220","rc":[{"ltp":10.5,"id":228749},{"ltp":1.11,"id":891555}]}]}
{"op":"mcm","clk":"11940778761","pt":1724855129809,"mc":[{"id":"1.232335220","rc":[{"ltp":11.0,"id":228749},{"ltp":1.1,"id":891555}]}]}
{"op":"mcm","clk":"11940784491","pt":1724855189782,"mc":[{"id":"1.232335220","rc":[{"ltp":9.8,"id":228749},{"ltp":1.11,"id":891555}]}]}
{"op":"mcm","clk":"11940790108","pt":1724855249833,"mc":[{"id":"1.232335220","rc":[{"ltp":5.8,"id":228749},{"ltp":1.21,"id":891555}]}]}
{"op":"mcm","clk":"11940796082","pt":1724855309797,"mc":[{"id":"1.232335220","rc":[{"ltp":5.2,"id":228749},{"ltp":1.22,"id":891555}]}]}
{"op":"mcm","clk":"11940802437","pt":1724855369887,"mc":[{"id":"1.232335220","rc":[{"ltp":6.0,"id":228749},{"ltp":1.2,"id":891555}]}]}
{"op":"mcm","clk":"11940808820","pt":1724855429748,"mc":[{"id":"1.232335220","rc":[{"ltp":5.1,"id":228749},{"ltp":1.24,"id":891555}]}]}
{"op":"mcm","clk":"11940815545","pt":1724855489838,"mc":[{"id":"1.232335220","rc":[{"ltp":5.6,"id":228749},{"ltp":1.22,"id":891555}]}]}
{"op":"mcm","clk":"11940821832","pt":1724855549833,"mc":[{"id":"1.232335220","rc":[{"ltp":5.8,"id":228749},{"ltp":1.2,"id":891555}]}]}
{"op":"mcm","clk":"11940828477","pt":1724855609698,"mc":[{"id":"1.232335220","rc":[{"ltp":6.0,"id":228749}]}]}
{"op":"mcm","clk":"11940835536","pt":1724855669832,"mc":[{"id":"1.232335220","rc":[{"ltp":3.4,"id":228749},{"ltp":1.42,"id":891555}]}]}
{"op":"mcm","clk":"11940842416","pt":1724855729882,"mc":[{"id":"1.232335220","rc":[{"ltp":3.5,"id":228749},{"ltp":1.4,"id":891555}]}]}
{"op":"mcm","clk":"11940849305","pt":1724855789855,"mc":[{"id":"1.232335220","rc":[{"ltp":3.75,"id":228749},{"ltp":1.36,"id":891555}]}]}
{"op":"mcm","clk":"11940856969","pt":1724855849808,"mc":[{"id":"1.232335220","rc":[{"ltp":4.1,"id":228749},{"ltp":1.33,"id":891555}]}]}
{"op":"mcm","clk":"11940864044","pt":1724855909803,"mc":[{"id":"1.232335220","rc":[{"ltp":7.0,"id":228749},{"ltp":1.16,"id":891555}]}]}
{"op":"mcm","clk":"11940871503","pt":1724855969851,"mc":[{"id":"1.232335220","rc":[{"ltp":7.4,"id":228749}]}]}
{"op":"mcm","clk":"11940878815","pt":1724856029812,"mc":[{"id":"1.232335220","rc":[{"ltp":7.6,"id":228749},{"ltp":1.14,"id":891555}]}]}
{"op":"mcm","clk":"11940885734","pt":1724856089797,"mc":[{"id":"1.232335220","rc":[{"ltp":1.15,"id":891555}]}]}
{"op":"mcm","clk":"11940893037","pt":1724856149871,"mc":[{"id":"1.232335220","rc":[{"ltp":4.4,"id":228749},{"ltp":1.3,"id":891555}]}]}
{"op":"mcm","clk":"11940911208","pt":1724856209730,"mc":[{"id":"1.232335220","rc":[{"ltp":4.0,"id":228749},{"ltp":1.32,"id":891555}]}]}
{"op":"mcm","clk":"11940918398","pt":1724856269804,"mc":[{"id":"1.232335220","rc":[{"ltp":4.7,"id":228749},{"ltp":1.27,"id":891555}]}]}
{"op":"mcm","clk":"11940926271","pt":1724856329883,"mc":[{"id":"1.232335220","rc":[{"ltp":4.9,"id":228749},{"ltp":1.25,"id":891555}]}]}
{"op":"mcm","clk":"11940934437","pt":1724856389847,"mc":[{"id":"1.232335220","rc":[{"ltp":10.0,"id":228749},{"ltp":1.1,"id":891555}]}]}
{"op":"mcm","clk":"11940942880","pt":1724856449840,"mc":[{"id":"1.232335220","rc":[{"ltp":3.3,"id":228749},{"ltp":1.44,"id":891555}]}]}
{"op":"mcm","clk":"11940951184","pt":1724856509831,"mc":[{"id":"1.232335220","rc":[{"ltp":3.05,"id":228749},{"ltp":1.48,"id":891555}]}]}
{"op":"mcm","clk":"11940958997","pt":1724856569870,"mc":[{"id":"1.232335220","rc":[{"ltp":3.35,"id":228749},{"ltp":1.43,"id":891555}]}]}
{"op":"mcm","clk":"11940966542","pt":1724856629747,"mc":[{"id":"1.232335220","rc":[{"ltp":3.5,"id":228749},{"ltp":1.41,"id":891555}]}]}
{"op":"mcm","clk":"11940973907","pt":1724856689854,"mc":[{"id":"1.232335220","rc":[{"ltp":3.9,"id":228749},{"ltp":1.34,"id":891555}]}]}
{"op":"mcm","clk":"11940981767","pt":1724856749811,"mc":[{"id":"1.232335220","rc":[{"ltp":1.84,"id":228749},{"ltp":2.18,"id":891555}]}]}
{"op":"mcm","clk":"11940989189","pt":1724856809826,"mc":[{"id":"1.232335220","rc":[{"ltp":1.8,"id":228749},{"ltp":2.24,"id":891555}]}]}
{"op":"mcm","clk":"11940996232","pt":1724856869793,"mc":[{"id":"1.232335220","rc":[{"ltp":2.0,"id":228749},{"ltp":2.0,"id":891555}]}]}
{"op":"mcm","clk":"11941003894","pt":1724856929853,"mc":[{"id":"1.232335220","rc":[{"ltp":2.1,"id":228749},{"ltp":1.9,"id":891555}]}]}
{"op":"mcm","clk":"11941010989","pt":1724856989852,"mc":[{"id":"1.232335220","rc":[{"ltp":1.99,"id":228749},{"ltp":2.0,"id":891555}]}]}
{"op":"mcm","clk":"11941018944","pt":1724857049822,"mc":[{"id":"1.232335220","rc":[{"ltp":2.04,"id":228749},{"ltp":1.91,"id":891555}]}]}
{"op":"mcm","clk":"11941025758","pt":1724857109815,"mc":[{"id":"1.232335220","rc":[{"ltp":1.96,"id":891555}]}]}
{"op":"mcm","clk":"11941032873","pt":1724857169857,"mc":[{"id":"1.232335220","rc":[{"ltp":1.95,"id":228749},{"ltp":2.04,"id":891555}]}]}
{"op":"mcm","clk":"11941040352","pt":1724857229857,"mc":[{"id":"1.232335220","rc":[{"ltp":1.94,"id":228749},{"ltp":2.02,"id":891555}]}]}
{"op":"mcm","clk":"11941048302","pt":1724857289849,"mc":[{"id":"1.232335220","rc":[{"ltp":4.2,"id":228749},{"ltp":1.3,"id":891555}]}]}
{"op":"mcm","clk":"11941055784","pt":1724857349792,"mc":[{"id":"1.232335220","rc":[{"ltp":6.8,"id":228749},{"ltp":1.19,"id":891555}]}]}
{"op":"mcm","clk":"11941063398","pt":1724857409701,"mc":[{"id":"1.232335220","rc":[{"ltp":7.6,"id":228749},{"ltp":1.17,"id":891555}]}]}
{"op":"mcm","clk":"11941071207","pt":1724857469760,"mc":[{"id":"1.232335220","rc":[{"ltp":6.4,"id":228749},{"ltp":1.18,"id":891555}]}]}
{"op":"mcm","clk":"11941079597","pt":1724857529851,"mc":[{"id":"1.232335220","rc":[{"ltp":6.2,"id":228749},{"ltp":1.19,"id":891555}]}]}
{"op":"mcm","clk":"11941087819","pt":1724857589689,"mc":[{"id":"1.232335220","rc":[{"ltp":6.0,"id":228749},{"ltp":1.18,"id":891555}]}]}
{"op":"mcm","clk":"11941095774","pt":1724857649864,"mc":[{"id":"1.232335220","rc":[{"ltp":2.1,"id":228749},{"ltp":1.89,"id":891555}]}]}
{"op":"mcm","clk":"11941103401","pt":1724857709867,"mc":[{"id":"1.232335220","rc":[{"ltp":2.16,"id":228749},{"ltp":1.86,"id":891555}]}]}
{"op":"mcm","clk":"11941110730","pt":1724857769826,"mc":[{"id":"1.232335220","rc":[{"ltp":1.87,"id":891555}]}]}
{"op":"mcm","clk":"11941118264","pt":1724857829818,"mc":[{"id":"1.232335220","rc":[{"ltp":2.38,"id":228749},{"ltp":1.72,"id":891555}]}]}
{"op":"mcm","clk":"11941126185","pt":1724857889806,"mc":[{"id":"1.232335220","rc":[{"ltp":1.01,"id":228749},{"ltp":1000.0,"id":891555}]}]}
{"op":"mcm","clk":"11941133973","pt":1724857949659,"mc":[{"id":"1.232335220","marketDefinition":{"bspMarket":false,"turnInPlayEnabled":true,"persistenceEnabled":true,"marketBaseRate":5.0,"eventId":"33531036","eventTypeId":"4","numberOfWinners":1,"bettingType":"ODDS","marketType":"MATCH_ODDS","marketTime":"2024-08-28T12:00:00.000Z","suspendTime":"2024-08-28T12:00:00.000Z","bspReconciled":false,"complete":true,"inPlay":true,"crossMatching":true,"runnersVoidable":false,"numberOfActiveRunners":2,"betDelay":5,"status":"SUSPENDED","runners":[{"status":"ACTIVE","sortPriority":1,"id":228749,"name":"Netherlands"},{"status":"ACTIVE","sortPriority":2,"id":891555,"name":"USA"}],"regulators":["MR_INT"],"countryCode":"GB","discountAllowed":true,"timezone":"GMT","openDate":"2024-08-28T12:00:00.000Z","version":6104891324,"name":"Match Odds","eventName":"Netherlands v USA"}}]}
{"op":"mcm","clk":"11941170169","pt":1724858220830,"mc":[{"id":"1.232335220","marketDefinition":{"bspMarket":false,"turnInPlayEnabled":true,"persistenceEnabled":true,"marketBaseRate":5.0,"eventId":"33531036","eventTypeId":"4","numberOfWinners":1,"bettingType":"ODDS","marketType":"MATCH_ODDS","marketTime":"2024-08-28T12:00:00.000Z","suspendTime":"2024-08-28T12:00:00.000Z","bspReconciled":false,"complete":true,"inPlay":true,"crossMatching":false,"runnersVoidable":false,"numberOfActiveRunners":0,"betDelay":5,"status":"CLOSED","settledTime":"2024-08-28T15:15:59.000Z","runners":[{"status":"WINNER","sortPriority":1,"id":228749,"name":"Netherlands"},{"status":"LOSER","sortPriority":2,"id":891555,"name":"USA"}],"regulators":["MR_INT"],"countryCode":"GB","discountAllowed":true,"timezone":"GMT","openDate":"2024-08-28T12:00:00.000Z","version":6104898089,"name":"Match Odds","eventName":"Netherlands v USA"}}]}
