{"op":"mcm","clk":"11784110255","pt":1722942334032,"mc":[{"id":"1.231502182","marketDefinition":{"bspMarket":false,"turnInPlayEnabled":true,"persistenceEnabled":true,"marketBaseRate":5.0,"eventId":"33472587","eventTypeId":"4","numberOfWinners":1,"bettingType":"ODDS","marketType":"MATCH_ODDS","marketTime":"2024-08-08T14:00:00.000Z","suspendTime":"2024-08-08T14:00:00.000Z","bspReconciled":false,"complete":true,"inPlay":false,"crossMatching":true,"runnersVoidable":false,"numberOfActiveRunners":2,"betDelay":0,"status":"OPEN","runners":[{"status":"ACTIVE","sortPriority":1,"id":26354927,"name":"Welsh Fire"},{"status":"ACTIVE","sortPriority":2,"id":26354924,"name":"Northern Superchargers"}],"regulators":["MR_INT"],"countryCode":"GB","discountAllowed":true,"timezone":"GMT","openDate":"2024-08-08T14:00:00.000Z","version":6059511783,"name":"Match Odds","eventName":"Welsh Fire v Northern Superchargers"}}]}
{"op":"mcm","clk":"11785914699","pt":1722965138003,"mc":[{"id":"1.231502182","rc":[{"ltp":1.3,"id":26354927}]}]}
{"op":"mcm","clk":"11786319780","pt":1722968008149,"mc":[{"id":"1.231502182","rc":[{"ltp":1.4,"id":26354927}]}]}
{"op":"mcm","clk":"11786321590","pt":1722968023061,"mc":[{"id":"1.231502182","rc":[{"ltp":1.4,"id":26354924}]}]}
{"op":"mcm","clk":"11786590677","pt":1722969855280,"mc":[{"id":"1.231502182","rc":[{"ltp":3.5,"id":26354927}]}]}
{"op":"mcm","clk":"11787024884","pt":1722973501003,"mc":[{"id":"1.231502182","rc":[{"ltp":1.87,"id":26354924}]}]}
{"op":"mcm","clk":"11789181906","pt":1723017924687,"mc":[{"id":"1.231502182","rc":[{"ltp":1.83,"id":26354924}]}]}
{"op":"mcm","clk":"11789431437","pt":1723022208914,"mc":[{"id":"1.231502182","rc":[{"ltp":1.84,"id":26354924}]}]}
{"op":"mcm","clk":"11790318276","pt":1723035028373,"mc":[{"id":"1.231502182","rc":[{"ltp":2.12,"id":26354927},{"ltp":1.88,"id":26354924}]}]}
{"op":"mcm","clk":"11791345323","pt":1723047906168,"mc":[{"id":"1.231502182","rc":[{"ltp":1.83,"id":26354924}]}]}
{"op":"mcm","clk":"11791634468","pt":1723050682258,"mc":[{"id":"1.231502182","rc":[{"ltp":2.16,"id":26354927},{"ltp":1.86,"id":26354924}]}]}
{"op":"mcm","clk":"11791840791","pt":1723052114084,"mc":[{"id":"1.231502182","rc":[{"ltp":1.83,"id":26354924}]}]}
{"op":"mcm","clk":"11793035637","pt":1723061541979,"mc":[{"id":"1.231502182","rc":[{"ltp":2.2,"id":26354927}]}]}
{"op":"mcm","clk":"11793061728","pt":1723062044216,"mc":[{"id":"1.231502182","rc":[{"ltp":1.82,"id":26354924}]}]}
{"op":"mcm","clk":"11793135639","pt":1723063625339,"mc":[{"id":"1.231502182","rc":[{"ltp":1.8,"id":26354924}]}]}
{"op":"mcm","clk":"11793169900","pt":1723064609271,"mc":[{"id":"1.231502182","rc":[{"ltp":2.18,"id":26354927},{"ltp":1.84,"id":26354924}]}]}
{"op":"mcm","clk":"11793193691","pt":1723065269467,"mc":[{"id":"1.231502182","rc":[{"ltp":1.81,"id":26354924}]}]}
{"op":"mcm","clk":"11793257555","pt":1723066929874,"mc":[{"id":"1.231502182","rc":[{"ltp":1.82,"id":26354924}]}]}
{"op":"mcm","clk":"11793270792","pt":1723067267341,"mc":[{"id":"1.231502182","rc":[{"ltp":2.2,"id":26354927},{"ltp":1.83,"id":26354924}]}]}
{"op":"mcm","clk":"11793365474","pt":1723069068885,"mc":[{"id":"1.231502182","rc":[{"ltp":1.82,"id":26354924}]}]}
{"op":"mcm","clk":"11793487562","pt":1723071629876,"mc":[{"id":"1.231502182","rc":[{"ltp":2.18,"id":26354927},{"ltp":1.84,"id":26354924}]}]}
{"op":"mcm","clk":"11793764465","pt":1723076302975,"mc":[{"id":"1.231502182","rc":[{"ltp":1.83,"id":26354924}]}]}
{"op":"mcm","clk":"11793917803","pt":1723079012950,"mc":[{"id":"1.231502182","rc":[{"ltp":1.81,"id":26354924}]}]}
{"op":"mcm","clk":"11794033333","pt":1723080773779,"mc":[{"id":"1.231502182","rc":[{"ltp":2.2,"id":26354927}]}]}
{"op":"mcm","clk":"11794039030","pt":1723080870756,"mc":[{"id":"1.231502182","rc":[{"ltp":2.18,"id":26354927},{"ltp":1.85,"id":26354924}]}]}
{"op":"mcm","clk":"11794230365","pt":1723085670578,"mc":[{"id":"1.231502182","rc":[{"ltp":1.82,"id":26354924}]}]}
{"op":"mcm","clk":"11794370949","pt":1723089860139,"mc":[{"id":"1.231502182","rc":[{"ltp":1.83,"id":26354924}]}]}
{"op":"mcm","clk":"11794460352","pt":1723092065975,"mc":[{"id":"1.231502182","rc":[{"ltp":1.82,"id":26354924}]}]}
{"op":"mcm","clk":"11794579127","pt":1723095441214,"mc":[{"id":"1.231502182","rc":[{"ltp":1.81,"id":26354924}]}]}
{"op":"mcm","clk":"11794588556","pt":1723095689898,"mc":[{"id":"1.231502182","rc":[{"ltp":1.82,"id":26354924}]}]}
{"op":"mcm","clk":"11794617353","pt":1723096162909,"mc":[{"id":"1.231502182","rc":[{"ltp":1.81,"id":26354924}]}]}
{"op":"mcm","clk":"11794649150","pt":1723097226965,"mc":[{"id":"1.231502182","rc":[{"ltp":2.22,"id":26354927}]}]}
{"op":"mcm","clk":"11794651750","pt":1723097294627,"mc":[{"id":"1.231502182","rc":[{"ltp":1.82,"id":26354924}]}]}
{"op":"mcm","clk":"11794678678","pt":1723097951549,"mc":[{"id":"1.231502182","rc":[{"ltp":2.2,"id":26354927}]}]}
{"op":"mcm","clk":"11794720259","pt":1723098970656,"mc":[{"id":"1.231502182","rc":[{"ltp":1.81,"id":26354924}]}]}
{"op":"mcm","clk":"11794727258","pt":1723099142872,"mc":[{"id":"1.231502182","rc":[{"ltp":1.82,"id":26354924}]}]}
{"op":"mcm","clk":"11794805984","pt":1723101132477,"mc":[{"id":"1.231502182","rc":[{"ltp":1.81,"id":26354924}]}]}
{"op":"mcm","clk":"11794823400","pt":1723101319475,"mc":[{"id":"1.231502182","rc":[{"ltp":1.83,"id":26354924}]}]}
{"op":"mcm","clk":"11794874886","pt":1723102533905,"mc":[{"id":"1.231502182","rc":[{"ltp":2.22,"id":26354927}]}]}
{"op":"mcm","clk":"11794886688","pt":1723102838746,"mc":[{"id":"1.231502182","rc":[{"ltp":1.82,"id":26354924}]}]}
{"op":"mcm","clk":"11794911188","pt":1723103422862,"mc":[{"id":"1.231502182","rc":[{"ltp":2.2,"id":26354927}]}]}
{"op":"mcm","clk":"11794928414","pt":1723103844499,"mc":[{"id":"1.231502182","rc":[{"ltp":1.81,"id":26354924}]}]}
{"op":"mcm","clk":"11794942320","pt":1723104193286,"mc":[{"id":"1.231502182","rc":[{"ltp":1.8,"id":26354924}]}]}
{"op":"mcm","clk":"11794948154","pt":1723104314147,"mc":[{"id":"1.231502182","rc":[{"ltp":2.22,"id":26354927},{"ltp":1.82,"id":26354924}]}]}
{"op":"mcm","clk":"11794989376","pt":1723105265622,"mc":[{"id":"1.231502182","rc":[{"ltp":1.81,"id":26354924}]}]}
{"op":"mcm","clk":"11794997534","pt":1723105507312,"mc":[{"id":"1.231502182","rc":[{"ltp":1.8,"id":26354924}]}]}
{"op":"mcm","clk":"11795016911","pt":1723106006396,"mc":[{"id":"1.231502182","rc":[{"ltp":1.82,"id":26354924}]}]}
{"op":"mcm","clk":"11795031747","pt":1723106357144,"mc":[{"id":"1.231502182","rc":[{"ltp":2.2,"id":26354927},{"ltp":1.81,"id":26354924}]}]}
{"op":"mcm","clk":"11795038734","pt":1723106534525,"mc":[{"id":"1.231502182","rc":[{"ltp":2.22,"id":26354927}]}]}
{"op":"mcm","clk":"11795055895","pt":1723106779178,"mc":[{"id":"1.231502182","rc":[{"ltp":1.82,"id":26354924}]}]}
{"op":"mcm","clk":"11795060958","pt":1723106927240,"mc":[{"id":"1.231502182","rc":[{"ltp":2.2,"id":26354927},{"ltp":1.81,"id":26354924}]}]}
{"op":"mcm","clk":"11795068936","pt":1723107145165,"mc":[{"id":"1.231502182","rc":[{"ltp":2.22,"id":26354927}]}]}
{"op":"mcm","clk":"11795135772","pt":1723108764938,"mc":[{"id":"1.231502182","rc":[{"ltp":2.2,"id":26354927}]}]}
{"op":"mcm","clk":"11795205761","pt":1723110182485,"mc":[{"id":"1.231502182","rc":[{"ltp":1.82,"id":26354924}]}]}
{"op":"mcm","clk":"11795208923","pt":1723110246758,"mc":[{"id":"1.231502182","rc":[{"ltp":1.8,"id":26354924}]}]}
{"op":"mcm","clk":"11795215701","pt":1723110386493,"mc":[{"id":"1.231502182","rc":[{"ltp":2.26,"id":26354927},{"ltp":1.79,"id":26354924}]}]}
{"op":"mcm","clk":"11795235248","pt":1723110800236,"mc":[{"id":"1.231502182","rc":[{"ltp":1.81,"id":26354924}]}]}
{"op":"mcm","clk":"11795284861","pt":1723111605494,"mc":[{"id":"1.231502182","rc":[{"ltp":1.8,"id":26354924}]}]}
{"op":"mcm","clk":"11795293025","pt":1723111755057,"mc":[{"id":"1.231502182","rc":[{"ltp":2.22,"id":26354927}]}]}
{"op":"mcm","clk":"11795332181","pt":1723112241280,"mc":[{"id":"1.231502182","rc":[{"ltp":2.24,"id":26354927}]}]}
{"op":"mcm","clk":"11795352444","pt":1723112598850,"mc":[{"id":"1.231502182","rc":[{"ltp":1.79,"id":26354924}]}]}
{"op":"mcm","clk":"11795391750","pt":1723113172449,"mc":[{"id":"1.231502182","rc":[{"ltp":1.8,"id":26354924}]}]}
{"op":"mcm","clk":"11795500555","pt":1723115098589,"mc":[{"id":"1.231502182","rc":[{"ltp":1.79,"id":26354924}]}]}
{"op":"mcm","clk":"11795555533","pt":1723116208563,"mc":[{"id":"1.231502182","rc":[{"ltp":1.8,"id":26354924}]}]}
{"op":"mcm","clk":"11795631371","pt":1723117644442,"mc":[{"id":"1.231502182","rc":[{"ltp":1.81,"id":26354924}]}]}
{"op":"mcm","clk":"11795661587","pt":1723118308243,"mc":[{"id":"1.231502182","rc":[{"ltp":1.79,"id":26354924}]}]}
{"op":"mcm","clk":"11795671030","pt":1723118490903,"mc":[{"id":"1.231502182","rc":[{"ltp":1.8,"id":26354924}]}]}
{"op":"mcm","clk":"11795673360","pt":1723118536117,"mc":[{"id":"1.231502182","rc":[{"ltp":2.22,"id":26354927},{"ltp":1.82,"id":26354924}]}]}
{"op":"mcm","clk":"11795678664","pt":1723118657431,"mc":[{"id":"1.231502182","rc":[{"ltp":1.8,"id":26354924}]}]}
{"op":"mcm","clk":"11795692653","pt":1723118969355,"mc":[{"id":"1.231502182","rc":[{"ltp":2.2,"id":26354927}]}]}
{"op":"mcm","clk":"11795695251","pt":1723119020453,"mc":[{"id":"1.231502182","rc":[{"ltp":2.16,"id":26354927},{"ltp":1.83,"id":26354924}]}]}
{"op":"mcm","clk":"11795697785","pt":1723119073227,"mc":[{"id":"1.231502182","rc":[{"ltp":2.22,"id":26354927},{"ltp":1.81,"id":26354924}]}]}
{"op":"mcm","clk":"11795705358","pt":1723119204604,"mc":[{"id":"1.231502182","rc":[{"ltp":2.24,"id":26354927},{"ltp":1.8,"id":26354924}]}]}
{"op":"mcm","clk":"11795708913","pt":1723119262558,"mc":[{"id":"1.231502182","rc":[{"ltp":2.18,"id":26354927}]}]}
{"op":"mcm","clk":"11795718424","pt":1723119418039,"mc":[{"id":"1.231502182","rc":[{"ltp":1.81,"id":26354924}]}]}
{"op":"mcm","clk":"11795727874","pt":1723119678585,"mc":[{"id":"1.231502182","rc":[{"ltp":2.22,"id":26354927},{"ltp":1.79,"id":26354924}]}]}
{"op":"mcm","clk":"11795730599","pt":1723119748334,"mc":[{"id":"1.231502182","rc":[{"ltp":2.2,"id":26354927}]}]}
{"op":"mcm","clk":"11795732939","pt":1723119804936,"mc":[{"id":"1.231502182","rc":[{"ltp":1.82,"id":26354924}]}]}
{"op":"mcm","clk":"11795735834","pt":1723119867300,"mc":[{"id":"1.231502182","rc":[{"ltp":1.81,"id":26354924}]}]}
{"op":"mcm","clk":"11795737110","pt":1723119894987,"mc":[{"id":"1.231502182","rc":[{"ltp":1.8,"id":26354924}]}]}
{"op":"mcm","clk":"11795771074","pt":1723120543050,"mc":[{"id":"1.231502182","rc":[{"ltp":2.24,"id":26354927}]}]}
{"op":"mcm","clk":"11795777427","pt":1723120703474,"mc":[{"id":"1.231502182","rc":[{"ltp":2.22,"id":26354927},{"ltp":1.81,"id":26354924}]}]}
{"op":"mcm","clk":"11795784149","pt":1723120882788,"mc":[{"id":"1.231502182","rc":[{"ltp":2.18,"id":26354927}]}]}
{"op":"mcm","clk":"11795805540","pt":1723121323597,"mc":[{"id":"1.231502182","rc":[{"ltp":2.22,"id":26354927}]}]}
{"op":"mcm","clk":"11795815228","pt":1723121514266,"mc":[{"id":"1.231502182","rc":[{"ltp":2.18,"id":26354927}]}]}
{"op":"mcm","clk":"11795835509","pt":1723122073641,"mc":[{"id":"1.231502182","rc":[{"ltp":2.24,"id":26354927},{"ltp":1.79,"id":26354924}]}]}
{"op":"mcm","clk":"11795848934","pt":1723122330359,"mc":[{"id":"1.231502182","rc":[{"ltp":2.22,"id":26354927},{"ltp":1.82,"id":26354924}]}]}
{"op":"mcm","clk":"11795851550","pt":1723122375806,"mc":[{"id":"1.231502182","rc":[{"ltp":1.85,"id":26354924}]}]}
{"op":"mcm","clk":"11795855363","pt":1723122442665,"mc":[{"id":"1.231502182","rc":[{"ltp":2.26,"id":26354927},{"ltp":1.79,"id":26354924}]}]}
{"op":"mcm","clk":"11795868435","pt":1723122749979,"mc":[{"id":"1.231502182","rc":[{"ltp":2.2,"id":26354927},{"ltp":1.83,"id":26354924}]}]}
{"op":"mcm","clk":"11795881367","pt":1723122802469,"mc":[{"id":"1.231502182","rc":[{"ltp":1.84,"id":26354924}]}]}
{"op":"mcm","clk":"11795884303","pt":1723122861729,"mc":[{"id":"1.231502182","rc":[{"ltp":1.82,"id":26354924}]}]}
{"op":"mcm","clk":"11795887753","pt":1723122928001,"mc":[{"id":"1.231502182","rc":[{"ltp":1.81,"id":26354924}]}]}
{"op":"mcm","clk":"11795890029","pt":1723122983054,"mc":[{"id":"1.231502182","rc":[{"ltp":1.79,"id":26354924}]}]}
{"op":"mcm","clk":"11795895744","pt":1723123111007,"mc":[{"id":"1.231502182","rc":[{"ltp":1.8,"id":26354924}]}]}
{"op":"mcm","clk":"11795906700","pt":1723123347478,"mc":[{"id":"1.231502182","rc":[{"ltp":2.24,"id":26354927},{"ltp":1.81,"id":26354924}]}]}
{"op":"mcm","clk":"11795911981","pt":1723123466195,"mc":[{"id":"1.231502182","rc":[{"ltp":1.84,"id":26354924}]}]}
{"op":"mcm","clk":"11795914683","pt":1723123528459,"mc":[{"id":"1.231502182","rc":[{"ltp":2.2,"id":26354927}]}]}
{"op":"mcm","clk":"11795917008","pt":1723123581432,"mc":[{"id":"1.231502182","rc":[{"ltp":1.8,"id":26354924}]}]}
{"op":"mcm","clk":"11795923466","pt":1723123761053,"mc":[{"id":"1.231502182","rc":[{"ltp":2.24,"id":26354927}]}]}
{"op":"mcm","clk":"11795925405","pt":1723123826882,"mc":[{"id":"1.231502182","rc":[{"ltp":2.26,"id":26354927},{"ltp":1.79,"id":26354924}]}]}
{"op":"mcm","clk":"11795937344","pt":1723124124624,"mc":[{"id":"1.231502182","rc":[{"ltp":2.28,"id":26354927},{"ltp":1.78,"id":26354924}]}]}
{"op":"mcm","clk":"11795948574","pt":1723124368726,"mc":[{"id":"1.231502182","rc":[{"ltp":2.26,"id":26354927},{"ltp":1.79,"id":26354924}]}]}
{"op":"mcm","clk":"11795954270","pt":1723124489946,"mc":[{"id":"1.231502182","rc":[{"ltp":1.76,"id":26354924}]}]}
{"op":"mcm","clk":"11795964805","pt":1723124715334,"mc":[{"id":"1.231502182","rc":[{"ltp":2.28,"id":26354927},{"ltp":1.79,"id":26354924}]}]}
{"op":"mcm","clk":"11795970474","pt":1723124849769,"mc":[{"id":"1.231502182","rc":[{"ltp":2.24,"id":26354927},{"ltp":1.8,"id":26354924}]}]}
{"op":"mcm","clk":"11795973115","pt":1723124915418,"mc":[{"id":"1.231502182","rc":[{"ltp":2.22,"id":26354927}]}]}
{"op":"mcm","clk":"11795977695","pt":1723125030137,"mc":[{"id":"1.231502182","rc":[{"ltp":2.24,"id":26354927}]}]}
{"op":"mcm","clk":"11795979017","pt":1723125063964,"mc":[{"id":"1.231502182","rc":[{"ltp":2.22,"id":26354927},{"ltp":1.81,"id":26354924}]}]}
{"op":"mcm","clk":"11795981950","pt":1723125131450,"mc":[{"id":"1.231502182","rc":[{"ltp":2.26,"id":26354927},{"ltp":1.79,"id":26354924}]}]}
{"op":"mcm","clk":"11795988927","pt":1723125300660,"mc":[{"id":"1.231502182","rc":[{"ltp":1.81,"id":26354924}]}]}
{"op":"mcm","clk":"11795993284","pt":1723125385874,"mc":[{"id":"1.231502182","rc":[{"ltp":2.22,"id":26354927}]}]}
{"op":"mcm","clk":"11795996537","pt":1723125448917,"mc":[{"id":"1.231502182","rc":[{"ltp":2.28,"id":26354927},{"ltp":1.76,"id":26354924}]}]}
{"op":"mcm","clk":"11795999688","pt":1723125510670,"mc":[{"id":"1.231502182","rc":[{"ltp":2.24,"id":26354927},{"ltp":1.75,"id":26354924}]}]}
{"op":"mcm","clk":"11796002606","pt":1723125570774,"mc":[{"id":"1.231502182","rc":[{"ltp":2.28,"id":26354927}]}]}
{"op":"mcm","clk":"11796005875","pt":1723125626729,"mc":[{"id":"1.231502182","marketDefinition":{"bspMarket":false,"turnInPlayEnabled":true,"persistenceEnabled":true,"marketBaseRate":5.0,"eventId":"33472587","eventTypeId":"4","numberOfWinners":1,"bettingType":"ODDS","marketType":"MATCH_ODDS","marketTime":"2024-08-08T14:00:00.000Z","suspendTime":"2024-08-08T14:00:00.000Z","bspReconciled":false,"complete":true,"inPlay":true,"crossMatching":true,"runnersVoidable":false,"numberOfActiveRunners":2,"betDelay":5,"status":"OPEN","runners":[{"status":"ACTIVE","sortPriority":1,"id":26354927,"name":"Welsh Fire"},{"status":"ACTIVE","sortPriority":2,"id":26354924,"name":"Northern Superchargers"}],"regulators":["MR_INT"],"countryCode":"GB","discountAllowed":true,"timezone":"GMT","openDate":"2024-08-08T14:00:00.000Z","version":6061824487,"name":"Match Odds","eventName":"Welsh Fire v Northern Superchargers"},"rc":[{"ltp":1.79,"id":26354924}]}]}
{"op":"mcm","clk":"11796008850","pt":1723125679188,"mc":[{"id":"1.231502182","rc":[{"ltp":2.16,"id":26354927},{"ltp":1.85,"id":26354924}]}]}
{"op":"mcm","clk":"11796017174","pt":1723125806094,"mc":[{"id":"1.231502182","rc":[{"ltp":2.2,"id":26354927},{"ltp":1.83,"id":26354924}]}]}
{"op":"mcm","clk":"11796020375","pt":1723125861658,"mc":[{"id":"1.231502182","rc":[{"ltp":2.22,"id":26354927},{"ltp":1.81,"id":26354924}]}]}
{"op":"mcm","clk":"11796024015","pt":1723125924540,"mc":[{"id":"1.231502182","rc":[{"ltp":1.74,"id":26354924}]}]}
{"op":"mcm","clk":"11796027727","pt":1723125989830,"mc":[{"id":"1.231502182","rc":[{"ltp":2.32,"id":26354927},{"ltp":1.75,"id":26354924}]}]}
{"op":"mcm","clk":"11796030747","pt":1723126046222,"mc":[{"id":"1.231502182","rc":[{"ltp":1.81,"id":26354924}]}]}
{"op":"mcm","clk":"11796033666","pt":1723126101575,"mc":[{"id":"1.231502182","rc":[{"ltp":1.74,"id":26354924}]}]}
{"op":"mcm","clk":"11796037383","pt":1723126166140,"mc":[{"id":"1.231502182","rc":[{"ltp":1.7,"id":26354924}]}]}
{"op":"mcm","clk":"11796040760","pt":1723126224288,"mc":[{"id":"1.231502182","rc":[{"ltp":2.28,"id":26354927},{"ltp":1.77,"id":26354924}]}]}
{"op":"mcm","clk":"11796051142","pt":1723126404105,"mc":[{"id":"1.231502182","rc":[{"ltp":2.5,"id":26354927},{"ltp":1.68,"id":26354924}]}]}
{"op":"mcm","clk":"11796055184","pt":1723126470069,"mc":[{"id":"1.231502182","rc":[{"ltp":2.22,"id":26354927},{"ltp":1.62,"id":26354924}]}]}
{"op":"mcm","clk":"11796059383","pt":1723126530939,"mc":[{"id":"1.231502182","rc":[{"ltp":1.81,"id":26354924}]}]}
{"op":"mcm","clk":"11796073298","pt":1723126763266,"mc":[{"id":"1.231502182","rc":[{"ltp":2.64,"id":26354927},{"ltp":1.6,"id":26354924}]}]}
{"op":"mcm","clk":"11796076534","pt":1723126827138,"mc":[{"id":"1.231502182","rc":[{"ltp":2.3,"id":26354927},{"ltp":1.77,"id":26354924}]}]}
{"op":"mcm","clk":"11796079776","pt":1723126889709,"mc":[{"id":"1.231502182","rc":[{"ltp":2.64,"id":26354927},{"ltp":1.6,"id":26354924}]}]}
{"op":"mcm","clk":"11796082836","pt":1723126947369,"mc":[{"id":"1.231502182","rc":[{"ltp":2.22,"id":26354927},{"ltp":1.81,"id":26354924}]}]}
{"op":"mcm","clk":"11796086277","pt":1723127010818,"mc":[{"id":"1.231502182","rc":[{"ltp":1.66,"id":26354924}]}]}
{"op":"mcm","clk":"11796089530","pt":1723127070767,"mc":[{"id":"1.231502182","rc":[{"ltp":1.68,"id":26354924}]}]}
{"op":"mcm","clk":"11796092823","pt":1723127129304,"mc":[{"id":"1.231502182","rc":[{"ltp":2.28,"id":26354927},{"ltp":1.78,"id":26354924}]}]}
{"op":"mcm","clk":"11796100021","pt":1723127250904,"mc":[{"id":"1.231502182","rc":[{"ltp":2.24,"id":26354927},{"ltp":1.8,"id":26354924}]}]}
{"op":"mcm","clk":"11796103041","pt":1723127308636,"mc":[{"id":"1.231502182","rc":[{"ltp":1.58,"id":26354924}]}]}
{"op":"mcm","clk":"11796116050","pt":1723127550945,"mc":[{"id":"1.231502182","rc":[{"ltp":1.69,"id":26354924}]}]}
{"op":"mcm","clk":"11796126947","pt":1723127730931,"mc":[{"id":"1.231502182","rc":[{"ltp":2.74,"id":26354927},{"ltp":1.78,"id":26354924}]}]}
{"op":"mcm","clk":"11796130684","pt":1723127789875,"mc":[{"id":"1.231502182","rc":[{"ltp":2.68,"id":26354927},{"ltp":1.64,"id":26354924}]}]}
{"op":"mcm","clk":"11796133461","pt":1723127834943,"mc":[{"id":"1.231502182","rc":[{"ltp":2.24,"id":26354927},{"ltp":1.8,"id":26354924}]}]}
{"op":"mcm","clk":"11796140970","pt":1723127970652,"mc":[{"id":"1.231502182","rc":[{"ltp":2.26,"id":26354927},{"ltp":1.68,"id":26354924}]}]}
{"op":"mcm","clk":"11796144407","pt":1723128027122,"mc":[{"id":"1.231502182","rc":[{"ltp":2.48,"id":26354927}]}]}
{"op":"mcm","clk":"11796166464","pt":1723128209034,"mc":[{"id":"1.231502182","rc":[{"ltp":1.78,"id":26354924}]}]}
{"op":"mcm","clk":"11796172845","pt":1723128329132,"mc":[{"id":"1.231502182","rc":[{"ltp":1.69,"id":26354924}]}]}
{"op":"mcm","clk":"11796184227","pt":1723128571005,"mc":[{"id":"1.231502182","rc":[{"ltp":1.68,"id":26354924}]}]}
{"op":"mcm","clk":"11796190142","pt":1723128689725,"mc":[{"id":"1.231502182","rc":[{"ltp":2.46,"id":26354927}]}]}
{"op":"mcm","clk":"11796199394","pt":1723128863167,"mc":[{"id":"1.231502182","rc":[{"ltp":2.5,"id":26354927},{"ltp":1.66,"id":26354924}]}]}
{"op":"mcm","clk":"11796206208","pt":1723128986610,"mc":[{"id":"1.231502182","rc":[{"ltp":1.68,"id":26354924}]}]}
{"op":"mcm","clk":"11796209251","pt":1723129046706,"mc":[{"id":"1.231502182","rc":[{"ltp":1.75,"id":26354924}]}]}
{"op":"mcm","clk":"11796218382","pt":1723129230975,"mc":[{"id":"1.231502182","rc":[{"ltp":1.78,"id":26354924}]}]}
{"op":"mcm","clk":"11796229724","pt":1723129409845,"mc":[{"id":"1.231502182","rc":[{"ltp":2.24,"id":26354927},{"ltp":1.8,"id":26354924}]}]}
{"op":"mcm","clk":"11796236600","pt":1723129524456,"mc":[{"id":"1.231502182","rc":[{"ltp":1.79,"id":26354924}]}]}
{"op":"mcm","clk":"11796254019","pt":1723129770855,"mc":[{"id":"1.231502182","rc":[{"ltp":1.8,"id":26354924}]}]}
{"op":"mcm","clk":"11796263297","pt":1723129890968,"mc":[{"id":"1.231502182","rc":[{"ltp":1.78,"id":26354924}]}]}
{"op":"mcm","clk":"11796323196","pt":1723130724590,"mc":[{"id":"1.231502182","rc":[{"ltp":1.76,"id":26354924}]}]}
{"op":"mcm","clk":"11796331223","pt":1723130846331,"mc":[{"id":"1.231502182","rc":[{"ltp":1.78,"id":26354924}]}]}
{"op":"mcm","clk":"11796344256","pt":1723131026561,"mc":[{"id":"1.231502182","rc":[{"ltp":1.79,"id":26354924}]}]}
{"op":"mcm","clk":"11796357862","pt":1723131210316,"mc":[{"id":"1.231502182","rc":[{"ltp":1.75,"id":26354924}]}]}
{"op":"mcm","clk":"11796366644","pt":1723131330879,"mc":[{"id":"1.231502182","rc":[{"ltp":1.8,"id":26354924}]}]}
{"op":"mcm","clk":"11796371037","pt":1723131390836,"mc":[{"id":"1.231502182","rc":[{"ltp":1.77,"id":26354924}]}]}
{"op":"mcm","clk":"11796382097","pt":1723131510899,"mc":[{"id":"1.231502182","rc":[{"ltp":1.8,"id":26354924}]}]}
{"op":"mcm","clk":"11796386585","pt":1723131570182,"mc":[{"id":"1.231502182","rc":[{"ltp":1.77,"id":26354924}]}]}
{"op":"mcm","clk":"11796391194","pt":1723131630576,"mc":[{"id":"1.231502182","rc":[{"ltp":2.28,"id":26354927}]}]}
{"op":"mcm","clk":"11796396081","pt":1723131688984,"mc":[{"id":"1.231502182","rc":[{"ltp":2.3,"id":26354927}]}]}
{"op":"mcm","clk":"11796400756","pt":1723131749677,"mc":[{"id":"1.231502182","rc":[{"ltp":1.79,"id":26354924}]}]}
{"op":"mcm","clk":"11796405569","pt":1723131810335,"mc":[{"id":"1.231502182","rc":[{"ltp":1.78,"id":26354924}]}]}
{"op":"mcm","clk":"11796410499","pt":1723131870976,"mc":[{"id":"1.231502182","rc":[{"ltp":1.75,"id":26354924}]}]}
{"op":"mcm","clk":"11796414952","pt":1723131929544,"mc":[{"id":"1.231502182","rc":[{"ltp":2.28,"id":26354927},{"ltp":1.78,"id":26354924}]}]}
{"op":"mcm","clk":"11796428708","pt":1723132109285,"mc":[{"id":"1.231502182","rc":[{"ltp":2.3,"id":26354927},{"ltp":1.76,"id":26354924}]}]}
{"op":"mcm","clk":"11796433335","pt":1723132170445,"mc":[{"id":"1.231502182","rc":[{"ltp":2.32,"id":26354927},{"ltp":1.75,"id":26354924}]}]}
{"op":"mcm","clk":"11796437788","pt":1723132228310,"mc":[{"id":"1.231502182","rc":[{"ltp":2.26,"id":26354927},{"ltp":1.79,"id":26354924}]}]}
{"op":"mcm","clk":"11796442294","pt":1723132290782,"mc":[{"id":"1.231502182","rc":[{"ltp":2.24,"id":26354927},{"ltp":1.8,"id":26354924}]}]}
{"op":"mcm","clk":"11796446972","pt":1723132350759,"mc":[{"id":"1.231502182","rc":[{"ltp":2.18,"id":26354927},{"ltp":1.85,"id":26354924}]}]}
{"op":"mcm","clk":"11796451705","pt":1723132410992,"mc":[{"id":"1.231502182","rc":[{"ltp":2.2,"id":26354927},{"ltp":1.83,"id":26354924}]}]}
{"op":"mcm","clk":"11796455764","pt":1723132470476,"mc":[{"id":"1.231502182","rc":[{"ltp":1.84,"id":26354924}]}]}
{"op":"mcm","clk":"11796460035","pt":1723132529145,"mc":[{"id":"1.231502182","rc":[{"ltp":2.16,"id":26354927},{"ltp":1.85,"id":26354924}]}]}
{"op":"mcm","clk":"11796464839","pt":1723132589277,"mc":[{"id":"1.231502182","rc":[{"ltp":2.14,"id":26354927},{"ltp":1.88,"id":26354924}]}]}
{"op":"mcm","clk":"11796469071","pt":1723132647631,"mc":[{"id":"1.231502182","rc":[{"ltp":2.02,"id":26354927},{"ltp":1.96,"id":26354924}]}]}
{"op":"mcm","clk":"11796473891","pt":1723132710508,"mc":[{"id":"1.231502182","rc":[{"ltp":1.98,"id":26354927},{"ltp":2.0,"id":26354924}]}]}
{"op":"mcm","clk":"11796478800","pt":1723132770978,"mc":[{"id":"1.231502182","rc":[{"ltp":1.94,"id":26354927},{"ltp":2.06,"id":26354924}]}]}
{"op":"mcm","clk":"11796483684","pt":1723132830357,"mc":[{"id":"1.231502182","rc":[{"ltp":1.93,"id":26354927}]}]}
{"op":"mcm","clk":"11796489055","pt":1723132890693,"mc":[{"id":"1.231502182","rc":[{"ltp":1.99,"id":26354927},{"ltp":2.0,"id":26354924}]}]}
{"op":"mcm","clk":"11796500540","pt":1723133010925,"mc":[{"id":"1.231502182","rc":[{"ltp":2.02,"id":26354927},{"ltp":1.98,"id":26354924}]}]}
{"op":"mcm","clk":"11796506562","pt":1723133070888,"mc":[{"id":"1.231502182","rc":[{"ltp":2.04,"id":26354927},{"ltp":1.96,"id":26354924}]}]}
{"op":"mcm","clk":"11796512058","pt":1723133130912,"mc":[{"id":"1.231502182","rc":[{"ltp":2.06,"id":26354927},{"ltp":1.94,"id":26354924}]}]}
{"op":"mcm","clk":"11796517529","pt":1723133191005,"mc":[{"id":"1.231502182","rc":[{"ltp":2.08,"id":26354927},{"ltp":1.89,"id":26354924}]}]}
{"op":"mcm","clk":"11796523169","pt":1723133249655,"mc":[{"id":"1.231502182","rc":[{"ltp":1.92,"id":26354924}]}]}
{"op":"mcm","clk":"11796528517","pt":1723133310597,"mc":[{"id":"1.231502182","rc":[{"ltp":2.1,"id":26354927},{"ltp":1.9,"id":26354924}]}]}
{"op":"mcm","clk":"11796534002","pt":1723133370358,"mc":[{"id":"1.231502182","rc":[{"ltp":2.16,"id":26354927},{"ltp":1.87,"id":26354924}]}]}
{"op":"mcm","clk":"11796539622","pt":1723133430773,"mc":[{"id":"1.231502182","rc":[{"ltp":2.2,"id":26354927},{"ltp":1.82,"id":26354924}]}]}
{"op":"mcm","clk":"11796545153","pt":1723133490254,"mc":[{"id":"1.231502182","rc":[{"ltp":1.8,"id":26354924}]}]}
{"op":"mcm","clk":"11796550468","pt":1723133550886,"mc":[{"id":"1.231502182","rc":[{"ltp":2.22,"id":26354927}]}]}
{"op":"mcm","clk":"11796567422","pt":1723133610841,"mc":[{"id":"1.231502182","rc":[{"ltp":1.82,"id":26354924}]}]}
{"op":"mcm","clk":"11796572506","pt":1723133670662,"mc":[{"id":"1.231502182","rc":[{"ltp":1.79,"id":26354924}]}]}
{"op":"mcm","clk":"11796578060","pt":1723133730919,"mc":[{"id":"1.231502182","rc":[{"ltp":2.2,"id":26354927},{"ltp":1.84,"id":26354924}]}]}
{"op":"mcm","clk":"11796583665","pt":1723133790980,"mc":[{"id":"1.231502182","rc":[{"ltp":2.3,"id":26354927},{"ltp":1.76,"id":26354924}]}]}
{"op":"mcm","clk":"11796589417","pt":1723133850956,"mc":[{"id":"1.231502182","rc":[{"ltp":2.32,"id":26354927}]}]}
{"op":"mcm","clk":"11796594963","pt":1723133910936,"mc":[{"id":"1.231502182","rc":[{"ltp":1.89,"id":26354927},{"ltp":2.12,"id":26354924}]}]}
{"op":"mcm","clk":"11796600421","pt":1723133970993,"mc":[{"id":"1.231502182","rc":[{"ltp":1.82,"id":26354927},{"ltp":2.2,"id":26354924}]}]}
{"op":"mcm","clk":"11796606111","pt":1723134030959,"mc":[{"id":"1.231502182","rc":[{"ltp":1.84,"id":26354927},{"ltp":2.16,"id":26354924}]}]}
{"op":"mcm","clk":"11796611702","pt":1723134090912,"mc":[{"id":"1.231502182","rc":[{"ltp":1.76,"id":26354927},{"ltp":2.36,"id":26354924}]}]}
{"op":"mcm","clk":"11796617238","pt":1723134150983,"mc":[{"id":"1.231502182","rc":[{"ltp":1.42,"id":26354927},{"ltp":3.35,"id":26354924}]}]}
{"op":"mcm","clk":"11796622836","pt":1723134210980,"mc":[{"id":"1.231502182","rc":[{"ltp":1.3,"id":26354927},{"ltp":4.1,"id":26354924}]}]}
{"op":"mcm","clk":"11796628445","pt":1723134270928,"mc":[{"id":"1.231502182","rc":[{"ltp":1.27,"id":26354927},{"ltp":4.6,"id":26354924}]}]}
{"op":"mcm","clk":"11796634082","pt":1723134330987,"mc":[{"id":"1.231502182","rc":[{"ltp":1.28,"id":26354927},{"ltp":4.5,"id":26354924}]}]}
{"op":"mcm","clk":"11796639505","pt":1723134390849,"mc":[{"id":"1.231502182","rc":[{"ltp":1.29,"id":26354927},{"ltp":4.4,"id":26354924}]}]}
{"op":"mcm","clk":"11796651120","pt":1723134510989,"mc":[{"id":"1.231502182","rc":[{"ltp":1.2,"id":26354927},{"ltp":6.0,"id":26354924}]}]}
{"op":"mcm","clk":"11796656981","pt":1723134570949,"mc":[{"id":"1.231502182","rc":[{"ltp":1.12,"id":26354927},{"ltp":9.2,"id":26354924}]}]}
{"op":"mcm","clk":"11796663325","pt":1723134630804,"mc":[{"id":"1.231502182","rc":[{"ltp":1.1,"id":26354927},{"ltp":11.0,"id":26354924}]}]}
{"op":"mcm","clk":"11796669591","pt":1723134690988,"mc":[{"id":"1.231502182","rc":[{"ltp":1.08,"id":26354927},{"ltp":15.0,"id":26354924}]}]}
{"op":"mcm","clk":"11796675190","pt":1723134750955,"mc":[{"id":"1.231502182","rc":[{"ltp":1.05,"id":26354927},{"ltp":21.0,"id":26354924}]}]}
{"op":"mcm","clk":"11796680879","pt":1723134810879,"mc":[{"id":"1.231502182","rc":[{"ltp":1.07,"id":26354927},{"ltp":15.5,"id":26354924}]}]}
{"op":"mcm","clk":"11796686253","pt":1723134870979,"mc":[{"id":"1.231502182","rc":[{"ltp":1.05,"id":26354927},{"ltp":22.0,"id":26354924}]}]}
{"op":"mcm","clk":"11796691523","pt":1723134930942,"mc":[{"id":"1.231502182","rc":[{"ltp":1.09,"id":26354927},{"ltp":12.0,"id":26354924}]}]}
{"op":"mcm","clk":"11796697414","pt":1723134990916,"mc":[{"id":"1.231502182","rc":[{"ltp":1.06,"id":26354927},{"ltp":17.5,"id":26354924}]}]}
{"op":"mcm","clk":"11796709649","pt":1723135110984,"mc":[{"id":"1.231502182","rc":[{"ltp":18.0,"id":26354924}]}]}
{"op":"mcm","clk":"11796715292","pt":1723135170931,"mc":[{"id":"1.231502182","rc":[{"ltp":1.05,"id":26354927},{"ltp":21.0,"id":26354924}]}]}
{"op":"mcm","clk":"11796721292","pt":1723135230907,"mc":[{"id":"1.231502182","rc":[{"ltp":22.0,"id":26354924}]}]}
{"op":"mcm","clk":"11796727655","pt":1723135290994,"mc":[{"id":"1.231502182","rc":[{"ltp":24.0,"id":26354924}]}]}
{"op":"mcm","clk":"11796734036","pt":1723135350583,"mc":[{"id":"1.231502182","rc":[{"ltp":25.0,"id":26354924}]}]}
{"op":"mcm","clk":"11796746744","pt":1723135471002,"mc":[{"id":"1.231502182","rc":[{"ltp":24.0,"id":26354924}]}]}
{"op":"mcm","clk":"11796753500","pt":1723135530989,"mc":[{"id":"1.231502182","rc":[{"ltp":25.0,"id":26354924}]}]}
{"op":"mcm","clk":"11796760204","pt":1723135590824,"mc":[{"id":"1.231502182","rc":[{"ltp":1.04,"id":26354927},{"ltp":21.0,"id":26354924}]}]}
{"op":"mcm","clk":"11796766458","pt":1723135650776,"mc":[{"id":"1.231502182","rc":[{"ltp":1.05,"id":26354927},{"ltp":25.0,"id":26354924}]}]}
{"op":"mcm","clk":"11796772468","pt":1723135710977,"mc":[{"id":"1.231502182","rc":[{"ltp":26.0,"id":26354924}]}]}
{"op":"mcm","clk":"11796778963","pt":1723135770890,"mc":[{"id":"1.231502182","rc":[{"ltp":1.04,"id":26354927}]}]}
{"op":"mcm","clk":"11796784660","pt":1723135830942,"mc":[{"id":"1.231502182","rc":[{"ltp":1.06,"id":26354927},{"ltp":21.0,"id":26354924}]}]}
{"op":"mcm","clk":"11796790674","pt":1723135891008,"mc":[{"id":"1.231502182","rc":[{"ltp":1.04,"id":26354927},{"ltp":26.0,"id":26354924}]}]}
{"op":"mcm","clk":"11796795686","pt":1723135950971,"mc":[{"id":"1.231502182","rc":[{"ltp":1.02,"id":26354927},{"ltp":50.0,"id":26354924}]}]}
{"op":"mcm","clk":"11796800740","pt":1723136010728,"mc":[{"id":"1.231502182","rc":[{"ltp":1.06,"id":26354927},{"ltp":18.0,"id":26354924}]}]}
{"op":"mcm","clk":"11796805405","pt":1723136070995,"mc":[{"id":"1.231502182","rc":[{"ltp":1.05,"id":26354927},{"ltp":21.0,"id":26354924}]}]}
{"op":"mcm","clk":"11796809683","pt":1723136127831,"mc":[{"id":"1.231502182","marketDefinition":{"bspMarket":false,"turnInPlayEnabled":true,"persistenceEnabled":true,"marketBaseRate":5.0,"eventId":"33472587","eventTypeId":"4","numberOfWinners":1,"bettingType":"ODDS","marketType":"MATCH_ODDS","marketTime":"2024-08-08T14:00:00.000Z","suspendTime":"2024-08-08T14:00:00.000Z","bspReconciled":false,"complete":true,"inPlay":true,"crossMatching":true,"runnersVoidable":false,"numberOfActiveRunners":2,"betDelay":5,"status":"SUSPENDED","runners":[{"status":"ACTIVE","sortPriority":1,"id":26354927,"name":"Welsh Fire"},{"status":"ACTIVE","sortPriority":2,"id":26354924,"name":"Northern Superchargers"}],"regulators":["MR_INT"],"countryCode":"GB","discountAllowed":true,"timezone":"GMT","openDate":"2024-08-08T14:00:00.000Z","version":6061995262,"name":"Match Odds","eventName":"Welsh Fire v Northern Superchargers"},"rc":[{"ltp":1.06,"id":26354927},{"ltp":15.0,"id":26354924}]}]}
{"op":"mcm","clk":"11796821425","pt":1723136282205,"mc":[{"id":"1.231502182","marketDefinition":{"bspMarket":false,"turnInPlayEnabled":true,"persistenceEnabled":true,"marketBaseRate":5.0,"eventId":"33472587","eventTypeId":"4","numberOfWinners":1,"bettingType":"ODDS","marketType":"MATCH_ODDS","marketTime":"2024-08-08T14:00:00.000Z","suspendTime":"2024-08-08T14:00:00.000Z","bspReconciled":false,"complete":true,"inPlay":true,"crossMatching":false,"runnersVoidable":false,"numberOfActiveRunners":0,"betDelay":5,"status":"CLOSED","settledTime":"2024-08-08T16:57:50.000Z","runners":[{"status":"REMOVED","sortPriority":1,"removalDate":"2024-08-08T16:57:50.000Z","id":26354927,"name":"Welsh Fire"},{"status":"REMOVED","sortPriority":2,"removalDate":"2024-08-08T16:57:50.000Z","id":26354924,"name":"Northern Superchargers"}],"regulators":["MR_INT"],"countryCode":"GB","discountAllowed":true,"timezone":"GMT","openDate":"2024-08-08T14:00:00.000Z","version":6061997388,"name":"Match Odds","eventName":"Welsh Fire v Northern Superchargers"}}]}
