{"op":"mcm","clk":"11954754455","pt":1724917380005,"mc":[{"id":"1.232419454","marketDefinition":{"bspMarket":false,"turnInPlayEnabled":true,"persistenceEnabled":true,"marketBaseRate":5.0,"eventId":"33537100","eventTypeId":"4","numberOfWinners":1,"bettingType":"ODDS","marketType":"MATCH_ODDS","marketTime":"2024-08-30T23:00:00.000Z","suspendTime":"2024-08-30T23:00:00.000Z","bspReconciled":false,"complete":true,"inPlay":false,"crossMatching":true,"runnersVoidable":false,"numberOfActiveRunners":2,"betDelay":0,"status":"OPEN","runners":[{"status":"ACTIVE","sortPriority":1,"id":73076816,"name":"Antigua And Barbuda Falcons"},{"status":"ACTIVE","sortPriority":2,"id":20343075,"name":"Guyana Amazon Warriors"}],"regulators":["MR_INT"],"countryCode":"GB","discountAllowed":true,"timezone":"GMT","openDate":"2024-08-30T23:00:00.000Z","version":6106094338,"name":"Match Odds","eventName":"Antigua And Barbuda Falcons v Guyana Amazon Warrio"}}]}
{"op":"mcm","clk":"11955188068","pt":1724925469616,"mc":[{"id":"1.232419454","rc":[{"ltp":1.6,"id":20343075}]}]}
{"op":"mcm","clk":"11955191582","pt":1724925522481,"mc":[{"id":"1.232419454","rc":[{"ltp":1.63,"id":73076816}]}]}
{"op":"mcm","clk":"11955196347","pt":1724925594693,"mc":[{"id":"1.232419454","rc":[{"ltp":1.66,"id":73076816},{"ltp":1.62,"id":20343075}]}]}
{"op":"mcm","clk":"11955199359","pt":1724925637643,"mc":[{"id":"1.232419454","rc":[{"ltp":1.64,"id":20343075}]}]}
{"op":"mcm","clk":"11955205156","pt":1724925711738,"mc":[{"id":"1.232419454","rc":[{"ltp":1.7,"id":73076816}]}]}
{"op":"mcm","clk":"11955927335","pt":1724934956551,"mc":[{"id":"1.232419454","rc":[{"ltp":2.58,"id":73076816},{"ltp":1.63,"id":20343075}]}]}
{"op":"mcm","clk":"11958109241","pt":1724953256360,"mc":[{"id":"1.232419454","rc":[{"ltp":2.22,"id":73076816},{"ltp":1.81,"id":20343075}]}]}
{"op":"mcm","clk":"11958951421","pt":1724958406625,"mc":[{"id":"1.232419454","rc":[{"ltp":2.3,"id":73076816},{"ltp":1.8,"id":20343075}]}]}
{"op":"mcm","clk":"11959923090","pt":1724968016179,"mc":[{"id":"1.232419454","rc":[{"ltp":2.46,"id":73076816},{"ltp":1.68,"id":20343075}]}]}
{"op":"mcm","clk":"11959927100","pt":1724968076629,"mc":[{"id":"1.232419454","rc":[{"ltp":1.62,"id":20343075}]}]}
{"op":"mcm","clk":"11960266570","pt":1724974227668,"mc":[{"id":"1.232419454","rc":[{"ltp":1.66,"id":20343075}]}]}
{"op":"mcm","clk":"11961193563","pt":1724991326259,"mc":[{"id":"1.232419454","rc":[{"ltp":2.5,"id":73076816},{"ltp":1.65,"id":20343075}]}]}
{"op":"mcm","clk":"11961226141","pt":1724992117991,"mc":[{"id":"1.232419454","rc":[{"ltp":2.28,"id":73076816},{"ltp":1.77,"id":20343075}]}]}
{"op":"mcm","clk":"11961232401","pt":1724992311553,"mc":[{"id":"1.232419454","rc":[{"ltp":1.74,"id":20343075}]}]}
{"op":"mcm","clk":"11961347117","pt":1724994830562,"mc":[{"id":"1.232419454","rc":[{"ltp":1.75,"id":20343075}]}]}
{"op":"mcm","clk":"11961434505","pt":1724996806982,"mc":[{"id":"1.232419454","rc":[{"ltp":2.32,"id":73076816},{"ltp":1.76,"id":20343075}]}]}
{"op":"mcm","clk":"11961436712","pt":1724996876143,"mc":[{"id":"1.232419454","rc":[{"ltp":1.78,"id":20343075}]}]}
{"op":"mcm","clk":"11961444526","pt":1724997110017,"mc":[{"id":"1.232419454","rc":[{"ltp":2.24,"id":73076816},{"ltp":1.81,"id":20343075}]}]}
{"op":"mcm","clk":"11961692268","pt":1725002438295,"mc":[{"id":"1.232419454","rc":[{"ltp":2.2,"id":73076816},{"ltp":1.83,"id":20343075}]}]}
{"op":"mcm","clk":"11961713005","pt":1725002826571,"mc":[{"id":"1.232419454","rc":[{"ltp":2.24,"id":73076816},{"ltp":1.81,"id":20343075}]}]}
{"op":"mcm","clk":"11961763195","pt":1725003533375,"mc":[{"id":"1.232419454","rc":[{"ltp":2.22,"id":73076816}]}]}
{"op":"mcm","clk":"11961777194","pt":1725003714579,"mc":[{"id":"1.232419454","rc":[{"ltp":1.83,"id":20343075}]}]}
{"op":"mcm","clk":"11961780737","pt":1725003774514,"mc":[{"id":"1.232419454","rc":[{"ltp":1.82,"id":20343075}]}]}
{"op":"mcm","clk":"11961808940","pt":1725004017890,"mc":[{"id":"1.232419454","rc":[{"ltp":2.18,"id":73076816},{"ltp":1.85,"id":20343075}]}]}
{"op":"mcm","clk":"11961827469","pt":1725004303943,"mc":[{"id":"1.232419454","rc":[{"ltp":2.24,"id":73076816},{"ltp":1.8,"id":20343075}]}]}
{"op":"mcm","clk":"11961831908","pt":1725004358426,"mc":[{"id":"1.232419454","rc":[{"ltp":2.26,"id":73076816},{"ltp":1.79,"id":20343075}]}]}
{"op":"mcm","clk":"11961838258","pt":1725004437581,"mc":[{"id":"1.232419454","rc":[{"ltp":2.3,"id":73076816},{"ltp":1.8,"id":20343075}]}]}
{"op":"mcm","clk":"11962174829","pt":1725008626269,"mc":[{"id":"1.232419454","rc":[{"ltp":2.22,"id":73076816}]}]}
{"op":"mcm","clk":"11962261412","pt":1725009268153,"mc":[{"id":"1.232419454","rc":[{"ltp":2.26,"id":73076816}]}]}
{"op":"mcm","clk":"11962415986","pt":1725010724719,"mc":[{"id":"1.232419454","rc":[{"ltp":2.32,"id":73076816},{"ltp":1.76,"id":20343075}]}]}
{"op":"mcm","clk":"11962888873","pt":1725014927834,"mc":[{"id":"1.232419454","rc":[{"ltp":1.79,"id":20343075}]}]}
{"op":"mcm","clk":"11962923627","pt":1725015250129,"mc":[{"id":"1.232419454","rc":[{"ltp":1.75,"id":20343075}]}]}
{"op":"mcm","clk":"11962995921","pt":1725015957722,"mc":[{"id":"1.232419454","rc":[{"ltp":2.28,"id":73076816}]}]}
{"op":"mcm","clk":"11963095447","pt":1725016975750,"mc":[{"id":"1.232419454","rc":[{"ltp":1.74,"id":20343075}]}]}
{"op":"mcm","clk":"11963118859","pt":1725017217274,"mc":[{"id":"1.232419454","rc":[{"ltp":2.38,"id":73076816},{"ltp":1.72,"id":20343075}]}]}
{"op":"mcm","clk":"11963217703","pt":1725018234970,"mc":[{"id":"1.232419454","rc":[{"ltp":2.42,"id":73076816},{"ltp":1.71,"id":20343075}]}]}
{"op":"mcm","clk":"11963229177","pt":1725018346506,"mc":[{"id":"1.232419454","rc":[{"ltp":1.72,"id":20343075}]}]}
{"op":"mcm","clk":"11963235112","pt":1725018417308,"mc":[{"id":"1.232419454","rc":[{"ltp":2.4,"id":73076816}]}]}
{"op":"mcm","clk":"11963298727","pt":1725019118366,"mc":[{"id":"1.232419454","rc":[{"ltp":1.73,"id":20343075}]}]}
{"op":"mcm","clk":"11963314479","pt":1725019257485,"mc":[{"id":"1.232419454","rc":[{"ltp":1.69,"id":20343075}]}]}
{"op":"mcm","clk":"11963351403","pt":1725019609655,"mc":[{"id":"1.232419454","rc":[{"ltp":1.73,"id":20343075}]}]}
{"op":"mcm","clk":"11963424518","pt":1725020149482,"mc":[{"id":"1.232419454","rc":[{"ltp":1.74,"id":20343075}]}]}
{"op":"mcm","clk":"11963445525","pt":1725020330592,"mc":[{"id":"1.232419454","rc":[{"ltp":1.73,"id":20343075}]}]}
{"op":"mcm","clk":"11963616428","pt":1725021899655,"mc":[{"id":"1.232419454","rc":[{"ltp":1.72,"id":20343075}]}]}
{"op":"mcm","clk":"11963677561","pt":1725022553949,"mc":[{"id":"1.232419454","rc":[{"ltp":1.71,"id":20343075}]}]}
{"op":"mcm","clk":"11963680423","pt":1725022582608,"mc":[{"id":"1.232419454","rc":[{"ltp":1.7,"id":20343075}]}]}
{"op":"mcm","clk":"11963718069","pt":1725022975838,"mc":[{"id":"1.232419454","rc":[{"ltp":1.72,"id":20343075}]}]}
{"op":"mcm","clk":"11963752814","pt":1725023323370,"mc":[{"id":"1.232419454","rc":[{"ltp":1.73,"id":20343075}]}]}
{"op":"mcm","clk":"11963809546","pt":1725023809455,"mc":[{"id":"1.232419454","rc":[{"ltp":1.74,"id":20343075}]}]}
{"op":"mcm","clk":"11963831435","pt":1725023990233,"mc":[{"id":"1.232419454","rc":[{"ltp":1.73,"id":20343075}]}]}
{"op":"mcm","clk":"11963856330","pt":1725024215689,"mc":[{"id":"1.232419454","rc":[{"ltp":1.74,"id":20343075}]}]}
{"op":"mcm","clk":"11963947676","pt":1725025017648,"mc":[{"id":"1.232419454","rc":[{"ltp":2.34,"id":73076816}]}]}
{"op":"mcm","clk":"11964259538","pt":1725027341876,"mc":[{"id":"1.232419454","rc":[{"ltp":2.32,"id":73076816}]}]}
{"op":"mcm","clk":"11964378618","pt":1725028281019,"mc":[{"id":"1.232419454","rc":[{"ltp":2.38,"id":73076816},{"ltp":1.73,"id":20343075}]}]}
{"op":"mcm","clk":"11964610438","pt":1725029962347,"mc":[{"id":"1.232419454","rc":[{"ltp":1.72,"id":20343075}]}]}
{"op":"mcm","clk":"11964659945","pt":1725030309677,"mc":[{"id":"1.232419454","rc":[{"ltp":2.4,"id":73076816}]}]}
{"op":"mcm","clk":"11964687631","pt":1725030477889,"mc":[{"id":"1.232419454","rc":[{"ltp":1.7,"id":20343075}]}]}
{"op":"mcm","clk":"11964696299","pt":1725030534080,"mc":[{"id":"1.232419454","rc":[{"ltp":1.69,"id":20343075}]}]}
{"op":"mcm","clk":"11964714731","pt":1725030653308,"mc":[{"id":"1.232419454","rc":[{"ltp":2.38,"id":73076816},{"ltp":1.72,"id":20343075}]}]}
{"op":"mcm","clk":"11964724308","pt":1725030714792,"mc":[{"id":"1.232419454","rc":[{"ltp":1.7,"id":20343075}]}]}
{"op":"mcm","clk":"11964750019","pt":1725030777436,"mc":[{"id":"1.232419454","rc":[{"ltp":1.71,"id":20343075}]}]}
{"op":"mcm","clk":"11964786878","pt":1725031015950,"mc":[{"id":"1.232419454","rc":[{"ltp":1.7,"id":20343075}]}]}
{"op":"mcm","clk":"11964891844","pt":1725031665837,"mc":[{"id":"1.232419454","rc":[{"ltp":1.71,"id":20343075}]}]}
{"op":"mcm","clk":"11964982985","pt":1725032309469,"mc":[{"id":"1.232419454","rc":[{"ltp":1.7,"id":20343075}]}]}
{"op":"mcm","clk":"11965115502","pt":1725032961508,"mc":[{"id":"1.232419454","rc":[{"ltp":1.72,"id":20343075}]}]}
{"op":"mcm","clk":"11965179400","pt":1725033413974,"mc":[{"id":"1.232419454","rc":[{"ltp":2.44,"id":73076816},{"ltp":1.71,"id":20343075}]}]}
{"op":"mcm","clk":"11965261808","pt":1725033957401,"mc":[{"id":"1.232419454","rc":[{"ltp":2.4,"id":73076816}]}]}
{"op":"mcm","clk":"11965278034","pt":1725034068039,"mc":[{"id":"1.232419454","rc":[{"ltp":1.7,"id":20343075}]}]}
{"op":"mcm","clk":"11965297209","pt":1725034197492,"mc":[{"id":"1.232419454","rc":[{"ltp":2.44,"id":73076816},{"ltp":1.71,"id":20343075}]}]}
{"op":"mcm","clk":"11965344729","pt":1725034490085,"mc":[{"id":"1.232419454","rc":[{"ltp":1.69,"id":20343075}]}]}
{"op":"mcm","clk":"11965350744","pt":1725034525093,"mc":[{"id":"1.232419454","rc":[{"ltp":2.42,"id":73076816}]}]}
{"op":"mcm","clk":"11965593335","pt":1725035811925,"mc":[{"id":"1.232419454","rc":[{"ltp":1.7,"id":20343075}]}]}
{"op":"mcm","clk":"11965623716","pt":1725035984226,"mc":[{"id":"1.232419454","rc":[{"ltp":1.69,"id":20343075}]}]}
{"op":"mcm","clk":"11965711992","pt":1725036410696,"mc":[{"id":"1.232419454","rc":[{"ltp":2.4,"id":73076816}]}]}
{"op":"mcm","clk":"11965721913","pt":1725036471191,"mc":[{"id":"1.232419454","rc":[{"ltp":2.38,"id":73076816},{"ltp":1.72,"id":20343075}]}]}
{"op":"mcm","clk":"11965759200","pt":1725036709169,"mc":[{"id":"1.232419454","rc":[{"ltp":1.71,"id":20343075}]}]}
{"op":"mcm","clk":"11965769055","pt":1725036777358,"mc":[{"id":"1.232419454","rc":[{"ltp":1.72,"id":20343075}]}]}
{"op":"mcm","clk":"11965778112","pt":1725036834524,"mc":[{"id":"1.232419454","rc":[{"ltp":1.71,"id":20343075}]}]}
{"op":"mcm","clk":"11965786665","pt":1725036893812,"mc":[{"id":"1.232419454","rc":[{"ltp":2.4,"id":73076816}]}]}
{"op":"mcm","clk":"11965805650","pt":1725037015781,"mc":[{"id":"1.232419454","rc":[{"ltp":1.7,"id":20343075}]}]}
{"op":"mcm","clk":"11965811172","pt":1725037052043,"mc":[{"id":"1.232419454","rc":[{"ltp":1.71,"id":20343075}]}]}
{"op":"mcm","clk":"11965838728","pt":1725037212437,"mc":[{"id":"1.232419454","rc":[{"ltp":1.7,"id":20343075}]}]}
{"op":"mcm","clk":"11965859166","pt":1725037316772,"mc":[{"id":"1.232419454","rc":[{"ltp":1.71,"id":20343075}]}]}
{"op":"mcm","clk":"11965962912","pt":1725037781995,"mc":[{"id":"1.232419454","rc":[{"ltp":2.42,"id":73076816}]}]}
{"op":"mcm","clk":"11966019149","pt":1725038035764,"mc":[{"id":"1.232419454","rc":[{"ltp":1.7,"id":20343075}]}]}
{"op":"mcm","clk":"11966052792","pt":1725038115909,"mc":[{"id":"1.232419454","rc":[{"ltp":2.44,"id":73076816}]}]}
{"op":"mcm","clk":"11966084106","pt":1725038267193,"mc":[{"id":"1.232419454","rc":[{"ltp":1.69,"id":20343075}]}]}
{"op":"mcm","clk":"11966121889","pt":1725038455426,"mc":[{"id":"1.232419454","rc":[{"ltp":1.71,"id":20343075}]}]}
{"op":"mcm","clk":"11966148510","pt":1725038586180,"mc":[{"id":"1.232419454","rc":[{"ltp":1.7,"id":20343075}]}]}
{"op":"mcm","clk":"11966169212","pt":1725038688715,"mc":[{"id":"1.232419454","rc":[{"ltp":1.69,"id":20343075}]}]}
{"op":"mcm","clk":"11966261925","pt":1725039115994,"mc":[{"id":"1.232419454","rc":[{"ltp":1.7,"id":20343075}]}]}
{"op":"mcm","clk":"11966330822","pt":1725039405420,"mc":[{"id":"1.232419454","rc":[{"ltp":2.42,"id":73076816}]}]}
{"op":"mcm","clk":"11966349528","pt":1725039477988,"mc":[{"id":"1.232419454","rc":[{"ltp":1.71,"id":20343075}]}]}
{"op":"mcm","clk":"11966361638","pt":1725039523629,"mc":[{"id":"1.232419454","rc":[{"ltp":2.4,"id":73076816}]}]}
{"op":"mcm","clk":"11966393165","pt":1725039637111,"mc":[{"id":"1.232419454","rc":[{"ltp":1.7,"id":20343075}]}]}
{"op":"mcm","clk":"11966415405","pt":1725039717528,"mc":[{"id":"1.232419454","rc":[{"ltp":2.46,"id":73076816}]}]}
{"op":"mcm","clk":"11966433166","pt":1725039777690,"mc":[{"id":"1.232419454","rc":[{"ltp":2.42,"id":73076816}]}]}
{"op":"mcm","clk":"11966465317","pt":1725039895877,"mc":[{"id":"1.232419454","rc":[{"ltp":2.46,"id":73076816},{"ltp":1.69,"id":20343075}]}]}
{"op":"mcm","clk":"11966482777","pt":1725039951300,"mc":[{"id":"1.232419454","rc":[{"ltp":2.44,"id":73076816}]}]}
{"op":"mcm","clk":"11966514288","pt":1725040073866,"mc":[{"id":"1.232419454","rc":[{"ltp":1.67,"id":20343075}]}]}
{"op":"mcm","clk":"11966521294","pt":1725040104633,"mc":[{"id":"1.232419454","rc":[{"ltp":1.69,"id":20343075}]}]}
{"op":"mcm","clk":"11966543618","pt":1725040180948,"mc":[{"id":"1.232419454","rc":[{"ltp":2.46,"id":73076816}]}]}
{"op":"mcm","clk":"11966687612","pt":1725040792398,"mc":[{"id":"1.232419454","rc":[{"ltp":1.7,"id":20343075}]}]}
{"op":"mcm","clk":"11966700785","pt":1725040845224,"mc":[{"id":"1.232419454","rc":[{"ltp":1.69,"id":20343075}]}]}
{"op":"mcm","clk":"11966732157","pt":1725040976360,"mc":[{"id":"1.232419454","rc":[{"ltp":2.44,"id":73076816}]}]}
{"op":"mcm","clk":"11966741498","pt":1725041013156,"mc":[{"id":"1.232419454","rc":[{"ltp":2.4,"id":73076816},{"ltp":1.71,"id":20343075}]}]}
{"op":"mcm","clk":"11966777561","pt":1725041155918,"mc":[{"id":"1.232419454","rc":[{"ltp":1.69,"id":20343075}]}]}
{"op":"mcm","clk":"11966802307","pt":1725041249707,"mc":[{"id":"1.232419454","rc":[{"ltp":1.71,"id":20343075}]}]}
{"op":"mcm","clk":"11966815994","pt":1725041299706,"mc":[{"id":"1.232419454","rc":[{"ltp":2.44,"id":73076816}]}]}
{"op":"mcm","clk":"11966857420","pt":1725041445611,"mc":[{"id":"1.232419454","rc":[{"ltp":2.42,"id":73076816}]}]}
{"op":"mcm","clk":"11966874312","pt":1725041503142,"mc":[{"id":"1.232419454","rc":[{"ltp":1.7,"id":20343075}]}]}
{"op":"mcm","clk":"11966886897","pt":1725041544623,"mc":[{"id":"1.232419454","rc":[{"ltp":2.4,"id":73076816},{"ltp":1.71,"id":20343075}]}]}
{"op":"mcm","clk":"11966932114","pt":1725041635794,"mc":[{"id":"1.232419454","rc":[{"ltp":2.44,"id":73076816}]}]}
{"op":"mcm","clk":"11966937027","pt":1725041652721,"mc":[{"id":"1.232419454","rc":[{"ltp":2.42,"id":73076816}]}]}
{"op":"mcm","clk":"11966964290","pt":1725041738720,"mc":[{"id":"1.232419454","rc":[{"ltp":1.7,"id":20343075}]}]}
{"op":"mcm","clk":"11966997127","pt":1725041842635,"mc":[{"id":"1.232419454","rc":[{"ltp":2.44,"id":73076816},{"ltp":1.69,"id":20343075}]}]}
{"op":"mcm","clk":"11967062745","pt":1725042053180,"mc":[{"id":"1.232419454","rc":[{"ltp":1.67,"id":20343075}]}]}
{"op":"mcm","clk":"11967078633","pt":1725042104179,"mc":[{"id":"1.232419454","rc":[{"ltp":2.48,"id":73076816}]}]}
{"op":"mcm","clk":"11967099884","pt":1725042173414,"mc":[{"id":"1.232419454","rc":[{"ltp":2.5,"id":73076816}]}]}
{"op":"mcm","clk":"11967118881","pt":1725042234619,"mc":[{"id":"1.232419454","rc":[{"ltp":1.69,"id":20343075}]}]}
{"op":"mcm","clk":"11967135430","pt":1725042292201,"mc":[{"id":"1.232419454","rc":[{"ltp":1.67,"id":20343075}]}]}
{"op":"mcm","clk":"11967152628","pt":1725042351909,"mc":[{"id":"1.232419454","rc":[{"ltp":2.48,"id":73076816}]}]}
{"op":"mcm","clk":"11967181981","pt":1725042460945,"mc":[{"id":"1.232419454","rc":[{"ltp":1.69,"id":20343075}]}]}
{"op":"mcm","clk":"11967202518","pt":1725042532175,"mc":[{"id":"1.232419454","rc":[{"ltp":1.68,"id":20343075}]}]}
{"op":"mcm","clk":"11967220093","pt":1725042590018,"mc":[{"id":"1.232419454","rc":[{"ltp":1.69,"id":20343075}]}]}
{"op":"mcm","clk":"11967241173","pt":1725042657122,"mc":[{"id":"1.232419454","rc":[{"ltp":2.46,"id":73076816}]}]}
{"op":"mcm","clk":"11967289543","pt":1725042813741,"mc":[{"id":"1.232419454","rc":[{"ltp":2.44,"id":73076816}]}]}
{"op":"mcm","clk":"11967331435","pt":1725042956467,"mc":[{"id":"1.232419454","rc":[{"ltp":2.46,"id":73076816},{"ltp":1.66,"id":20343075}]}]}
{"op":"mcm","clk":"11967349255","pt":1725043016028,"mc":[{"id":"1.232419454","rc":[{"ltp":2.5,"id":73076816}]}]}
{"op":"mcm","clk":"11967368463","pt":1725043077738,"mc":[{"id":"1.232419454","rc":[{"ltp":1.64,"id":20343075}]}]}
{"op":"mcm","clk":"11967386360","pt":1725043137509,"mc":[{"id":"1.232419454","rc":[{"ltp":2.54,"id":73076816},{"ltp":1.65,"id":20343075}]}]}
{"op":"mcm","clk":"11967421132","pt":1725043257501,"mc":[{"id":"1.232419454","rc":[{"ltp":2.5,"id":73076816},{"ltp":1.66,"id":20343075}]}]}
{"op":"mcm","clk":"11967457689","pt":1725043375395,"mc":[{"id":"1.232419454","rc":[{"ltp":1.67,"id":20343075}]}]}
{"op":"mcm","clk":"11967466418","pt":1725043402631,"mc":[{"id":"1.232419454","rc":[{"ltp":1.68,"id":20343075}]}]}
{"op":"mcm","clk":"11967529116","pt":1725043623802,"mc":[{"id":"1.232419454","rc":[{"ltp":2.46,"id":73076816}]}]}
{"op":"mcm","clk":"11967552075","pt":1725043708144,"mc":[{"id":"1.232419454","rc":[{"ltp":1.67,"id":20343075}]}]}
{"op":"mcm","clk":"11967566699","pt":1725043767715,"mc":[{"id":"1.232419454","rc":[{"ltp":1.68,"id":20343075}]}]}
{"op":"mcm","clk":"11967587235","pt":1725043856056,"mc":[{"id":"1.232419454","rc":[{"ltp":2.48,"id":73076816}]}]}
{"op":"mcm","clk":"11967626531","pt":1725044037173,"mc":[{"id":"1.232419454","rc":[{"ltp":1.66,"id":20343075}]}]}
{"op":"mcm","clk":"11967650943","pt":1725044150133,"mc":[{"id":"1.232419454","rc":[{"ltp":2.5,"id":73076816}]}]}
{"op":"mcm","clk":"11967678041","pt":1725044269939,"mc":[{"id":"1.232419454","rc":[{"ltp":1.68,"id":20343075}]}]}
{"op":"mcm","clk":"11967814138","pt":1725044925160,"mc":[{"id":"1.232419454","rc":[{"ltp":2.48,"id":73076816}]}]}
{"op":"mcm","clk":"11967843189","pt":1725045057212,"mc":[{"id":"1.232419454","rc":[{"ltp":1.66,"id":20343075}]}]}
{"op":"mcm","clk":"11967856362","pt":1725045115915,"mc":[{"id":"1.232419454","rc":[{"ltp":2.58,"id":73076816},{"ltp":1.62,"id":20343075}]}]}
{"op":"mcm","clk":"11967870153","pt":1725045176874,"mc":[{"id":"1.232419454","rc":[{"ltp":2.56,"id":73076816},{"ltp":1.63,"id":20343075}]}]}
{"op":"mcm","clk":"11967883997","pt":1725045237487,"mc":[{"id":"1.232419454","rc":[{"ltp":1.65,"id":20343075}]}]}
{"op":"mcm","clk":"11967898241","pt":1725045297456,"mc":[{"id":"1.232419454","rc":[{"ltp":2.52,"id":73076816}]}]}
{"op":"mcm","clk":"11967926405","pt":1725045413116,"mc":[{"id":"1.232419454","rc":[{"ltp":1.64,"id":20343075}]}]}
{"op":"mcm","clk":"11967940006","pt":1725045472798,"mc":[{"id":"1.232419454","rc":[{"ltp":1.65,"id":20343075}]}]}
{"op":"mcm","clk":"11967953989","pt":1725045533783,"mc":[{"id":"1.232419454","rc":[{"ltp":1.66,"id":20343075}]}]}
{"op":"mcm","clk":"11967974146","pt":1725045614971,"mc":[{"id":"1.232419454","rc":[{"ltp":2.5,"id":73076816}]}]}
{"op":"mcm","clk":"11968055591","pt":1725046009371,"mc":[{"id":"1.232419454","rc":[{"ltp":1.67,"id":20343075}]}]}
{"op":"mcm","clk":"11968124410","pt":1725046363558,"mc":[{"id":"1.232419454","rc":[{"ltp":2.48,"id":73076816}]}]}
{"op":"mcm","clk":"11968177415","pt":1725046632352,"mc":[{"id":"1.232419454","rc":[{"ltp":1.66,"id":20343075}]}]}
{"op":"mcm","clk":"11968196696","pt":1725046732277,"mc":[{"id":"1.232419454","rc":[{"ltp":2.5,"id":73076816},{"ltp":1.67,"id":20343075}]}]}
{"op":"mcm","clk":"11968262369","pt":1725046976924,"mc":[{"id":"1.232419454","rc":[{"ltp":1.66,"id":20343075}]}]}
{"op":"mcm","clk":"11968283000","pt":1725047092048,"mc":[{"id":"1.232419454","rc":[{"ltp":1.65,"id":20343075}]}]}
{"op":"mcm","clk":"11968292249","pt":1725047142424,"mc":[{"id":"1.232419454","rc":[{"ltp":1.66,"id":20343075}]}]}
{"op":"mcm","clk":"11968317670","pt":1725047283363,"mc":[{"id":"1.232419454","rc":[{"ltp":1.65,"id":20343075}]}]}
{"op":"mcm","clk":"11968349224","pt":1725047457347,"mc":[{"id":"1.232419454","rc":[{"ltp":1.66,"id":20343075}]}]}
{"op":"mcm","clk":"11968381653","pt":1725047641292,"mc":[{"id":"1.232419454","rc":[{"ltp":1.65,"id":20343075}]}]}
{"op":"mcm","clk":"11968428554","pt":1725047935566,"mc":[{"id":"1.232419454","rc":[{"ltp":2.52,"id":73076816}]}]}
{"op":"mcm","clk":"11968436306","pt":1725047986477,"mc":[{"id":"1.232419454","rc":[{"ltp":2.54,"id":73076816}]}]}
{"op":"mcm","clk":"11968481159","pt":1725048293310,"mc":[{"id":"1.232419454","rc":[{"ltp":2.52,"id":73076816},{"ltp":1.66,"id":20343075}]}]}
{"op":"mcm","clk":"11968498693","pt":1725048413674,"mc":[{"id":"1.232419454","rc":[{"ltp":1.67,"id":20343075}]}]}
{"op":"mcm","clk":"11968540044","pt":1725048693713,"mc":[{"id":"1.232419454","rc":[{"ltp":2.48,"id":73076816}]}]}
{"op":"mcm","clk":"11968579826","pt":1725048957671,"mc":[{"id":"1.232419454","rc":[{"ltp":2.5,"id":73076816}]}]}
{"op":"mcm","clk":"11968587636","pt":1725049013726,"mc":[{"id":"1.232419454","rc":[{"ltp":2.52,"id":73076816}]}]}
{"op":"mcm","clk":"11968622373","pt":1725049306687,"mc":[{"id":"1.232419454","rc":[{"ltp":1.66,"id":20343075}]}]}
{"op":"mcm","clk":"11968629320","pt":1725049364254,"mc":[{"id":"1.232419454","rc":[{"ltp":2.5,"id":73076816}]}]}
{"op":"mcm","clk":"11968669010","pt":1725049709755,"mc":[{"id":"1.232419454","rc":[{"ltp":1.67,"id":20343075}]}]}
{"op":"mcm","clk":"11968681579","pt":1725049839091,"mc":[{"id":"1.232419454","rc":[{"ltp":1.66,"id":20343075}]}]}
{"op":"mcm","clk":"11968703097","pt":1725050077389,"mc":[{"id":"1.232419454","rc":[{"ltp":1.67,"id":20343075}]}]}
{"op":"mcm","clk":"11968721580","pt":1725050300801,"mc":[{"id":"1.232419454","rc":[{"ltp":1.66,"id":20343075}]}]}
{"op":"mcm","clk":"11968737760","pt":1725050500711,"mc":[{"id":"1.232419454","rc":[{"ltp":1.67,"id":20343075}]}]}
{"op":"mcm","clk":"11968740235","pt":1725050533975,"mc":[{"id":"1.232419454","rc":[{"ltp":1.66,"id":20343075}]}]}
{"op":"mcm","clk":"11968784689","pt":1725051166559,"mc":[{"id":"1.232419454","rc":[{"ltp":2.48,"id":73076816}]}]}
{"op":"mcm","clk":"11968794633","pt":1725051324595,"mc":[{"id":"1.232419454","rc":[{"ltp":2.52,"id":73076816}]}]}
{"op":"mcm","clk":"11968815664","pt":1725051632443,"mc":[{"id":"1.232419454","rc":[{"ltp":1.67,"id":20343075}]}]}
{"op":"mcm","clk":"11968841662","pt":1725052066338,"mc":[{"id":"1.232419454","rc":[{"ltp":2.48,"id":73076816}]}]}
{"op":"mcm","clk":"11968855896","pt":1725052315444,"mc":[{"id":"1.232419454","rc":[{"ltp":1.66,"id":20343075}]}]}
{"op":"mcm","clk":"11968878095","pt":1725052419800,"mc":[{"id":"1.232419454","rc":[{"ltp":1.67,"id":20343075}]}]}
{"op":"mcm","clk":"11968902984","pt":1725052853717,"mc":[{"id":"1.232419454","rc":[{"ltp":1.66,"id":20343075}]}]}
{"op":"mcm","clk":"11968912098","pt":1725053033231,"mc":[{"id":"1.232419454","rc":[{"ltp":1.67,"id":20343075}]}]}
{"op":"mcm","clk":"11968914752","pt":1725053089202,"mc":[{"id":"1.232419454","rc":[{"ltp":1.66,"id":20343075}]}]}
{"op":"mcm","clk":"11968929841","pt":1725053443489,"mc":[{"id":"1.232419454","rc":[{"ltp":1.67,"id":20343075}]}]}
{"op":"mcm","clk":"11968946350","pt":1725053859028,"mc":[{"id":"1.232419454","rc":[{"ltp":1.66,"id":20343075}]}]}
{"op":"mcm","clk":"11968948520","pt":1725053920460,"mc":[{"id":"1.232419454","rc":[{"ltp":1.67,"id":20343075}]}]}
{"op":"mcm","clk":"11968957194","pt":1725054160040,"mc":[{"id":"1.232419454","rc":[{"ltp":1.68,"id":20343075}]}]}
{"op":"mcm","clk":"11968962287","pt":1725054301256,"mc":[{"id":"1.232419454","rc":[{"ltp":1.66,"id":20343075}]}]}
{"op":"mcm","clk":"11968967996","pt":1725054452701,"mc":[{"id":"1.232419454","rc":[{"ltp":2.46,"id":73076816}]}]}
{"op":"mcm","clk":"11968970867","pt":1725054512653,"mc":[{"id":"1.232419454","rc":[{"ltp":1.68,"id":20343075}]}]}
{"op":"mcm","clk":"11968989572","pt":1725054955345,"mc":[{"id":"1.232419454","rc":[{"ltp":1.67,"id":20343075}]}]}
{"op":"mcm","clk":"11969000500","pt":1725055223013,"mc":[{"id":"1.232419454","rc":[{"ltp":1.68,"id":20343075}]}]}
{"op":"mcm","clk":"11969019532","pt":1725055613159,"mc":[{"id":"1.232419454","rc":[{"ltp":2.5,"id":73076816},{"ltp":1.67,"id":20343075}]}]}
{"op":"mcm","clk":"11969023842","pt":1725055702191,"mc":[{"id":"1.232419454","rc":[{"ltp":1.68,"id":20343075}]}]}
{"op":"mcm","clk":"11969030298","pt":1725055841663,"mc":[{"id":"1.232419454","rc":[{"ltp":2.48,"id":73076816},{"ltp":1.67,"id":20343075}]}]}
{"op":"mcm","clk":"11969038490","pt":1725056021192,"mc":[{"id":"1.232419454","rc":[{"ltp":1.66,"id":20343075}]}]}
{"op":"mcm","clk":"11969041416","pt":1725056086083,"mc":[{"id":"1.232419454","rc":[{"ltp":1.67,"id":20343075}]}]}
{"op":"mcm","clk":"11969066461","pt":1725056661026,"mc":[{"id":"1.232419454","rc":[{"ltp":1.66,"id":20343075}]}]}
{"op":"mcm","clk":"11969070847","pt":1725056755009,"mc":[{"id":"1.232419454","rc":[{"ltp":1.67,"id":20343075}]}]}
{"op":"mcm","clk":"11969075979","pt":1725056871283,"mc":[{"id":"1.232419454","rc":[{"ltp":1.66,"id":20343075}]}]}
{"op":"mcm","clk":"11969078773","pt":1725056934118,"mc":[{"id":"1.232419454","rc":[{"ltp":1.67,"id":20343075}]}]}
{"op":"mcm","clk":"11969090073","pt":1725057177594,"mc":[{"id":"1.232419454","rc":[{"ltp":1.66,"id":20343075}]}]}
{"op":"mcm","clk":"11969094997","pt":1725057297199,"mc":[{"id":"1.232419454","rc":[{"ltp":2.5,"id":73076816}]}]}
{"op":"mcm","clk":"11969097660","pt":1725057357162,"mc":[{"id":"1.232419454","rc":[{"ltp":2.62,"id":73076816},{"ltp":1.61,"id":20343075}]}]}
{"op":"mcm","clk":"11969100382","pt":1725057417400,"mc":[{"id":"1.232419454","rc":[{"ltp":2.58,"id":73076816},{"ltp":1.63,"id":20343075}]}]}
{"op":"mcm","clk":"11969105117","pt":1725057527738,"mc":[{"id":"1.232419454","rc":[{"ltp":2.56,"id":73076816},{"ltp":1.64,"id":20343075}]}]}
{"op":"mcm","clk":"11969107778","pt":1725057595131,"mc":[{"id":"1.232419454","rc":[{"ltp":1.63,"id":20343075}]}]}
{"op":"mcm","clk":"11969110180","pt":1725057657598,"mc":[{"id":"1.232419454","rc":[{"ltp":1.65,"id":20343075}]}]}
{"op":"mcm","clk":"11969112165","pt":1725057710280,"mc":[{"id":"1.232419454","rc":[{"ltp":2.58,"id":73076816},{"ltp":1.64,"id":20343075}]}]}
{"op":"mcm","clk":"11969129770","pt":1725057776620,"mc":[{"id":"1.232419454","rc":[{"ltp":2.6,"id":73076816},{"ltp":1.63,"id":20343075}]}]}
{"op":"mcm","clk":"11969132128","pt":1725057836580,"mc":[{"id":"1.232419454","rc":[{"ltp":2.58,"id":73076816},{"ltp":1.62,"id":20343075}]}]}
{"op":"mcm","clk":"11969139746","pt":1725058017161,"mc":[{"id":"1.232419454","rc":[{"ltp":1.63,"id":20343075}]}]}
{"op":"mcm","clk":"11969142179","pt":1725058077324,"mc":[{"id":"1.232419454","rc":[{"ltp":1.64,"id":20343075}]}]}
{"op":"mcm","clk":"11969144544","pt":1725058137415,"mc":[{"id":"1.232419454","rc":[{"ltp":2.56,"id":73076816}]}]}
{"op":"mcm","clk":"11969146857","pt":1725058197786,"mc":[{"id":"1.232419454","rc":[{"ltp":1.63,"id":20343075}]}]}
{"op":"mcm","clk":"11969151725","pt":1725058317573,"mc":[{"id":"1.232419454","rc":[{"ltp":2.6,"id":73076816}]}]}
{"op":"mcm","clk":"11969153869","pt":1725058377734,"mc":[{"id":"1.232419454","rc":[{"ltp":2.58,"id":73076816}]}]}
{"op":"mcm","clk":"11969159626","pt":1725058496728,"mc":[{"id":"1.232419454","rc":[{"ltp":2.56,"id":73076816}]}]}
{"op":"mcm","clk":"11969161966","pt":1725058557736,"mc":[{"id":"1.232419454","rc":[{"ltp":2.58,"id":73076816},{"ltp":1.62,"id":20343075}]}]}
{"op":"mcm","clk":"11969164571","pt":1725058616577,"mc":[{"id":"1.232419454","rc":[{"ltp":1.65,"id":20343075}]}]}
{"op":"mcm","clk":"11969166972","pt":1725058677965,"mc":[{"id":"1.232419454","rc":[{"ltp":2.52,"id":73076816}]}]}
{"op":"mcm","clk":"11969172006","pt":1725058797749,"mc":[{"id":"1.232419454","rc":[{"ltp":2.5,"id":73076816},{"ltp":1.67,"id":20343075}]}]}
{"op":"mcm","clk":"11969175311","pt":1725058857901,"mc":[{"id":"1.232419454","marketDefinition":{"bspMarket":false,"turnInPlayEnabled":true,"persistenceEnabled":true,"marketBaseRate":5.0,"eventId":"33537100","eventTypeId":"4","numberOfWinners":1,"bettingType":"ODDS","marketType":"MATCH_ODDS","marketTime":"2024-08-30T23:00:00.000Z","suspendTime":"2024-08-30T23:00:00.000Z","bspReconciled":false,"complete":true,"inPlay":true,"crossMatching":true,"runnersVoidable":false,"numberOfActiveRunners":2,"betDelay":5,"status":"OPEN","runners":[{"status":"ACTIVE","sortPriority":1,"id":73076816,"name":"Antigua And Barbuda Falcons"},{"status":"ACTIVE","sortPriority":2,"id":20343075,"name":"Guyana Amazon Warriors"}],"regulators":["MR_INT"],"countryCode":"GB","discountAllowed":true,"timezone":"GMT","openDate":"2024-08-30T23:00:00.000Z","version":6109069109,"name":"Match Odds","eventName":"Antigua And Barbuda Falcons v Guyana Amazon Warrio"},"rc":[{"ltp":2.52,"id":73076816},{"ltp":1.65,"id":20343075}]}]}
{"op":"mcm","clk":"11969178039","pt":1725058917976,"mc":[{"id":"1.232419454","rc":[{"ltp":2.46,"id":73076816},{"ltp":1.7,"id":20343075}]}]}
{"op":"mcm","clk":"11969180852","pt":1725058977955,"mc":[{"id":"1.232419454","rc":[{"ltp":2.5,"id":73076816},{"ltp":1.66,"id":20343075}]}]}
{"op":"mcm","clk":"11969183303","pt":1725059037943,"mc":[{"id":"1.232419454","rc":[{"ltp":2.52,"id":73076816},{"ltp":1.64,"id":20343075}]}]}
{"op":"mcm","clk":"11969185474","pt":1725059097725,"mc":[{"id":"1.232419454","rc":[{"ltp":2.56,"id":73076816}]}]}
{"op":"mcm","clk":"11969188075","pt":1725059157906,"mc":[{"id":"1.232419454","rc":[{"ltp":2.68,"id":73076816},{"ltp":1.59,"id":20343075}]}]}
{"op":"mcm","clk":"11969190925","pt":1725059217789,"mc":[{"id":"1.232419454","rc":[{"ltp":2.56,"id":73076816},{"ltp":1.65,"id":20343075}]}]}
{"op":"mcm","clk":"11969193555","pt":1725059277953,"mc":[{"id":"1.232419454","rc":[{"ltp":2.66,"id":73076816},{"ltp":1.59,"id":20343075}]}]}
{"op":"mcm","clk":"11969197300","pt":1725059337978,"mc":[{"id":"1.232419454","rc":[{"ltp":2.96,"id":73076816},{"ltp":1.5,"id":20343075}]}]}
{"op":"mcm","clk":"11969201372","pt":1725059397966,"mc":[{"id":"1.232419454","rc":[{"ltp":2.84,"id":73076816},{"ltp":1.55,"id":20343075}]}]}
{"op":"mcm","clk":"11969204029","pt":1725059457988,"mc":[{"id":"1.232419454","rc":[{"ltp":2.8,"id":73076816},{"ltp":1.59,"id":20343075}]}]}
{"op":"mcm","clk":"11969206681","pt":1725059517947,"mc":[{"id":"1.232419454","rc":[{"ltp":2.74,"id":73076816},{"ltp":1.57,"id":20343075}]}]}
{"op":"mcm","clk":"11969209603","pt":1725059577958,"mc":[{"id":"1.232419454","rc":[{"ltp":2.56,"id":73076816},{"ltp":1.65,"id":20343075}]}]}
{"op":"mcm","clk":"11969212088","pt":1725059637848,"mc":[{"id":"1.232419454","rc":[{"ltp":2.6,"id":73076816},{"ltp":1.62,"id":20343075}]}]}
{"op":"mcm","clk":"11969214604","pt":1725059697936,"mc":[{"id":"1.232419454","rc":[{"ltp":2.68,"id":73076816},{"ltp":1.59,"id":20343075}]}]}
{"op":"mcm","clk":"11969217496","pt":1725059757777,"mc":[{"id":"1.232419454","rc":[{"ltp":2.42,"id":73076816},{"ltp":1.74,"id":20343075}]}]}
{"op":"mcm","clk":"11969220472","pt":1725059817980,"mc":[{"id":"1.232419454","rc":[{"ltp":2.18,"id":73076816},{"ltp":1.83,"id":20343075}]}]}
{"op":"mcm","clk":"11969223595","pt":1725059877852,"mc":[{"id":"1.232419454","rc":[{"ltp":2.1,"id":73076816},{"ltp":1.91,"id":20343075}]}]}
{"op":"mcm","clk":"11969226473","pt":1725059937918,"mc":[{"id":"1.232419454","rc":[{"ltp":2.14,"id":73076816},{"ltp":1.89,"id":20343075}]}]}
{"op":"mcm","clk":"11969229381","pt":1725059997972,"mc":[{"id":"1.232419454","rc":[{"ltp":2.2,"id":73076816},{"ltp":1.81,"id":20343075}]}]}
{"op":"mcm","clk":"11969232393","pt":1725060057950,"mc":[{"id":"1.232419454","rc":[{"ltp":2.3,"id":73076816},{"ltp":1.75,"id":20343075}]}]}
{"op":"mcm","clk":"11969235337","pt":1725060117934,"mc":[{"id":"1.232419454","rc":[{"ltp":2.26,"id":73076816},{"ltp":1.77,"id":20343075}]}]}
{"op":"mcm","clk":"11969238106","pt":1725060177918,"mc":[{"id":"1.232419454","rc":[{"ltp":1.79,"id":20343075}]}]}
{"op":"mcm","clk":"11969241070","pt":1725060237977,"mc":[{"id":"1.232419454","rc":[{"ltp":2.28,"id":73076816},{"ltp":1.78,"id":20343075}]}]}
{"op":"mcm","clk":"11969244737","pt":1725060297245,"mc":[{"id":"1.232419454","rc":[{"ltp":2.3,"id":73076816},{"ltp":1.76,"id":20343075}]}]}
{"op":"mcm","clk":"11969248044","pt":1725060357979,"mc":[{"id":"1.232419454","rc":[{"ltp":2.18,"id":73076816},{"ltp":1.84,"id":20343075}]}]}
{"op":"mcm","clk":"11969254338","pt":1725060417823,"mc":[{"id":"1.232419454","rc":[{"ltp":2.06,"id":73076816},{"ltp":1.94,"id":20343075}]}]}
{"op":"mcm","clk":"11969257451","pt":1725060477962,"mc":[{"id":"1.232419454","rc":[{"ltp":1.84,"id":73076816},{"ltp":2.18,"id":20343075}]}]}
{"op":"mcm","clk":"11969261106","pt":1725060537647,"mc":[{"id":"1.232419454","rc":[{"ltp":1.81,"id":73076816},{"ltp":2.22,"id":20343075}]}]}
{"op":"mcm","clk":"11969264638","pt":1725060597878,"mc":[{"id":"1.232419454","rc":[{"ltp":1.79,"id":73076816},{"ltp":2.26,"id":20343075}]}]}
{"op":"mcm","clk":"11969268086","pt":1725060657982,"mc":[{"id":"1.232419454","rc":[{"ltp":1.85,"id":73076816},{"ltp":2.18,"id":20343075}]}]}
{"op":"mcm","clk":"11969271419","pt":1725060717992,"mc":[{"id":"1.232419454","rc":[{"ltp":1.78,"id":73076816},{"ltp":2.26,"id":20343075}]}]}
{"op":"mcm","clk":"11969274651","pt":1725060777832,"mc":[{"id":"1.232419454","rc":[{"ltp":1.82,"id":73076816},{"ltp":2.2,"id":20343075}]}]}
{"op":"mcm","clk":"11969280734","pt":1725060897939,"mc":[{"id":"1.232419454","rc":[{"ltp":1.76,"id":73076816},{"ltp":2.34,"id":20343075}]}]}
{"op":"mcm","clk":"11969283763","pt":1725060957837,"mc":[{"id":"1.232419454","rc":[{"ltp":1.78,"id":73076816},{"ltp":2.28,"id":20343075}]}]}
{"op":"mcm","clk":"11969289941","pt":1725061077940,"mc":[{"id":"1.232419454","rc":[{"ltp":1.8,"id":73076816},{"ltp":2.24,"id":20343075}]}]}
{"op":"mcm","clk":"11969292864","pt":1725061137913,"mc":[{"id":"1.232419454","rc":[{"ltp":1.73,"id":73076816},{"ltp":2.38,"id":20343075}]}]}
{"op":"mcm","clk":"11969295843","pt":1725061197930,"mc":[{"id":"1.232419454","rc":[{"ltp":1.74,"id":73076816},{"ltp":2.36,"id":20343075}]}]}
{"op":"mcm","clk":"11969298978","pt":1725061257796,"mc":[{"id":"1.232419454","rc":[{"ltp":2.04,"id":73076816},{"ltp":1.95,"id":20343075}]}]}
{"op":"mcm","clk":"11969305079","pt":1725061317914,"mc":[{"id":"1.232419454","rc":[{"ltp":1.92,"id":73076816},{"ltp":2.08,"id":20343075}]}]}
{"op":"mcm","clk":"11969308011","pt":1725061377987,"mc":[{"id":"1.232419454","rc":[{"ltp":1.9,"id":73076816},{"ltp":2.1,"id":20343075}]}]}
{"op":"mcm","clk":"11969310662","pt":1725061437862,"mc":[{"id":"1.232419454","rc":[{"ltp":1.89,"id":73076816},{"ltp":2.12,"id":20343075}]}]}
{"op":"mcm","clk":"11969313736","pt":1725061497962,"mc":[{"id":"1.232419454","rc":[{"ltp":1.9,"id":73076816},{"ltp":2.1,"id":20343075}]}]}
{"op":"mcm","clk":"11969316988","pt":1725061557912,"mc":[{"id":"1.232419454","rc":[{"ltp":1.91,"id":73076816}]}]}
{"op":"mcm","clk":"11969323667","pt":1725061677946,"mc":[{"id":"1.232419454","rc":[{"ltp":1.96,"id":73076816},{"ltp":2.06,"id":20343075}]}]}
{"op":"mcm","clk":"11969326682","pt":1725061737909,"mc":[{"id":"1.232419454","rc":[{"ltp":1.94,"id":73076816}]}]}
{"op":"mcm","clk":"11969330130","pt":1725061797973,"mc":[{"id":"1.232419454","rc":[{"ltp":1.86,"id":73076816},{"ltp":2.16,"id":20343075}]}]}
{"op":"mcm","clk":"11969333643","pt":1725061857920,"mc":[{"id":"1.232419454","rc":[{"ltp":1.8,"id":73076816},{"ltp":2.24,"id":20343075}]}]}
{"op":"mcm","clk":"11969337066","pt":1725061917691,"mc":[{"id":"1.232419454","rc":[{"ltp":1.79,"id":73076816},{"ltp":2.26,"id":20343075}]}]}
{"op":"mcm","clk":"11969340505","pt":1725061977930,"mc":[{"id":"1.232419454","rc":[{"ltp":2.04,"id":73076816},{"ltp":1.97,"id":20343075}]}]}
{"op":"mcm","clk":"11969343954","pt":1725062037829,"mc":[{"id":"1.232419454","rc":[{"ltp":2.0,"id":73076816},{"ltp":2.0,"id":20343075}]}]}
{"op":"mcm","clk":"11969350558","pt":1725062157592,"mc":[{"id":"1.232419454","rc":[{"ltp":1.95,"id":73076816},{"ltp":2.04,"id":20343075}]}]}
{"op":"mcm","clk":"11969353330","pt":1725062217976,"mc":[{"id":"1.232419454","rc":[{"ltp":1.94,"id":73076816}]}]}
{"op":"mcm","clk":"11969356097","pt":1725062277904,"mc":[{"id":"1.232419454","rc":[{"ltp":2.06,"id":20343075}]}]}
{"op":"mcm","clk":"11969359009","pt":1725062337802,"mc":[{"id":"1.232419454","rc":[{"ltp":1.95,"id":73076816},{"ltp":2.04,"id":20343075}]}]}
{"op":"mcm","clk":"11969362104","pt":1725062397879,"mc":[{"id":"1.232419454","rc":[{"ltp":2.0,"id":73076816},{"ltp":2.0,"id":20343075}]}]}
{"op":"mcm","clk":"11969365573","pt":1725062457908,"mc":[{"id":"1.232419454","rc":[{"ltp":2.08,"id":73076816},{"ltp":1.9,"id":20343075}]}]}
{"op":"mcm","clk":"11969369007","pt":1725062517967,"mc":[{"id":"1.232419454","rc":[{"ltp":2.18,"id":73076816},{"ltp":1.83,"id":20343075}]}]}
{"op":"mcm","clk":"11969374658","pt":1725062577947,"mc":[{"id":"1.232419454","rc":[{"ltp":2.14,"id":73076816},{"ltp":1.89,"id":20343075}]}]}
{"op":"mcm","clk":"11969378105","pt":1725062637981,"mc":[{"id":"1.232419454","rc":[{"ltp":2.1,"id":73076816},{"ltp":1.93,"id":20343075}]}]}
{"op":"mcm","clk":"11969381480","pt":1725062697958,"mc":[{"id":"1.232419454","rc":[{"ltp":2.16,"id":73076816},{"ltp":1.88,"id":20343075}]}]}
{"op":"mcm","clk":"11969384340","pt":1725062757931,"mc":[{"id":"1.232419454","rc":[{"ltp":2.06,"id":73076816},{"ltp":1.92,"id":20343075}]}]}
{"op":"mcm","clk":"11969387577","pt":1725062817989,"mc":[{"id":"1.232419454","rc":[{"ltp":2.46,"id":73076816},{"ltp":1.68,"id":20343075}]}]}
{"op":"mcm","clk":"11969390443","pt":1725062877797,"mc":[{"id":"1.232419454","rc":[{"ltp":2.5,"id":73076816},{"ltp":1.67,"id":20343075}]}]}
{"op":"mcm","clk":"11969393355","pt":1725062937976,"mc":[{"id":"1.232419454","rc":[{"ltp":2.68,"id":73076816},{"ltp":1.6,"id":20343075}]}]}
{"op":"mcm","clk":"11969396135","pt":1725062997928,"mc":[{"id":"1.232419454","rc":[{"ltp":2.66,"id":73076816}]}]}
{"op":"mcm","clk":"11969398813","pt":1725063057922,"mc":[{"id":"1.232419454","rc":[{"ltp":1.61,"id":20343075}]}]}
{"op":"mcm","clk":"11969401861","pt":1725063117935,"mc":[{"id":"1.232419454","rc":[{"ltp":2.78,"id":73076816},{"ltp":1.55,"id":20343075}]}]}
{"op":"mcm","clk":"11969419929","pt":1725063177986,"mc":[{"id":"1.232419454","rc":[{"ltp":2.48,"id":73076816},{"ltp":1.66,"id":20343075}]}]}
{"op":"mcm","clk":"11969423034","pt":1725063237987,"mc":[{"id":"1.232419454","rc":[{"ltp":1.67,"id":20343075}]}]}
{"op":"mcm","clk":"11969426203","pt":1725063297926,"mc":[{"id":"1.232419454","rc":[{"ltp":1.66,"id":20343075}]}]}
{"op":"mcm","clk":"11969428918","pt":1725063357912,"mc":[{"id":"1.232419454","rc":[{"ltp":2.58,"id":73076816},{"ltp":1.63,"id":20343075}]}]}
{"op":"mcm","clk":"11969431696","pt":1725063417982,"mc":[{"id":"1.232419454","rc":[{"ltp":2.74,"id":73076816},{"ltp":1.57,"id":20343075}]}]}
{"op":"mcm","clk":"11969437390","pt":1725063477948,"mc":[{"id":"1.232419454","rc":[{"ltp":2.68,"id":73076816},{"ltp":1.59,"id":20343075}]}]}
{"op":"mcm","clk":"11969440438","pt":1725063537718,"mc":[{"id":"1.232419454","rc":[{"ltp":2.72,"id":73076816},{"ltp":1.58,"id":20343075}]}]}
{"op":"mcm","clk":"11969446391","pt":1725063657956,"mc":[{"id":"1.232419454","rc":[{"ltp":2.6,"id":73076816},{"ltp":1.63,"id":20343075}]}]}
{"op":"mcm","clk":"11969449449","pt":1725063717918,"mc":[{"id":"1.232419454","rc":[{"ltp":2.48,"id":73076816},{"ltp":1.67,"id":20343075}]}]}
{"op":"mcm","clk":"11969452339","pt":1725063777772,"mc":[{"id":"1.232419454","rc":[{"ltp":2.36,"id":73076816},{"ltp":1.73,"id":20343075}]}]}
{"op":"mcm","clk":"11969455269","pt":1725063837979,"mc":[{"id":"1.232419454","rc":[{"ltp":2.4,"id":73076816},{"ltp":1.71,"id":20343075}]}]}
{"op":"mcm","clk":"11969457769","pt":1725063897909,"mc":[{"id":"1.232419454","rc":[{"ltp":2.5,"id":73076816},{"ltp":1.7,"id":20343075}]}]}
{"op":"mcm","clk":"11969460437","pt":1725063957895,"mc":[{"id":"1.232419454","rc":[{"ltp":2.4,"id":73076816}]}]}
{"op":"mcm","clk":"11969463198","pt":1725064017840,"mc":[{"id":"1.232419454","rc":[{"ltp":2.38,"id":73076816},{"ltp":1.73,"id":20343075}]}]}
{"op":"mcm","clk":"11969465925","pt":1725064077937,"mc":[{"id":"1.232419454","rc":[{"ltp":2.5,"id":73076816},{"ltp":1.65,"id":20343075}]}]}
{"op":"mcm","clk":"11969468910","pt":1725064137903,"mc":[{"id":"1.232419454","rc":[{"ltp":2.3,"id":73076816},{"ltp":1.77,"id":20343075}]}]}
{"op":"mcm","clk":"11969471651","pt":1725064197290,"mc":[{"id":"1.232419454","rc":[{"ltp":2.24,"id":73076816},{"ltp":1.81,"id":20343075}]}]}
{"op":"mcm","clk":"11969474560","pt":1725064257974,"mc":[{"id":"1.232419454","rc":[{"ltp":2.14,"id":73076816},{"ltp":1.87,"id":20343075}]}]}
{"op":"mcm","clk":"11969480053","pt":1725064377493,"mc":[{"id":"1.232419454","rc":[{"ltp":2.2,"id":73076816},{"ltp":1.82,"id":20343075}]}]}
{"op":"mcm","clk":"11969482512","pt":1725064437986,"mc":[{"id":"1.232419454","rc":[{"ltp":2.1,"id":73076816},{"ltp":1.9,"id":20343075}]}]}
{"op":"mcm","clk":"11969485070","pt":1725064497954,"mc":[{"id":"1.232419454","rc":[{"ltp":2.16,"id":73076816},{"ltp":1.86,"id":20343075}]}]}
{"op":"mcm","clk":"11969487881","pt":1725064557920,"mc":[{"id":"1.232419454","rc":[{"ltp":2.24,"id":73076816},{"ltp":1.81,"id":20343075}]}]}
{"op":"mcm","clk":"11969490558","pt":1725064617949,"mc":[{"id":"1.232419454","rc":[{"ltp":1.8,"id":20343075}]}]}
{"op":"mcm","clk":"11969493079","pt":1725064677743,"mc":[{"id":"1.232419454","rc":[{"ltp":2.28,"id":73076816},{"ltp":1.78,"id":20343075}]}]}
{"op":"mcm","clk":"11969495492","pt":1725064737915,"mc":[{"id":"1.232419454","rc":[{"ltp":1.77,"id":20343075}]}]}
{"op":"mcm","clk":"11969497874","pt":1725064797982,"mc":[{"id":"1.232419454","rc":[{"ltp":2.34,"id":73076816},{"ltp":1.74,"id":20343075}]}]}
{"op":"mcm","clk":"11969500437","pt":1725064856946,"mc":[{"id":"1.232419454","rc":[{"ltp":2.36,"id":73076816}]}]}
{"op":"mcm","clk":"11969503016","pt":1725064917847,"mc":[{"id":"1.232419454","rc":[{"ltp":2.32,"id":73076816},{"ltp":1.76,"id":20343075}]}]}
{"op":"mcm","clk":"11969505431","pt":1725064977717,"mc":[{"id":"1.232419454","rc":[{"ltp":2.34,"id":73076816},{"ltp":1.74,"id":20343075}]}]}
{"op":"mcm","clk":"11969507736","pt":1725065037701,"mc":[{"id":"1.232419454","rc":[{"ltp":1.75,"id":20343075}]}]}
{"op":"mcm","clk":"11969510255","pt":1725065097979,"mc":[{"id":"1.232419454","rc":[{"ltp":1.73,"id":20343075}]}]}
{"op":"mcm","clk":"11969512728","pt":1725065157815,"mc":[{"id":"1.232419454","rc":[{"ltp":2.32,"id":73076816},{"ltp":1.74,"id":20343075}]}]}
{"op":"mcm","clk":"11969515413","pt":1725065217801,"mc":[{"id":"1.232419454","rc":[{"ltp":2.34,"id":73076816},{"ltp":1.75,"id":20343075}]}]}
{"op":"mcm","clk":"11969520627","pt":1725065337424,"mc":[{"id":"1.232419454","rc":[{"ltp":2.38,"id":73076816},{"ltp":1.72,"id":20343075}]}]}
{"op":"mcm","clk":"11969527727","pt":1725065517745,"mc":[{"id":"1.232419454","rc":[{"ltp":2.42,"id":73076816},{"ltp":1.7,"id":20343075}]}]}
{"op":"mcm","clk":"11969530080","pt":1725065577213,"mc":[{"id":"1.232419454","rc":[{"ltp":1.71,"id":20343075}]}]}
{"op":"mcm","clk":"11969532745","pt":1725065637827,"mc":[{"id":"1.232419454","rc":[{"ltp":2.34,"id":73076816},{"ltp":1.74,"id":20343075}]}]}
{"op":"mcm","clk":"11969535280","pt":1725065697897,"mc":[{"id":"1.232419454","rc":[{"ltp":2.22,"id":73076816},{"ltp":1.82,"id":20343075}]}]}
{"op":"mcm","clk":"11969537799","pt":1725065757970,"mc":[{"id":"1.232419454","rc":[{"ltp":2.46,"id":73076816},{"ltp":1.68,"id":20343075}]}]}
{"op":"mcm","clk":"11969540545","pt":1725065817876,"mc":[{"id":"1.232419454","rc":[{"ltp":2.22,"id":73076816},{"ltp":1.82,"id":20343075}]}]}
{"op":"mcm","clk":"11969543321","pt":1725065877912,"mc":[{"id":"1.232419454","rc":[{"ltp":2.2,"id":73076816}]}]}
{"op":"mcm","clk":"11969546402","pt":1725065937970,"mc":[{"id":"1.232419454","rc":[{"ltp":2.14,"id":73076816},{"ltp":1.86,"id":20343075}]}]}
{"op":"mcm","clk":"11969549399","pt":1725065997826,"mc":[{"id":"1.232419454","rc":[{"ltp":2.04,"id":73076816},{"ltp":1.94,"id":20343075}]}]}
{"op":"mcm","clk":"11969552611","pt":1725066057973,"mc":[{"id":"1.232419454","rc":[{"ltp":2.14,"id":73076816},{"ltp":1.86,"id":20343075}]}]}
{"op":"mcm","clk":"11969555800","pt":1725066117877,"mc":[{"id":"1.232419454","rc":[{"ltp":2.12,"id":73076816},{"ltp":1.88,"id":20343075}]}]}
{"op":"mcm","clk":"11969558626","pt":1725066177917,"mc":[{"id":"1.232419454","rc":[{"ltp":2.1,"id":73076816},{"ltp":1.92,"id":20343075}]}]}
{"op":"mcm","clk":"11969561120","pt":1725066237975,"mc":[{"id":"1.232419454","rc":[{"ltp":2.22,"id":73076816},{"ltp":1.81,"id":20343075}]}]}
{"op":"mcm","clk":"11969563614","pt":1725066297950,"mc":[{"id":"1.232419454","rc":[{"ltp":2.24,"id":73076816}]}]}
{"op":"mcm","clk":"11969566186","pt":1725066357983,"mc":[{"id":"1.232419454","rc":[{"ltp":2.22,"id":73076816}]}]}
{"op":"mcm","clk":"11969568842","pt":1725066417974,"mc":[{"id":"1.232419454","rc":[{"ltp":2.24,"id":73076816},{"ltp":1.8,"id":20343075}]}]}
{"op":"mcm","clk":"11969571460","pt":1725066477908,"mc":[{"id":"1.232419454","rc":[{"ltp":2.38,"id":73076816},{"ltp":1.72,"id":20343075}]}]}
{"op":"mcm","clk":"11969574127","pt":1725066537903,"mc":[{"id":"1.232419454","rc":[{"ltp":2.6,"id":73076816},{"ltp":1.62,"id":20343075}]}]}
{"op":"mcm","clk":"11969576929","pt":1725066597938,"mc":[{"id":"1.232419454","rc":[{"ltp":2.68,"id":73076816},{"ltp":1.58,"id":20343075}]}]}
{"op":"mcm","clk":"11969579695","pt":1725066657910,"mc":[{"id":"1.232419454","rc":[{"ltp":2.92,"id":73076816},{"ltp":1.53,"id":20343075}]}]}
{"op":"mcm","clk":"11969582465","pt":1725066717980,"mc":[{"id":"1.232419454","rc":[{"ltp":2.88,"id":73076816},{"ltp":1.54,"id":20343075}]}]}
{"op":"mcm","clk":"11969585265","pt":1725066777972,"mc":[{"id":"1.232419454","rc":[{"ltp":3.5,"id":73076816},{"ltp":1.4,"id":20343075}]}]}
{"op":"mcm","clk":"11969588086","pt":1725066837944,"mc":[{"id":"1.232419454","rc":[{"ltp":2.86,"id":73076816},{"ltp":1.6,"id":20343075}]}]}
{"op":"mcm","clk":"11969591042","pt":1725066897963,"mc":[{"id":"1.232419454","rc":[{"ltp":2.34,"id":73076816},{"ltp":1.76,"id":20343075}]}]}
{"op":"mcm","clk":"11969594114","pt":1725066957957,"mc":[{"id":"1.232419454","rc":[{"ltp":2.32,"id":73076816},{"ltp":1.74,"id":20343075}]}]}
{"op":"mcm","clk":"11969596899","pt":1725067017827,"mc":[{"id":"1.232419454","rc":[{"ltp":2.3,"id":73076816},{"ltp":1.76,"id":20343075}]}]}
{"op":"mcm","clk":"11969599540","pt":1725067077957,"mc":[{"id":"1.232419454","rc":[{"ltp":2.28,"id":73076816},{"ltp":1.79,"id":20343075}]}]}
{"op":"mcm","clk":"11969602022","pt":1725067137822,"mc":[{"id":"1.232419454","rc":[{"ltp":1.93,"id":73076816},{"ltp":2.04,"id":20343075}]}]}
{"op":"mcm","clk":"11969604484","pt":1725067197992,"mc":[{"id":"1.232419454","rc":[{"ltp":2.12,"id":73076816},{"ltp":1.9,"id":20343075}]}]}
{"op":"mcm","clk":"11969607526","pt":1725067257903,"mc":[{"id":"1.232419454","rc":[{"ltp":1.97,"id":73076816},{"ltp":2.02,"id":20343075}]}]}
{"op":"mcm","clk":"11969610339","pt":1725067317943,"mc":[{"id":"1.232419454","rc":[{"ltp":1.95,"id":73076816},{"ltp":2.06,"id":20343075}]}]}
{"op":"mcm","clk":"11969613209","pt":1725067377907,"mc":[{"id":"1.232419454","rc":[{"ltp":1.91,"id":73076816},{"ltp":2.12,"id":20343075}]}]}
{"op":"mcm","clk":"11969615945","pt":1725067437986,"mc":[{"id":"1.232419454","rc":[{"ltp":1.9,"id":73076816},{"ltp":2.1,"id":20343075}]}]}
{"op":"mcm","clk":"11969618865","pt":1725067497766,"mc":[{"id":"1.232419454","rc":[{"ltp":2.04,"id":73076816},{"ltp":1.86,"id":20343075}]}]}
{"op":"mcm","clk":"11969622009","pt":1725067557926,"mc":[{"id":"1.232419454","rc":[{"ltp":2.06,"id":73076816},{"ltp":1.93,"id":20343075}]}]}
{"op":"mcm","clk":"11969624937","pt":1725067617901,"mc":[{"id":"1.232419454","rc":[{"ltp":2.02,"id":73076816},{"ltp":1.98,"id":20343075}]}]}
{"op":"mcm","clk":"11969627850","pt":1725067677792,"mc":[{"id":"1.232419454","rc":[{"ltp":2.04,"id":73076816},{"ltp":1.96,"id":20343075}]}]}
{"op":"mcm","clk":"11969631136","pt":1725067737930,"mc":[{"id":"1.232419454","rc":[{"ltp":1.95,"id":73076816},{"ltp":2.06,"id":20343075}]}]}
{"op":"mcm","clk":"11969634127","pt":1725067797939,"mc":[{"id":"1.232419454","rc":[{"ltp":2.4,"id":73076816},{"ltp":1.71,"id":20343075}]}]}
{"op":"mcm","clk":"11969637983","pt":1725067857916,"mc":[{"id":"1.232419454","rc":[{"ltp":2.46,"id":73076816},{"ltp":1.69,"id":20343075}]}]}
{"op":"mcm","clk":"11969641383","pt":1725067917959,"mc":[{"id":"1.232419454","rc":[{"ltp":2.36,"id":73076816},{"ltp":1.73,"id":20343075}]}]}
{"op":"mcm","clk":"11969644591","pt":1725067977929,"mc":[{"id":"1.232419454","rc":[{"ltp":2.24,"id":73076816},{"ltp":1.8,"id":20343075}]}]}
{"op":"mcm","clk":"11969647671","pt":1725068037993,"mc":[{"id":"1.232419454","rc":[{"ltp":2.28,"id":73076816},{"ltp":1.79,"id":20343075}]}]}
{"op":"mcm","clk":"11969650730","pt":1725068097971,"mc":[{"id":"1.232419454","rc":[{"ltp":2.36,"id":73076816},{"ltp":1.78,"id":20343075}]}]}
{"op":"mcm","clk":"11969654123","pt":1725068157933,"mc":[{"id":"1.232419454","rc":[{"ltp":2.34,"id":73076816},{"ltp":1.74,"id":20343075}]}]}
{"op":"mcm","clk":"11969657426","pt":1725068217860,"mc":[{"id":"1.232419454","rc":[{"ltp":1.75,"id":20343075}]}]}
{"op":"mcm","clk":"11969660505","pt":1725068277960,"mc":[{"id":"1.232419454","rc":[{"ltp":1.72,"id":73076816},{"ltp":2.38,"id":20343075}]}]}
{"op":"mcm","clk":"11969663734","pt":1725068337934,"mc":[{"id":"1.232419454","rc":[{"ltp":1.63,"id":73076816},{"ltp":2.56,"id":20343075}]}]}
{"op":"mcm","clk":"11969667155","pt":1725068397895,"mc":[{"id":"1.232419454","rc":[{"ltp":1.66,"id":73076816},{"ltp":2.48,"id":20343075}]}]}
{"op":"mcm","clk":"11969670386","pt":1725068457975,"mc":[{"id":"1.232419454","rc":[{"ltp":1.69,"id":73076816},{"ltp":2.44,"id":20343075}]}]}
{"op":"mcm","clk":"11969676394","pt":1725068517893,"mc":[{"id":"1.232419454","rc":[{"ltp":1.74,"id":73076816},{"ltp":2.36,"id":20343075}]}]}
{"op":"mcm","clk":"11969695077","pt":1725068577973,"mc":[{"id":"1.232419454","rc":[{"ltp":1.67,"id":73076816},{"ltp":2.48,"id":20343075}]}]}
{"op":"mcm","clk":"11969698642","pt":1725068637935,"mc":[{"id":"1.232419454","rc":[{"ltp":1.64,"id":73076816},{"ltp":2.58,"id":20343075}]}]}
{"op":"mcm","clk":"11969701881","pt":1725068697840,"mc":[{"id":"1.232419454","rc":[{"ltp":1.59,"id":73076816},{"ltp":2.68,"id":20343075}]}]}
{"op":"mcm","clk":"11969705117","pt":1725068757990,"mc":[{"id":"1.232419454","rc":[{"ltp":1.61,"id":73076816},{"ltp":2.62,"id":20343075}]}]}
{"op":"mcm","clk":"11969711555","pt":1725068877808,"mc":[{"id":"1.232419454","rc":[{"ltp":1.68,"id":73076816},{"ltp":2.46,"id":20343075}]}]}
{"op":"mcm","clk":"11969714831","pt":1725068937896,"mc":[{"id":"1.232419454","rc":[{"ltp":1.34,"id":73076816},{"ltp":3.95,"id":20343075}]}]}
{"op":"mcm","clk":"11969717899","pt":1725068997952,"mc":[{"id":"1.232419454","rc":[{"ltp":1.36,"id":73076816},{"ltp":3.8,"id":20343075}]}]}
{"op":"mcm","clk":"11969720893","pt":1725069057858,"mc":[{"id":"1.232419454","rc":[{"ltp":1.35,"id":73076816},{"ltp":3.85,"id":20343075}]}]}
{"op":"mcm","clk":"11969723503","pt":1725069117921,"mc":[{"id":"1.232419454","rc":[{"ltp":1.37,"id":73076816},{"ltp":3.7,"id":20343075}]}]}
{"op":"mcm","clk":"11969726525","pt":1725069177912,"mc":[{"id":"1.232419454","rc":[{"ltp":1.35,"id":73076816},{"ltp":3.85,"id":20343075}]}]}
{"op":"mcm","clk":"11969732477","pt":1725069297925,"mc":[{"id":"1.232419454","rc":[{"ltp":1.43,"id":73076816},{"ltp":3.55,"id":20343075}]}]}
{"op":"mcm","clk":"11969735539","pt":1725069357802,"mc":[{"id":"1.232419454","rc":[{"ltp":1.4,"id":73076816},{"ltp":3.4,"id":20343075}]}]}
{"op":"mcm","clk":"11969738681","pt":1725069417990,"mc":[{"id":"1.232419454","rc":[{"ltp":1.36,"id":73076816},{"ltp":3.9,"id":20343075}]}]}
{"op":"mcm","clk":"11969741270","pt":1725069477874,"mc":[{"id":"1.232419454","rc":[{"ltp":1.39,"id":73076816},{"ltp":3.6,"id":20343075}]}]}
{"op":"mcm","clk":"11969744134","pt":1725069537923,"mc":[{"id":"1.232419454","rc":[{"ltp":1.42,"id":73076816},{"ltp":3.35,"id":20343075}]}]}
{"op":"mcm","clk":"11969746673","pt":1725069597994,"mc":[{"id":"1.232419454","rc":[{"ltp":1.68,"id":73076816},{"ltp":2.48,"id":20343075}]}]}
{"op":"mcm","clk":"11969750831","pt":1725069657978,"mc":[{"id":"1.232419454","rc":[{"ltp":1.59,"id":73076816},{"ltp":2.7,"id":20343075}]}]}
{"op":"mcm","clk":"11969758299","pt":1725069777918,"mc":[{"id":"1.232419454","rc":[{"ltp":1.28,"id":73076816},{"ltp":4.4,"id":20343075}]}]}
{"op":"mcm","clk":"11969761954","pt":1725069837978,"mc":[{"id":"1.232419454","rc":[{"ltp":1.27,"id":73076816},{"ltp":4.7,"id":20343075}]}]}
{"op":"mcm","clk":"11969765449","pt":1725069897936,"mc":[{"id":"1.232419454","rc":[{"ltp":1.24,"id":73076816},{"ltp":5.1,"id":20343075}]}]}
{"op":"mcm","clk":"11969768746","pt":1725069957841,"mc":[{"id":"1.232419454","rc":[{"ltp":5.5,"id":20343075}]}]}
{"op":"mcm","clk":"11969772527","pt":1725070017903,"mc":[{"id":"1.232419454","rc":[{"ltp":1.23,"id":73076816},{"ltp":5.3,"id":20343075}]}]}
{"op":"mcm","clk":"11969776026","pt":1725070077932,"mc":[{"id":"1.232419454","rc":[{"ltp":1.27,"id":73076816},{"ltp":4.8,"id":20343075}]}]}
{"op":"mcm","clk":"11969779408","pt":1725070137951,"mc":[{"id":"1.232419454","rc":[{"ltp":1.2,"id":73076816},{"ltp":6.0,"id":20343075}]}]}
{"op":"mcm","clk":"11969783059","pt":1725070197933,"mc":[{"id":"1.232419454","rc":[{"ltp":1.14,"id":73076816},{"ltp":8.0,"id":20343075}]}]}
{"op":"mcm","clk":"11969786900","pt":1725070257905,"mc":[{"id":"1.232419454","rc":[{"ltp":1.09,"id":73076816},{"ltp":12.0,"id":20343075}]}]}
{"op":"mcm","clk":"11969793796","pt":1725070377931,"mc":[{"id":"1.232419454","rc":[{"ltp":1.28,"id":73076816},{"ltp":4.6,"id":20343075}]}]}
{"op":"mcm","clk":"11969797005","pt":1725070437913,"mc":[{"id":"1.232419454","rc":[{"ltp":1.41,"id":73076816},{"ltp":3.45,"id":20343075}]}]}
{"op":"mcm","clk":"11969800238","pt":1725070497975,"mc":[{"id":"1.232419454","rc":[{"ltp":1.15,"id":73076816},{"ltp":7.6,"id":20343075}]}]}
{"op":"mcm","clk":"11969803575","pt":1725070557975,"mc":[{"id":"1.232419454","rc":[{"ltp":1.13,"id":73076816},{"ltp":8.6,"id":20343075}]}]}
{"op":"mcm","clk":"11969806867","pt":1725070617936,"mc":[{"id":"1.232419454","rc":[{"ltp":1.06,"id":73076816},{"ltp":15.0,"id":20343075}]}]}
{"op":"mcm","clk":"11969810236","pt":1725070677910,"mc":[{"id":"1.232419454","rc":[{"ltp":1.09,"id":73076816},{"ltp":13.5,"id":20343075}]}]}
{"op":"mcm","clk":"11969813433","pt":1725070737956,"mc":[{"id":"1.232419454","rc":[{"ltp":1.24,"id":73076816},{"ltp":5.0,"id":20343075}]}]}
{"op":"mcm","clk":"11969816451","pt":1725070797926,"mc":[{"id":"1.232419454","rc":[{"ltp":1.18,"id":73076816},{"ltp":6.8,"id":20343075}]}]}
{"op":"mcm","clk":"11969819201","pt":1725070857944,"mc":[{"id":"1.232419454","rc":[{"ltp":1.15,"id":73076816},{"ltp":7.6,"id":20343075}]}]}
{"op":"mcm","clk":"11969821861","pt":1725070917989,"mc":[{"id":"1.232419454","rc":[{"ltp":1.23,"id":73076816},{"ltp":5.4,"id":20343075}]}]}
{"op":"mcm","clk":"11969824454","pt":1725070977849,"mc":[{"id":"1.232419454","rc":[{"ltp":1.17,"id":73076816},{"ltp":7.0,"id":20343075}]}]}
{"op":"mcm","clk":"11969827114","pt":1725071037959,"mc":[{"id":"1.232419454","rc":[{"ltp":1.35,"id":73076816},{"ltp":3.85,"id":20343075}]}]}
{"op":"mcm","clk":"11969829993","pt":1725071097923,"mc":[{"id":"1.232419454","rc":[{"ltp":1.38,"id":73076816},{"ltp":3.65,"id":20343075}]}]}
{"op":"mcm","clk":"11969832935","pt":1725071157913,"mc":[{"id":"1.232419454","rc":[{"ltp":1.39,"id":73076816},{"ltp":3.55,"id":20343075}]}]}
{"op":"mcm","clk":"11969835663","pt":1725071217983,"mc":[{"id":"1.232419454","rc":[{"ltp":1.15,"id":73076816},{"ltp":6.2,"id":20343075}]}]}
{"op":"mcm","clk":"11969838485","pt":1725071277854,"mc":[{"id":"1.232419454","rc":[{"ltp":1.14,"id":73076816},{"ltp":8.2,"id":20343075}]}]}
{"op":"mcm","clk":"11969841327","pt":1725071337927,"mc":[{"id":"1.232419454","rc":[{"ltp":8.0,"id":20343075}]}]}
{"op":"mcm","clk":"11969844273","pt":1725071397904,"mc":[{"id":"1.232419454","rc":[{"ltp":1.04,"id":73076816},{"ltp":26.0,"id":20343075}]}]}
{"op":"mcm","clk":"11969847415","pt":1725071457989,"mc":[{"id":"1.232419454","rc":[{"ltp":1.21,"id":73076816},{"ltp":5.8,"id":20343075}]}]}
{"op":"mcm","clk":"11969850361","pt":1725071517818,"mc":[{"id":"1.232419454","rc":[{"ltp":1.28,"id":73076816},{"ltp":4.1,"id":20343075}]}]}
{"op":"mcm","clk":"11969853450","pt":1725071577910,"mc":[{"id":"1.232419454","rc":[{"ltp":1.51,"id":73076816},{"ltp":2.96,"id":20343075}]}]}
{"op":"mcm","clk":"11969856416","pt":1725071637946,"mc":[{"id":"1.232419454","rc":[{"ltp":1.17,"id":73076816},{"ltp":6.8,"id":20343075}]}]}
{"op":"mcm","clk":"11969859434","pt":1725071697904,"mc":[{"id":"1.232419454","rc":[{"ltp":1.32,"id":73076816},{"ltp":4.0,"id":20343075}]}]}
{"op":"mcm","clk":"11969862507","pt":1725071756541,"mc":[{"id":"1.232419454","marketDefinition":{"bspMarket":false,"turnInPlayEnabled":true,"persistenceEnabled":true,"marketBaseRate":5.0,"eventId":"33537100","eventTypeId":"4","numberOfWinners":1,"bettingType":"ODDS","marketType":"MATCH_ODDS","marketTime":"2024-08-30T23:00:00.000Z","suspendTime":"2024-08-30T23:00:00.000Z","bspReconciled":false,"complete":true,"inPlay":true,"crossMatching":true,"runnersVoidable":false,"numberOfActiveRunners":2,"betDelay":5,"status":"SUSPENDED","runners":[{"status":"ACTIVE","sortPriority":1,"id":73076816,"name":"Antigua And Barbuda Falcons"},{"status":"ACTIVE","sortPriority":2,"id":20343075,"name":"Guyana Amazon Warriors"}],"regulators":["MR_INT"],"countryCode":"GB","discountAllowed":true,"timezone":"GMT","openDate":"2024-08-30T23:00:00.000Z","version":6109270683,"name":"Match Odds","eventName":"Antigua And Barbuda Falcons v Guyana Amazon Warrio"},"rc":[{"ltp":1000.0,"id":73076816},{"ltp":1.01,"id":20343075}]}]}
{"op":"mcm","clk":"11969871609","pt":1725071957471,"mc":[{"id":"1.232419454","marketDefinition":{"bspMarket":false,"turnInPlayEnabled":true,"persistenceEnabled":true,"marketBaseRate":5.0,"eventId":"33537100","eventTypeId":"4","numberOfWinners":1,"bettingType":"ODDS","marketType":"MATCH_ODDS","marketTime":"2024-08-30T23:00:00.000Z","suspendTime":"2024-08-30T23:00:00.000Z","bspReconciled":false,"complete":true,"inPlay":true,"crossMatching":false,"runnersVoidable":false,"numberOfActiveRunners":0,"betDelay":5,"status":"CLOSED","settledTime":"2024-08-31T02:37:51.000Z","runners":[{"status":"LOSER","sortPriority":1,"id":73076816,"name":"Antigua And Barbuda Falcons"},{"status":"WINNER","sortPriority":2,"id":20343075,"name":"Guyana Amazon Warriors"}],"regulators":["MR_INT"],"countryCode":"GB","discountAllowed":true,"timezone":"GMT","openDate":"2024-08-30T23:00:00.000Z","version":6109276430,"name":"Match Odds","eventName":"Antigua And Barbuda Falcons v Guyana Amazon Warrio"}}]}
