{"op":"mcm","clk":"11934290521","pt":1724327332773,"mc":[{"id":"1.232135506","marketDefinition":{"bspMarket":false,"turnInPlayEnabled":true,"persistenceEnabled":true,"marketBaseRate":5.0,"eventId":"33516557","eventTypeId":"4","numberOfWinners":1,"bettingType":"ODDS","marketType":"MATCH_ODDS","marketTime":"2024-08-22T23:00:00.000Z","suspendTime":"2024-08-22T23:00:00.000Z","bspReconciled":false,"complete":true,"inPlay":false,"crossMatching":true,"runnersVoidable":false,"numberOfActiveRunners":2,"betDelay":0,"status":"OPEN","runners":[{"status":"ACTIVE","sortPriority":1,"id":72963954,"name":"Trinidad Knight Riders W"},{"status":"ACTIVE","sortPriority":2,"id":47674067,"name":"Barbados Royals W"}],"regulators":["MR_INT"],"countryCode":"GB","discountAllowed":true,"timezone":"GMT","openDate":"2024-08-22T23:00:00.000Z","version":6090771174,"name":"Match Odds","eventName":"Trinidad Knight Riders W v Barbados Royals W"}}]}
{"op":"mcm","clk":"11934803635","pt":1724335847680,"mc":[{"id":"1.232135506","rc":[{"ltp":1.98,"id":47674067}]}]}
{"op":"mcm","clk":"11934808235","pt":1724335905865,"mc":[{"id":"1.232135506","rc":[{"ltp":1.99,"id":47674067}]}]}
{"op":"mcm","clk":"11935116186","pt":1724339509293,"mc":[{"id":"1.232135506","rc":[{"ltp":1.71,"id":47674067},{"ltp":2.42,"id":72963954}]}]}
{"op":"mcm","clk":"11935180813","pt":1724340106663,"mc":[{"id":"1.232135506","rc":[{"ltp":1.94,"id":47674067}]}]}
{"op":"mcm","clk":"11935252636","pt":1724340820180,"mc":[{"id":"1.232135506","rc":[{"ltp":1.69,"id":47674067}]}]}
{"op":"mcm","clk":"11935370266","pt":1724341843385,"mc":[{"id":"1.232135506","rc":[{"ltp":2.44,"id":72963954}]}]}
{"op":"mcm","clk":"11935729817","pt":1724344609032,"mc":[{"id":"1.232135506","rc":[{"ltp":1.67,"id":47674067}]}]}
{"op":"mcm","clk":"11935898809","pt":1724345728207,"mc":[{"id":"1.232135506","rc":[{"ltp":1.74,"id":47674067}]}]}
{"op":"mcm","clk":"11936016867","pt":1724346439171,"mc":[{"id":"1.232135506","rc":[{"ltp":1.73,"id":47674067},{"ltp":2.36,"id":72963954}]}]}
{"op":"mcm","clk":"11936046813","pt":1724346606787,"mc":[{"id":"1.232135506","rc":[{"ltp":1.69,"id":47674067},{"ltp":2.44,"id":72963954}]}]}
{"op":"mcm","clk":"11936160631","pt":1724347184074,"mc":[{"id":"1.232135506","rc":[{"ltp":1.68,"id":47674067},{"ltp":2.46,"id":72963954}]}]}
{"op":"mcm","clk":"11936186999","pt":1724347338859,"mc":[{"id":"1.232135506","rc":[{"ltp":1.73,"id":47674067},{"ltp":2.36,"id":72963954}]}]}
{"op":"mcm","clk":"11936240866","pt":1724347660311,"mc":[{"id":"1.232135506","rc":[{"ltp":2.46,"id":72963954}]}]}
{"op":"mcm","clk":"11936320324","pt":1724348148704,"mc":[{"id":"1.232135506","rc":[{"ltp":2.36,"id":72963954}]}]}
{"op":"mcm","clk":"11936325531","pt":1724348178752,"mc":[{"id":"1.232135506","rc":[{"ltp":1.69,"id":47674067}]}]}
{"op":"mcm","clk":"11936338008","pt":1724348248557,"mc":[{"id":"1.232135506","rc":[{"ltp":1.65,"id":47674067},{"ltp":2.5,"id":72963954}]}]}
{"op":"mcm","clk":"11936350723","pt":1724348322203,"mc":[{"id":"1.232135506","rc":[{"ltp":1.69,"id":47674067},{"ltp":2.44,"id":72963954}]}]}
{"op":"mcm","clk":"11936381932","pt":1724348504312,"mc":[{"id":"1.232135506","rc":[{"ltp":1.68,"id":47674067},{"ltp":2.48,"id":72963954}]}]}
{"op":"mcm","clk":"11936395073","pt":1724348581417,"mc":[{"id":"1.232135506","rc":[{"ltp":2.46,"id":72963954}]}]}
{"op":"mcm","clk":"11936460461","pt":1724348988616,"mc":[{"id":"1.232135506","rc":[{"ltp":1.69,"id":47674067},{"ltp":2.44,"id":72963954}]}]}
{"op":"mcm","clk":"11936484119","pt":1724349147799,"mc":[{"id":"1.232135506","rc":[{"ltp":1.68,"id":47674067},{"ltp":2.48,"id":72963954}]}]}
{"op":"mcm","clk":"11936502291","pt":1724349288069,"mc":[{"id":"1.232135506","rc":[{"ltp":2.52,"id":72963954}]}]}
{"op":"mcm","clk":"11936517336","pt":1724349402674,"mc":[{"id":"1.232135506","rc":[{"ltp":2.46,"id":72963954}]}]}
{"op":"mcm","clk":"11936542070","pt":1724349587973,"mc":[{"id":"1.232135506","rc":[{"ltp":1.69,"id":47674067},{"ltp":2.5,"id":72963954}]}]}
{"op":"mcm","clk":"11936550590","pt":1724349647572,"mc":[{"id":"1.232135506","rc":[{"ltp":2.46,"id":72963954}]}]}
{"op":"mcm","clk":"11936585091","pt":1724349887539,"mc":[{"id":"1.232135506","rc":[{"ltp":1.66,"id":47674067}]}]}
{"op":"mcm","clk":"11936612923","pt":1724350068723,"mc":[{"id":"1.232135506","rc":[{"ltp":1.68,"id":47674067}]}]}
{"op":"mcm","clk":"11936687337","pt":1724350548308,"mc":[{"id":"1.232135506","rc":[{"ltp":1.66,"id":47674067}]}]}
{"op":"mcm","clk":"11936697048","pt":1724350609065,"mc":[{"id":"1.232135506","rc":[{"ltp":2.52,"id":72963954}]}]}
{"op":"mcm","clk":"11936704151","pt":1724350654706,"mc":[{"id":"1.232135506","rc":[{"ltp":1.67,"id":47674067},{"ltp":2.48,"id":72963954}]}]}
{"op":"mcm","clk":"11936714433","pt":1724350727033,"mc":[{"id":"1.232135506","rc":[{"ltp":2.5,"id":72963954}]}]}
{"op":"mcm","clk":"11936732492","pt":1724350849493,"mc":[{"id":"1.232135506","rc":[{"ltp":1.66,"id":47674067}]}]}
{"op":"mcm","clk":"11936748871","pt":1724350960130,"mc":[{"id":"1.232135506","rc":[{"ltp":1.67,"id":47674067}]}]}
{"op":"mcm","clk":"11936774380","pt":1724351144920,"mc":[{"id":"1.232135506","rc":[{"ltp":1.66,"id":47674067}]}]}
{"op":"mcm","clk":"11936789092","pt":1724351256870,"mc":[{"id":"1.232135506","rc":[{"ltp":2.48,"id":72963954}]}]}
{"op":"mcm","clk":"11936804861","pt":1724351368781,"mc":[{"id":"1.232135506","rc":[{"ltp":1.67,"id":47674067}]}]}
{"op":"mcm","clk":"11936825012","pt":1724351506219,"mc":[{"id":"1.232135506","rc":[{"ltp":1.68,"id":47674067}]}]}
{"op":"mcm","clk":"11936834613","pt":1724351566212,"mc":[{"id":"1.232135506","rc":[{"ltp":1.67,"id":47674067}]}]}
{"op":"mcm","clk":"11936844630","pt":1724351629680,"mc":[{"id":"1.232135506","rc":[{"ltp":1.65,"id":47674067},{"ltp":2.52,"id":72963954}]}]}
{"op":"mcm","clk":"11936851068","pt":1724351672839,"mc":[{"id":"1.232135506","rc":[{"ltp":2.48,"id":72963954}]}]}
{"op":"mcm","clk":"11936861628","pt":1724351746784,"mc":[{"id":"1.232135506","rc":[{"ltp":2.52,"id":72963954}]}]}
{"op":"mcm","clk":"11936869990","pt":1724351804036,"mc":[{"id":"1.232135506","rc":[{"ltp":2.56,"id":72963954}]}]}
{"op":"mcm","clk":"11936878596","pt":1724351866687,"mc":[{"id":"1.232135506","rc":[{"ltp":2.54,"id":72963954}]}]}
{"op":"mcm","clk":"11936886144","pt":1724351919407,"mc":[{"id":"1.232135506","rc":[{"ltp":1.66,"id":47674067}]}]}
{"op":"mcm","clk":"11936954975","pt":1724352281708,"mc":[{"id":"1.232135506","rc":[{"ltp":2.48,"id":72963954}]}]}
{"op":"mcm","clk":"11936962142","pt":1724352327476,"mc":[{"id":"1.232135506","rc":[{"ltp":1.67,"id":47674067}]}]}
{"op":"mcm","clk":"11936979343","pt":1724352435849,"mc":[{"id":"1.232135506","rc":[{"ltp":2.46,"id":72963954}]}]}
{"op":"mcm","clk":"11937010711","pt":1724352642635,"mc":[{"id":"1.232135506","rc":[{"ltp":1.69,"id":47674067}]}]}
{"op":"mcm","clk":"11937017663","pt":1724352689803,"mc":[{"id":"1.232135506","rc":[{"ltp":2.44,"id":72963954}]}]}
{"op":"mcm","clk":"11937084097","pt":1724353207751,"mc":[{"id":"1.232135506","rc":[{"ltp":2.46,"id":72963954}]}]}
{"op":"mcm","clk":"11937108813","pt":1724353425009,"mc":[{"id":"1.232135506","rc":[{"ltp":1.68,"id":47674067}]}]}
{"op":"mcm","clk":"11937109637","pt":1724353432624,"mc":[{"id":"1.232135506","rc":[{"ltp":1.69,"id":47674067}]}]}
{"op":"mcm","clk":"11937179320","pt":1724354069916,"mc":[{"id":"1.232135506","rc":[{"ltp":1.68,"id":47674067}]}]}
{"op":"mcm","clk":"11937199752","pt":1724354269693,"mc":[{"id":"1.232135506","rc":[{"ltp":1.69,"id":47674067},{"ltp":2.44,"id":72963954}]}]}
{"op":"mcm","clk":"11937211341","pt":1724354389670,"mc":[{"id":"1.232135506","rc":[{"ltp":1.7,"id":47674067}]}]}
{"op":"mcm","clk":"11937249059","pt":1724354748796,"mc":[{"id":"1.232135506","rc":[{"ltp":2.42,"id":72963954}]}]}
{"op":"mcm","clk":"11937351247","pt":1724355827709,"mc":[{"id":"1.232135506","rc":[{"ltp":2.44,"id":72963954}]}]}
{"op":"mcm","clk":"11937356864","pt":1724355888656,"mc":[{"id":"1.232135506","rc":[{"ltp":1.74,"id":47674067},{"ltp":2.36,"id":72963954}]}]}
{"op":"mcm","clk":"11937362192","pt":1724355949209,"mc":[{"id":"1.232135506","rc":[{"ltp":1.82,"id":47674067},{"ltp":2.24,"id":72963954}]}]}
{"op":"mcm","clk":"11937367234","pt":1724356008448,"mc":[{"id":"1.232135506","rc":[{"ltp":1.84,"id":47674067},{"ltp":2.18,"id":72963954}]}]}
{"op":"mcm","clk":"11937372608","pt":1724356068400,"mc":[{"id":"1.232135506","rc":[{"ltp":1.81,"id":47674067},{"ltp":2.22,"id":72963954}]}]}
{"op":"mcm","clk":"11937378006","pt":1724356128974,"mc":[{"id":"1.232135506","rc":[{"ltp":2.24,"id":72963954}]}]}
{"op":"mcm","clk":"11937383282","pt":1724356188101,"mc":[{"id":"1.232135506","rc":[{"ltp":1.73,"id":47674067}]}]}
{"op":"mcm","clk":"11937389068","pt":1724356248935,"mc":[{"id":"1.232135506","rc":[{"ltp":1.74,"id":47674067}]}]}
{"op":"mcm","clk":"11937405087","pt":1724356429555,"mc":[{"id":"1.232135506","rc":[{"ltp":1.75,"id":47674067},{"ltp":2.34,"id":72963954}]}]}
{"op":"mcm","clk":"11937408098","pt":1724356466698,"mc":[{"id":"1.232135506","rc":[{"ltp":2.32,"id":72963954}]}]}
{"op":"mcm","clk":"11937425690","pt":1724356666863,"mc":[{"id":"1.232135506","rc":[{"ltp":1.71,"id":47674067},{"ltp":2.4,"id":72963954}]}]}
{"op":"mcm","clk":"11937431310","pt":1724356728180,"mc":[{"id":"1.232135506","rc":[{"ltp":1.7,"id":47674067}]}]}
{"op":"mcm","clk":"11937544123","pt":1724357983595,"mc":[{"id":"1.232135506","rc":[{"ltp":1.76,"id":47674067}]}]}
{"op":"mcm","clk":"11937556637","pt":1724358163010,"mc":[{"id":"1.232135506","rc":[{"ltp":1.77,"id":47674067}]}]}
{"op":"mcm","clk":"11937564700","pt":1724358287448,"mc":[{"id":"1.232135506","rc":[{"ltp":2.3,"id":72963954}]}]}
{"op":"mcm","clk":"11937581381","pt":1724358553087,"mc":[{"id":"1.232135506","rc":[{"ltp":1.72,"id":47674067},{"ltp":2.38,"id":72963954}]}]}
{"op":"mcm","clk":"11937596056","pt":1724358764878,"mc":[{"id":"1.232135506","rc":[{"ltp":1.74,"id":47674067}]}]}
{"op":"mcm","clk":"11937599724","pt":1724358817681,"mc":[{"id":"1.232135506","rc":[{"ltp":2.3,"id":72963954}]}]}
{"op":"mcm","clk":"11937604473","pt":1724358885538,"mc":[{"id":"1.232135506","rc":[{"ltp":1.73,"id":47674067},{"ltp":2.36,"id":72963954}]}]}
{"op":"mcm","clk":"11937609454","pt":1724358948171,"mc":[{"id":"1.232135506","rc":[{"ltp":1.77,"id":47674067},{"ltp":2.32,"id":72963954}]}]}
{"op":"mcm","clk":"11937633155","pt":1724359307949,"mc":[{"id":"1.232135506","rc":[{"ltp":2.26,"id":72963954}]}]}
{"op":"mcm","clk":"11937647855","pt":1724359546956,"mc":[{"id":"1.232135506","rc":[{"ltp":1.78,"id":47674067}]}]}
{"op":"mcm","clk":"11937668746","pt":1724359907649,"mc":[{"id":"1.232135506","rc":[{"ltp":1.79,"id":47674067}]}]}
{"op":"mcm","clk":"11937672579","pt":1724359969425,"mc":[{"id":"1.232135506","rc":[{"ltp":1.8,"id":47674067}]}]}
{"op":"mcm","clk":"11937679320","pt":1724360087858,"mc":[{"id":"1.232135506","rc":[{"ltp":1.78,"id":47674067},{"ltp":2.3,"id":72963954}]}]}
{"op":"mcm","clk":"11937697586","pt":1724360389318,"mc":[{"id":"1.232135506","rc":[{"ltp":2.26,"id":72963954}]}]}
{"op":"mcm","clk":"11937709430","pt":1724360623592,"mc":[{"id":"1.232135506","rc":[{"ltp":2.28,"id":72963954}]}]}
{"op":"mcm","clk":"11937793773","pt":1724362245064,"mc":[{"id":"1.232135506","rc":[{"ltp":1.73,"id":47674067}]}]}
{"op":"mcm","clk":"11937819764","pt":1724362719979,"mc":[{"id":"1.232135506","rc":[{"ltp":2.3,"id":72963954}]}]}
{"op":"mcm","clk":"11937879190","pt":1724363620236,"mc":[{"id":"1.232135506","rc":[{"ltp":2.38,"id":72963954}]}]}
{"op":"mcm","clk":"11937902469","pt":1724364103088,"mc":[{"id":"1.232135506","rc":[{"ltp":1.72,"id":47674067}]}]}
{"op":"mcm","clk":"11937911698","pt":1724364289158,"mc":[{"id":"1.232135506","rc":[{"ltp":1.73,"id":47674067}]}]}
{"op":"mcm","clk":"11937913670","pt":1724364330624,"mc":[{"id":"1.232135506","rc":[{"ltp":1.76,"id":47674067},{"ltp":2.32,"id":72963954}]}]}
{"op":"mcm","clk":"11937916809","pt":1724364393701,"mc":[{"id":"1.232135506","rc":[{"ltp":2.3,"id":72963954}]}]}
{"op":"mcm","clk":"11937920039","pt":1724364465774,"mc":[{"id":"1.232135506","rc":[{"ltp":1.78,"id":47674067}]}]}
{"op":"mcm","clk":"11937930180","pt":1724364647430,"mc":[{"id":"1.232135506","rc":[{"ltp":1.73,"id":47674067},{"ltp":2.36,"id":72963954}]}]}
{"op":"mcm","clk":"11937932480","pt":1724364692623,"mc":[{"id":"1.232135506","rc":[{"ltp":1.75,"id":47674067},{"ltp":2.32,"id":72963954}]}]}
{"op":"mcm","clk":"11937943139","pt":1724364889506,"mc":[{"id":"1.232135506","rc":[{"ltp":1.76,"id":47674067}]}]}
{"op":"mcm","clk":"11937946649","pt":1724364949167,"mc":[{"id":"1.232135506","rc":[{"ltp":1.75,"id":47674067}]}]}
{"op":"mcm","clk":"11937947543","pt":1724364965007,"mc":[{"id":"1.232135506","rc":[{"ltp":1.79,"id":47674067}]}]}
{"op":"mcm","clk":"11937968251","pt":1724365307477,"mc":[{"id":"1.232135506","rc":[{"ltp":2.28,"id":72963954}]}]}
{"op":"mcm","clk":"11937971358","pt":1724365353220,"mc":[{"id":"1.232135506","rc":[{"ltp":2.24,"id":72963954}]}]}
{"op":"mcm","clk":"11937989890","pt":1724365669528,"mc":[{"id":"1.232135506","rc":[{"ltp":1.7,"id":47674067},{"ltp":2.4,"id":72963954}]}]}
{"op":"mcm","clk":"11937992247","pt":1724365716588,"mc":[{"id":"1.232135506","rc":[{"ltp":2.42,"id":72963954}]}]}
{"op":"mcm","clk":"11937998277","pt":1724365844614,"mc":[{"id":"1.232135506","rc":[{"ltp":1.68,"id":47674067},{"ltp":2.46,"id":72963954}]}]}
{"op":"mcm","clk":"11938004115","pt":1724365968143,"mc":[{"id":"1.232135506","rc":[{"ltp":1.61,"id":47674067},{"ltp":2.6,"id":72963954}]}]}
{"op":"mcm","clk":"11938007234","pt":1724366028630,"mc":[{"id":"1.232135506","rc":[{"ltp":1.67,"id":47674067}]}]}
{"op":"mcm","clk":"11938013226","pt":1724366148747,"mc":[{"id":"1.232135506","rc":[{"ltp":1.65,"id":47674067},{"ltp":2.44,"id":72963954}]}]}
{"op":"mcm","clk":"11938019315","pt":1724366267104,"mc":[{"id":"1.232135506","rc":[{"ltp":1.7,"id":47674067},{"ltp":2.48,"id":72963954}]}]}
{"op":"mcm","clk":"11938022387","pt":1724366328749,"mc":[{"id":"1.232135506","rc":[{"ltp":1.62,"id":47674067},{"ltp":2.6,"id":72963954}]}]}
{"op":"mcm","clk":"11938025218","pt":1724366389136,"mc":[{"id":"1.232135506","rc":[{"ltp":1.65,"id":47674067},{"ltp":2.52,"id":72963954}]}]}
{"op":"mcm","clk":"11938031008","pt":1724366507335,"mc":[{"id":"1.232135506","rc":[{"ltp":2.54,"id":72963954}]}]}
{"op":"mcm","clk":"11938036851","pt":1724366629000,"mc":[{"id":"1.232135506","rc":[{"ltp":1.68,"id":47674067},{"ltp":2.48,"id":72963954}]}]}
{"op":"mcm","clk":"11938039888","pt":1724366688674,"mc":[{"id":"1.232135506","rc":[{"ltp":1.69,"id":47674067}]}]}
{"op":"mcm","clk":"11938043045","pt":1724366745242,"mc":[{"id":"1.232135506","rc":[{"ltp":1.67,"id":47674067}]}]}
{"op":"mcm","clk":"11938046830","pt":1724366808201,"mc":[{"id":"1.232135506","rc":[{"ltp":2.38,"id":72963954}]}]}
{"op":"mcm","clk":"11938050341","pt":1724366869263,"mc":[{"id":"1.232135506","rc":[{"ltp":1.58,"id":47674067},{"ltp":2.74,"id":72963954}]}]}
{"op":"mcm","clk":"11938053323","pt":1724366929298,"mc":[{"id":"1.232135506","rc":[{"ltp":1.55,"id":47674067},{"ltp":2.78,"id":72963954}]}]}
{"op":"mcm","clk":"11938056106","pt":1724366988374,"mc":[{"id":"1.232135506","rc":[{"ltp":1.59,"id":47674067},{"ltp":2.8,"id":72963954}]}]}
{"op":"mcm","clk":"11938059493","pt":1724367046470,"mc":[{"id":"1.232135506","rc":[{"ltp":1.6,"id":47674067},{"ltp":2.66,"id":72963954}]}]}
{"op":"mcm","clk":"11938063013","pt":1724367109098,"mc":[{"id":"1.232135506","rc":[{"ltp":1.59,"id":47674067},{"ltp":2.74,"id":72963954}]}]}
{"op":"mcm","clk":"11938066357","pt":1724367169689,"mc":[{"id":"1.232135506","rc":[{"ltp":1.56,"id":47674067},{"ltp":2.76,"id":72963954}]}]}
{"op":"mcm","clk":"11938070219","pt":1724367228758,"mc":[{"id":"1.232135506","rc":[{"ltp":1.51,"id":47674067},{"ltp":2.92,"id":72963954}]}]}
{"op":"mcm","clk":"11938073766","pt":1724367287946,"mc":[{"id":"1.232135506","rc":[{"ltp":1.52,"id":47674067},{"ltp":2.96,"id":72963954}]}]}
{"op":"mcm","clk":"11938077392","pt":1724367349630,"mc":[{"id":"1.232135506","rc":[{"ltp":1.53,"id":47674067},{"ltp":2.8,"id":72963954}]}]}
{"op":"mcm","clk":"11938080621","pt":1724367408201,"mc":[{"id":"1.232135506","rc":[{"ltp":1.52,"id":47674067},{"ltp":2.9,"id":72963954}]}]}
{"op":"mcm","clk":"11938083831","pt":1724367468916,"mc":[{"id":"1.232135506","rc":[{"ltp":1.5,"id":47674067},{"ltp":2.98,"id":72963954}]}]}
{"op":"mcm","clk":"11938087021","pt":1724367528674,"mc":[{"id":"1.232135506","rc":[{"ltp":1.51,"id":47674067}]}]}
{"op":"mcm","clk":"11938089867","pt":1724367589458,"mc":[{"id":"1.232135506","rc":[{"ltp":3.05,"id":72963954}]}]}
{"op":"mcm","clk":"11938093204","pt":1724367649502,"mc":[{"id":"1.232135506","marketDefinition":{"bspMarket":false,"turnInPlayEnabled":true,"persistenceEnabled":true,"marketBaseRate":5.0,"eventId":"33516557","eventTypeId":"4","numberOfWinners":1,"bettingType":"ODDS","marketType":"MATCH_ODDS","marketTime":"2024-08-22T23:00:00.000Z","suspendTime":"2024-08-22T23:00:00.000Z","bspReconciled":false,"complete":true,"inPlay":true,"crossMatching":true,"runnersVoidable":false,"numberOfActiveRunners":2,"betDelay":5,"status":"OPEN","runners":[{"status":"ACTIVE","sortPriority":1,"id":72963954,"name":"Trinidad Knight Riders W"},{"status":"ACTIVE","sortPriority":2,"id":47674067,"name":"Barbados Royals W"}],"regulators":["MR_INT"],"countryCode":"GB","discountAllowed":true,"timezone":"GMT","openDate":"2024-08-22T23:00:00.000Z","version":6091683887,"name":"Match Odds","eventName":"Trinidad Knight Riders W v Barbados Royals W"},"rc":[{"ltp":1.38,"id":47674067},{"ltp":3.6,"id":72963954}]}]}
{"op":"mcm","clk":"11938095860","pt":1724367709515,"mc":[{"id":"1.232135506","rc":[{"ltp":1.34,"id":47674067},{"ltp":3.9,"id":72963954}]}]}
{"op":"mcm","clk":"11938099182","pt":1724367769503,"mc":[{"id":"1.232135506","rc":[{"ltp":1.48,"id":47674067},{"ltp":3.2,"id":72963954}]}]}
{"op":"mcm","clk":"11938102776","pt":1724367829578,"mc":[{"id":"1.232135506","rc":[{"ltp":1.5,"id":47674067},{"ltp":3.0,"id":72963954}]}]}
{"op":"mcm","clk":"11938106396","pt":1724367889158,"mc":[{"id":"1.232135506","rc":[{"ltp":1.54,"id":47674067},{"ltp":2.88,"id":72963954}]}]}
{"op":"mcm","clk":"11938109933","pt":1724367949693,"mc":[{"id":"1.232135506","rc":[{"ltp":1.56,"id":47674067},{"ltp":2.74,"id":72963954}]}]}
{"op":"mcm","clk":"11938113054","pt":1724368009649,"mc":[{"id":"1.232135506","rc":[{"ltp":2.78,"id":72963954}]}]}
{"op":"mcm","clk":"11938116445","pt":1724368069546,"mc":[{"id":"1.232135506","rc":[{"ltp":1.55,"id":47674067},{"ltp":2.8,"id":72963954}]}]}
{"op":"mcm","clk":"11938119630","pt":1724368129622,"mc":[{"id":"1.232135506","rc":[{"ltp":1.61,"id":47674067},{"ltp":2.64,"id":72963954}]}]}
{"op":"mcm","clk":"11938122498","pt":1724368189291,"mc":[{"id":"1.232135506","rc":[{"ltp":2.62,"id":72963954}]}]}
{"op":"mcm","clk":"11938125591","pt":1724368249260,"mc":[{"id":"1.232135506","rc":[{"ltp":1.6,"id":47674067},{"ltp":2.66,"id":72963954}]}]}
{"op":"mcm","clk":"11938128474","pt":1724368309502,"mc":[{"id":"1.232135506","rc":[{"ltp":2.68,"id":72963954}]}]}
{"op":"mcm","clk":"11938131974","pt":1724368369621,"mc":[{"id":"1.232135506","rc":[{"ltp":1.36,"id":47674067},{"ltp":3.7,"id":72963954}]}]}
{"op":"mcm","clk":"11938150472","pt":1724368429465,"mc":[{"id":"1.232135506","rc":[{"ltp":1.4,"id":47674067},{"ltp":3.5,"id":72963954}]}]}
{"op":"mcm","clk":"11938153548","pt":1724368489345,"mc":[{"id":"1.232135506","rc":[{"ltp":1.39,"id":47674067}]}]}
{"op":"mcm","clk":"11938156547","pt":1724368549421,"mc":[{"id":"1.232135506","rc":[{"ltp":3.55,"id":72963954}]}]}
{"op":"mcm","clk":"11938160091","pt":1724368609613,"mc":[{"id":"1.232135506","rc":[{"ltp":1.47,"id":47674067}]}]}
{"op":"mcm","clk":"11938163283","pt":1724368669586,"mc":[{"id":"1.232135506","rc":[{"ltp":1.51,"id":47674067},{"ltp":2.96,"id":72963954}]}]}
{"op":"mcm","clk":"11938166763","pt":1724368729461,"mc":[{"id":"1.232135506","rc":[{"ltp":1.53,"id":47674067},{"ltp":2.88,"id":72963954}]}]}
{"op":"mcm","clk":"11938170157","pt":1724368789706,"mc":[{"id":"1.232135506","rc":[{"ltp":1.51,"id":47674067},{"ltp":3.0,"id":72963954}]}]}
{"op":"mcm","clk":"11938173815","pt":1724368849658,"mc":[{"id":"1.232135506","rc":[{"ltp":1.53,"id":47674067},{"ltp":2.88,"id":72963954}]}]}
{"op":"mcm","clk":"11938180474","pt":1724368969597,"mc":[{"id":"1.232135506","rc":[{"ltp":1.62,"id":47674067},{"ltp":2.6,"id":72963954}]}]}
{"op":"mcm","clk":"11938184065","pt":1724369029680,"mc":[{"id":"1.232135506","rc":[{"ltp":1.32,"id":47674067},{"ltp":4.2,"id":72963954}]}]}
{"op":"mcm","clk":"11938187534","pt":1724369089656,"mc":[{"id":"1.232135506","rc":[{"ltp":1.3,"id":47674067},{"ltp":4.4,"id":72963954}]}]}
{"op":"mcm","clk":"11938191215","pt":1724369149703,"mc":[{"id":"1.232135506","rc":[{"ltp":1.27,"id":47674067},{"ltp":4.7,"id":72963954}]}]}
{"op":"mcm","clk":"11938194605","pt":1724369209575,"mc":[{"id":"1.232135506","rc":[{"ltp":1.24,"id":47674067},{"ltp":5.3,"id":72963954}]}]}
{"op":"mcm","clk":"11938198272","pt":1724369269740,"mc":[{"id":"1.232135506","rc":[{"ltp":1.29,"id":47674067},{"ltp":4.3,"id":72963954}]}]}
{"op":"mcm","clk":"11938201650","pt":1724369329715,"mc":[{"id":"1.232135506","rc":[{"ltp":1.22,"id":47674067},{"ltp":5.0,"id":72963954}]}]}
{"op":"mcm","clk":"11938205051","pt":1724369389708,"mc":[{"id":"1.232135506","rc":[{"ltp":1.13,"id":47674067},{"ltp":8.6,"id":72963954}]}]}
{"op":"mcm","clk":"11938208320","pt":1724369449675,"mc":[{"id":"1.232135506","rc":[{"ltp":1.15,"id":47674067},{"ltp":8.0,"id":72963954}]}]}
{"op":"mcm","clk":"11938211464","pt":1724369509443,"mc":[{"id":"1.232135506","rc":[{"ltp":1.16,"id":47674067},{"ltp":7.2,"id":72963954}]}]}
{"op":"mcm","clk":"11938214689","pt":1724369569690,"mc":[{"id":"1.232135506","rc":[{"ltp":1.14,"id":47674067},{"ltp":8.0,"id":72963954}]}]}
{"op":"mcm","clk":"11938225093","pt":1724369748895,"mc":[{"id":"1.232135506","rc":[{"ltp":1.15,"id":47674067},{"ltp":7.6,"id":72963954}]}]}
{"op":"mcm","clk":"11938231565","pt":1724369869115,"mc":[{"id":"1.232135506","rc":[{"ltp":1.13,"id":47674067},{"ltp":8.6,"id":72963954}]}]}
{"op":"mcm","clk":"11938235186","pt":1724369929614,"mc":[{"id":"1.232135506","rc":[{"ltp":1.08,"id":47674067},{"ltp":13.5,"id":72963954}]}]}
{"op":"mcm","clk":"11938238784","pt":1724369989346,"mc":[{"id":"1.232135506","rc":[{"ltp":1.09,"id":47674067},{"ltp":12.0,"id":72963954}]}]}
{"op":"mcm","clk":"11938242667","pt":1724370049670,"mc":[{"id":"1.232135506","rc":[{"ltp":1.1,"id":47674067},{"ltp":11.5,"id":72963954}]}]}
{"op":"mcm","clk":"11938245876","pt":1724370109332,"mc":[{"id":"1.232135506","rc":[{"ltp":10.0,"id":72963954}]}]}
{"op":"mcm","clk":"11938249323","pt":1724370169689,"mc":[{"id":"1.232135506","rc":[{"ltp":1.15,"id":47674067},{"ltp":7.6,"id":72963954}]}]}
{"op":"mcm","clk":"11938252654","pt":1724370229691,"mc":[{"id":"1.232135506","rc":[{"ltp":1.21,"id":47674067},{"ltp":5.7,"id":72963954}]}]}
{"op":"mcm","clk":"11938255947","pt":1724370289618,"mc":[{"id":"1.232135506","rc":[{"ltp":1.19,"id":47674067},{"ltp":6.6,"id":72963954}]}]}
{"op":"mcm","clk":"11938259125","pt":1724370349636,"mc":[{"id":"1.232135506","rc":[{"ltp":6.2,"id":72963954}]}]}
{"op":"mcm","clk":"11938262795","pt":1724370409620,"mc":[{"id":"1.232135506","rc":[{"ltp":1.21,"id":47674067}]}]}
{"op":"mcm","clk":"11938266423","pt":1724370469579,"mc":[{"id":"1.232135506","rc":[{"ltp":1.2,"id":47674067},{"ltp":5.7,"id":72963954}]}]}
{"op":"mcm","clk":"11938269876","pt":1724370529669,"mc":[{"id":"1.232135506","rc":[{"ltp":1.11,"id":47674067},{"ltp":10.5,"id":72963954}]}]}
{"op":"mcm","clk":"11938273701","pt":1724370589227,"mc":[{"id":"1.232135506","rc":[{"ltp":1.1,"id":47674067},{"ltp":11.0,"id":72963954}]}]}
{"op":"mcm","clk":"11938277110","pt":1724370649439,"mc":[{"id":"1.232135506","rc":[{"ltp":1.08,"id":47674067},{"ltp":13.5,"id":72963954}]}]}
{"op":"mcm","clk":"11938287406","pt":1724370827851,"mc":[{"id":"1.232135506","rc":[{"ltp":14.5,"id":72963954}]}]}
{"op":"mcm","clk":"11938290943","pt":1724370889491,"mc":[{"id":"1.232135506","rc":[{"ltp":1.09,"id":47674067},{"ltp":13.5,"id":72963954}]}]}
{"op":"mcm","clk":"11938294702","pt":1724370949730,"mc":[{"id":"1.232135506","rc":[{"ltp":1.1,"id":47674067},{"ltp":11.0,"id":72963954}]}]}
{"op":"mcm","clk":"11938298300","pt":1724371009623,"mc":[{"id":"1.232135506","rc":[{"ltp":1.13,"id":47674067},{"ltp":8.8,"id":72963954}]}]}
{"op":"mcm","clk":"11938302274","pt":1724371069294,"mc":[{"id":"1.232135506","rc":[{"ltp":1.14,"id":47674067},{"ltp":8.0,"id":72963954}]}]}
{"op":"mcm","clk":"11938305698","pt":1724371128367,"mc":[{"id":"1.232135506","rc":[{"ltp":7.4,"id":72963954}]}]}
{"op":"mcm","clk":"11938308925","pt":1724371188543,"mc":[{"id":"1.232135506","rc":[{"ltp":1.15,"id":47674067},{"ltp":7.8,"id":72963954}]}]}
{"op":"mcm","clk":"11938313202","pt":1724371249223,"mc":[{"id":"1.232135506","rc":[{"ltp":1.19,"id":47674067},{"ltp":6.6,"id":72963954}]}]}
{"op":"mcm","clk":"11938317181","pt":1724371309366,"mc":[{"id":"1.232135506","rc":[{"ltp":1.2,"id":47674067},{"ltp":6.0,"id":72963954}]}]}
{"op":"mcm","clk":"11938321061","pt":1724371369682,"mc":[{"id":"1.232135506","rc":[{"ltp":1.22,"id":47674067},{"ltp":5.4,"id":72963954}]}]}
{"op":"mcm","clk":"11938324978","pt":1724371429717,"mc":[{"id":"1.232135506","rc":[{"ltp":1.29,"id":47674067},{"ltp":3.5,"id":72963954}]}]}
{"op":"mcm","clk":"11938328998","pt":1724371489487,"mc":[{"id":"1.232135506","rc":[{"ltp":1.32,"id":47674067},{"ltp":4.1,"id":72963954}]}]}
{"op":"mcm","clk":"11938332935","pt":1724371549655,"mc":[{"id":"1.232135506","rc":[{"ltp":1.3,"id":47674067},{"ltp":4.3,"id":72963954}]}]}
{"op":"mcm","clk":"11938336606","pt":1724371607960,"mc":[{"id":"1.232135506","rc":[{"ltp":1.33,"id":47674067},{"ltp":3.9,"id":72963954}]}]}
{"op":"mcm","clk":"11938341386","pt":1724371669646,"mc":[{"id":"1.232135506","rc":[{"ltp":1.28,"id":47674067},{"ltp":4.3,"id":72963954}]}]}
{"op":"mcm","clk":"11938346141","pt":1724371729319,"mc":[{"id":"1.232135506","rc":[{"ltp":1.3,"id":47674067}]}]}
{"op":"mcm","clk":"11938351072","pt":1724371789712,"mc":[{"id":"1.232135506","rc":[{"ltp":1.28,"id":47674067},{"ltp":4.7,"id":72963954}]}]}
{"op":"mcm","clk":"11938355839","pt":1724371849752,"mc":[{"id":"1.232135506","rc":[{"ltp":1.26,"id":47674067},{"ltp":4.8,"id":72963954}]}]}
{"op":"mcm","clk":"11938364708","pt":1724371968730,"mc":[{"id":"1.232135506","rc":[{"ltp":1.22,"id":47674067},{"ltp":5.1,"id":72963954}]}]}
{"op":"mcm","clk":"11938369047","pt":1724372029567,"mc":[{"id":"1.232135506","rc":[{"ltp":1.2,"id":47674067},{"ltp":5.3,"id":72963954}]}]}
{"op":"mcm","clk":"11938373394","pt":1724372089381,"mc":[{"id":"1.232135506","rc":[{"ltp":1.24,"id":47674067},{"ltp":4.8,"id":72963954}]}]}
{"op":"mcm","clk":"11938377918","pt":1724372149643,"mc":[{"id":"1.232135506","rc":[{"ltp":1.23,"id":47674067},{"ltp":5.3,"id":72963954}]}]}
{"op":"mcm","clk":"11938382582","pt":1724372209700,"mc":[{"id":"1.232135506","rc":[{"ltp":1.22,"id":47674067},{"ltp":5.6,"id":72963954}]}]}
{"op":"mcm","clk":"11938386995","pt":1724372268198,"mc":[{"id":"1.232135506","rc":[{"ltp":1.21,"id":47674067},{"ltp":5.5,"id":72963954}]}]}
{"op":"mcm","clk":"11938391788","pt":1724372329744,"mc":[{"id":"1.232135506","rc":[{"ltp":1.29,"id":47674067},{"ltp":4.5,"id":72963954}]}]}
{"op":"mcm","clk":"11938398156","pt":1724372389596,"mc":[{"id":"1.232135506","rc":[{"ltp":1.34,"id":47674067},{"ltp":4.0,"id":72963954}]}]}
{"op":"mcm","clk":"11938402788","pt":1724372449137,"mc":[{"id":"1.232135506","rc":[{"ltp":1.27,"id":47674067},{"ltp":4.7,"id":72963954}]}]}
{"op":"mcm","clk":"11938407431","pt":1724372509667,"mc":[{"id":"1.232135506","rc":[{"ltp":1.35,"id":47674067},{"ltp":3.85,"id":72963954}]}]}
{"op":"mcm","clk":"11938412492","pt":1724372569081,"mc":[{"id":"1.232135506","rc":[{"ltp":1.33,"id":47674067},{"ltp":3.9,"id":72963954}]}]}
{"op":"mcm","clk":"11938417207","pt":1724372629526,"mc":[{"id":"1.232135506","rc":[{"ltp":1.31,"id":47674067},{"ltp":4.2,"id":72963954}]}]}
{"op":"mcm","clk":"11938422054","pt":1724372689408,"mc":[{"id":"1.232135506","rc":[{"ltp":1.32,"id":47674067},{"ltp":3.95,"id":72963954}]}]}
{"op":"mcm","clk":"11938427044","pt":1724372749669,"mc":[{"id":"1.232135506","rc":[{"ltp":1.39,"id":47674067},{"ltp":3.55,"id":72963954}]}]}
{"op":"mcm","clk":"11938431934","pt":1724372809645,"mc":[{"id":"1.232135506","rc":[{"ltp":1.36,"id":47674067},{"ltp":3.75,"id":72963954}]}]}
{"op":"mcm","clk":"11938436707","pt":1724372869590,"mc":[{"id":"1.232135506","rc":[{"ltp":1.26,"id":47674067},{"ltp":4.7,"id":72963954}]}]}
{"op":"mcm","clk":"11938441799","pt":1724372929695,"mc":[{"id":"1.232135506","rc":[{"ltp":1.28,"id":47674067},{"ltp":4.4,"id":72963954}]}]}
{"op":"mcm","clk":"11938446874","pt":1724372989734,"mc":[{"id":"1.232135506","rc":[{"ltp":1.27,"id":47674067},{"ltp":5.2,"id":72963954}]}]}
{"op":"mcm","clk":"11938451830","pt":1724373049717,"mc":[{"id":"1.232135506","rc":[{"ltp":1.21,"id":47674067},{"ltp":5.5,"id":72963954}]}]}
{"op":"mcm","clk":"11938456123","pt":1724373109384,"mc":[{"id":"1.232135506","rc":[{"ltp":1.22,"id":47674067}]}]}
{"op":"mcm","clk":"11938461311","pt":1724373169416,"mc":[{"id":"1.232135506","rc":[{"ltp":1.2,"id":47674067},{"ltp":5.9,"id":72963954}]}]}
{"op":"mcm","clk":"11938465808","pt":1724373229310,"mc":[{"id":"1.232135506","rc":[{"ltp":1.23,"id":47674067},{"ltp":5.3,"id":72963954}]}]}
{"op":"mcm","clk":"11938470502","pt":1724373288975,"mc":[{"id":"1.232135506","rc":[{"ltp":1.19,"id":47674067},{"ltp":6.4,"id":72963954}]}]}
{"op":"mcm","clk":"11938475202","pt":1724373349517,"mc":[{"id":"1.232135506","rc":[{"ltp":1.2,"id":47674067},{"ltp":5.7,"id":72963954}]}]}
{"op":"mcm","clk":"11938479697","pt":1724373409103,"mc":[{"id":"1.232135506","rc":[{"ltp":1.22,"id":47674067},{"ltp":5.8,"id":72963954}]}]}
{"op":"mcm","clk":"11938484341","pt":1724373469144,"mc":[{"id":"1.232135506","rc":[{"ltp":1.21,"id":47674067},{"ltp":5.6,"id":72963954}]}]}
{"op":"mcm","clk":"11938493280","pt":1724373589563,"mc":[{"id":"1.232135506","rc":[{"ltp":5.7,"id":72963954}]}]}
{"op":"mcm","clk":"11938497499","pt":1724373649546,"mc":[{"id":"1.232135506","rc":[{"ltp":5.8,"id":72963954}]}]}
{"op":"mcm","clk":"11938501174","pt":1724373708991,"mc":[{"id":"1.232135506","rc":[{"ltp":1.2,"id":47674067},{"ltp":5.9,"id":72963954}]}]}
{"op":"mcm","clk":"11938505063","pt":1724373768969,"mc":[{"id":"1.232135506","rc":[{"ltp":1.23,"id":47674067},{"ltp":5.6,"id":72963954}]}]}
{"op":"mcm","clk":"11938524862","pt":1724373829641,"mc":[{"id":"1.232135506","rc":[{"ltp":5.3,"id":72963954}]}]}
{"op":"mcm","clk":"11938528653","pt":1724373889612,"mc":[{"id":"1.232135506","rc":[{"ltp":5.5,"id":72963954}]}]}
{"op":"mcm","clk":"11938532670","pt":1724373949675,"mc":[{"id":"1.232135506","rc":[{"ltp":1.22,"id":47674067},{"ltp":5.6,"id":72963954}]}]}
{"op":"mcm","clk":"11938536241","pt":1724374009617,"mc":[{"id":"1.232135506","rc":[{"ltp":5.3,"id":72963954}]}]}
{"op":"mcm","clk":"11938539612","pt":1724374069060,"mc":[{"id":"1.232135506","rc":[{"ltp":5.4,"id":72963954}]}]}
{"op":"mcm","clk":"11938542970","pt":1724374129026,"mc":[{"id":"1.232135506","rc":[{"ltp":5.6,"id":72963954}]}]}
{"op":"mcm","clk":"11938549905","pt":1724374249503,"mc":[{"id":"1.232135506","rc":[{"ltp":5.5,"id":72963954}]}]}
{"op":"mcm","clk":"11938553447","pt":1724374309755,"mc":[{"id":"1.232135506","rc":[{"ltp":1.23,"id":47674067},{"ltp":5.3,"id":72963954}]}]}
{"op":"mcm","clk":"11938556568","pt":1724374368034,"mc":[{"id":"1.232135506","rc":[{"ltp":1.24,"id":47674067}]}]}
{"op":"mcm","clk":"11938559710","pt":1724374429105,"mc":[{"id":"1.232135506","rc":[{"ltp":1.23,"id":47674067}]}]}
{"op":"mcm","clk":"11938566140","pt":1724374549696,"mc":[{"id":"1.232135506","rc":[{"ltp":5.1,"id":72963954}]}]}
{"op":"mcm","clk":"11938569553","pt":1724374609572,"mc":[{"id":"1.232135506","rc":[{"ltp":1.17,"id":47674067},{"ltp":6.4,"id":72963954}]}]}
{"op":"mcm","clk":"11938573108","pt":1724374669736,"mc":[{"id":"1.232135506","rc":[{"ltp":1.18,"id":47674067}]}]}
{"op":"mcm","clk":"11938576536","pt":1724374729406,"mc":[{"id":"1.232135506","rc":[{"ltp":1.19,"id":47674067},{"ltp":6.2,"id":72963954}]}]}
{"op":"mcm","clk":"11938579581","pt":1724374789693,"mc":[{"id":"1.232135506","rc":[{"ltp":1.14,"id":47674067},{"ltp":8.0,"id":72963954}]}]}
{"op":"mcm","clk":"11938583132","pt":1724374849755,"mc":[{"id":"1.232135506","rc":[{"ltp":1.17,"id":47674067},{"ltp":7.2,"id":72963954}]}]}
{"op":"mcm","clk":"11938586337","pt":1724374909686,"mc":[{"id":"1.232135506","rc":[{"ltp":1.2,"id":47674067},{"ltp":5.2,"id":72963954}]}]}
{"op":"mcm","clk":"11938589761","pt":1724374969683,"mc":[{"id":"1.232135506","rc":[{"ltp":1.27,"id":47674067},{"ltp":4.7,"id":72963954}]}]}
{"op":"mcm","clk":"11938596532","pt":1724375089694,"mc":[{"id":"1.232135506","rc":[{"ltp":1.3,"id":47674067},{"ltp":4.3,"id":72963954}]}]}
{"op":"mcm","clk":"11938599926","pt":1724375149570,"mc":[{"id":"1.232135506","rc":[{"ltp":1.23,"id":47674067},{"ltp":5.3,"id":72963954}]}]}
{"op":"mcm","clk":"11938603403","pt":1724375209708,"mc":[{"id":"1.232135506","rc":[{"ltp":5.1,"id":72963954}]}]}
{"op":"mcm","clk":"11938606900","pt":1724375269599,"mc":[{"id":"1.232135506","rc":[{"ltp":1.27,"id":47674067},{"ltp":4.8,"id":72963954}]}]}
{"op":"mcm","clk":"11938610260","pt":1724375329712,"mc":[{"id":"1.232135506","rc":[{"ltp":1.26,"id":47674067},{"ltp":4.7,"id":72963954}]}]}
{"op":"mcm","clk":"11938614027","pt":1724375389592,"mc":[{"id":"1.232135506","rc":[{"ltp":1.31,"id":47674067},{"ltp":4.3,"id":72963954}]}]}
{"op":"mcm","clk":"11938617900","pt":1724375449658,"mc":[{"id":"1.232135506","rc":[{"ltp":1.24,"id":47674067},{"ltp":5.1,"id":72963954}]}]}
{"op":"mcm","clk":"11938621191","pt":1724375509499,"mc":[{"id":"1.232135506","rc":[{"ltp":1.22,"id":47674067},{"ltp":5.5,"id":72963954}]}]}
{"op":"mcm","clk":"11938624652","pt":1724375569671,"mc":[{"id":"1.232135506","rc":[{"ltp":1.17,"id":47674067},{"ltp":6.8,"id":72963954}]}]}
{"op":"mcm","clk":"11938628034","pt":1724375629737,"mc":[{"id":"1.232135506","rc":[{"ltp":1.15,"id":47674067},{"ltp":7.6,"id":72963954}]}]}
{"op":"mcm","clk":"11938631562","pt":1724375689197,"mc":[{"id":"1.232135506","rc":[{"ltp":1.19,"id":47674067},{"ltp":6.0,"id":72963954}]}]}
{"op":"mcm","clk":"11938634845","pt":1724375749666,"mc":[{"id":"1.232135506","rc":[{"ltp":1.21,"id":47674067}]}]}
{"op":"mcm","clk":"11938638129","pt":1724375809504,"mc":[{"id":"1.232135506","rc":[{"ltp":5.7,"id":72963954}]}]}
{"op":"mcm","clk":"11938641421","pt":1724375869676,"mc":[{"id":"1.232135506","rc":[{"ltp":1.15,"id":47674067},{"ltp":7.6,"id":72963954}]}]}
{"op":"mcm","clk":"11938644940","pt":1724375929748,"mc":[{"id":"1.232135506","rc":[{"ltp":1.11,"id":47674067},{"ltp":10.0,"id":72963954}]}]}
{"op":"mcm","clk":"11938651576","pt":1724376049368,"mc":[{"id":"1.232135506","rc":[{"ltp":1.15,"id":47674067},{"ltp":8.2,"id":72963954}]}]}
{"op":"mcm","clk":"11938654922","pt":1724376109607,"mc":[{"id":"1.232135506","rc":[{"ltp":1.14,"id":47674067},{"ltp":8.0,"id":72963954}]}]}
{"op":"mcm","clk":"11938658387","pt":1724376169577,"mc":[{"id":"1.232135506","rc":[{"ltp":1.12,"id":47674067},{"ltp":9.2,"id":72963954}]}]}
{"op":"mcm","clk":"11938664851","pt":1724376289476,"mc":[{"id":"1.232135506","rc":[{"ltp":10.0,"id":72963954}]}]}
{"op":"mcm","clk":"11938668342","pt":1724376349555,"mc":[{"id":"1.232135506","rc":[{"ltp":1.1,"id":47674067},{"ltp":11.0,"id":72963954}]}]}
{"op":"mcm","clk":"11938671510","pt":1724376409680,"mc":[{"id":"1.232135506","rc":[{"ltp":1.07,"id":47674067},{"ltp":15.0,"id":72963954}]}]}
{"op":"mcm","clk":"11938674615","pt":1724376469734,"mc":[{"id":"1.232135506","rc":[{"ltp":1.08,"id":47674067},{"ltp":13.5,"id":72963954}]}]}
{"op":"mcm","clk":"11938677766","pt":1724376529594,"mc":[{"id":"1.232135506","rc":[{"ltp":1.11,"id":47674067},{"ltp":10.5,"id":72963954}]}]}
{"op":"mcm","clk":"11938680933","pt":1724376589672,"mc":[{"id":"1.232135506","rc":[{"ltp":1.08,"id":47674067},{"ltp":15.0,"id":72963954}]}]}
{"op":"mcm","clk":"11938684082","pt":1724376649629,"mc":[{"id":"1.232135506","rc":[{"ltp":1.06,"id":47674067},{"ltp":17.5,"id":72963954}]}]}
{"op":"mcm","clk":"11938687226","pt":1724376709692,"mc":[{"id":"1.232135506","rc":[{"ltp":1.05,"id":47674067},{"ltp":21.0,"id":72963954}]}]}
{"op":"mcm","clk":"11938690355","pt":1724376769754,"mc":[{"id":"1.232135506","rc":[{"ltp":1.04,"id":47674067},{"ltp":28.0,"id":72963954}]}]}
{"op":"mcm","clk":"11938693094","pt":1724376829754,"mc":[{"id":"1.232135506","rc":[{"ltp":27.0,"id":72963954}]}]}
{"op":"mcm","clk":"11938696390","pt":1724376889679,"mc":[{"id":"1.232135506","rc":[{"ltp":26.0,"id":72963954}]}]}
{"op":"mcm","clk":"11938699599","pt":1724376949643,"mc":[{"id":"1.232135506","rc":[{"ltp":1.03,"id":47674067},{"ltp":38.0,"id":72963954}]}]}
{"op":"mcm","clk":"11938702661","pt":1724377009141,"mc":[{"id":"1.232135506","rc":[{"ltp":34.0,"id":72963954}]}]}
{"op":"mcm","clk":"11938705648","pt":1724377069199,"mc":[{"id":"1.232135506","rc":[{"ltp":50.0,"id":72963954}]}]}
{"op":"mcm","clk":"11938708390","pt":1724377127582,"mc":[{"id":"1.232135506","rc":[{"ltp":1.02,"id":47674067},{"ltp":42.0,"id":72963954}]}]}
{"op":"mcm","clk":"11938711094","pt":1724377189196,"mc":[{"id":"1.232135506","rc":[{"ltp":50.0,"id":72963954}]}]}
{"op":"mcm","clk":"11938714048","pt":1724377248825,"mc":[{"id":"1.232135506","rc":[{"ltp":55.0,"id":72963954}]}]}
{"op":"mcm","clk":"11938716900","pt":1724377309553,"mc":[{"id":"1.232135506","rc":[{"ltp":70.0,"id":72963954}]}]}
{"op":"mcm","clk":"11938719784","pt":1724377369235,"mc":[{"id":"1.232135506","rc":[{"ltp":50.0,"id":72963954}]}]}
{"op":"mcm","clk":"11938722466","pt":1724377429622,"mc":[{"id":"1.232135506","rc":[{"ltp":60.0,"id":72963954}]}]}
{"op":"mcm","clk":"11938725236","pt":1724377489375,"mc":[{"id":"1.232135506","rc":[{"ltp":1.03,"id":47674067},{"ltp":36.0,"id":72963954}]}]}
{"op":"mcm","clk":"11938728408","pt":1724377549659,"mc":[{"id":"1.232135506","rc":[{"ltp":1.02,"id":47674067},{"ltp":34.0,"id":72963954}]}]}
{"op":"mcm","clk":"11938731255","pt":1724377609195,"mc":[{"id":"1.232135506","rc":[{"ltp":38.0,"id":72963954}]}]}
{"op":"mcm","clk":"11938734106","pt":1724377669152,"mc":[{"id":"1.232135506","rc":[{"ltp":50.0,"id":72963954}]}]}
{"op":"mcm","clk":"11938744017","pt":1724377909676,"mc":[{"id":"1.232135506","rc":[{"ltp":1.01,"id":47674067},{"ltp":120.0,"id":72963954}]}]}
{"op":"mcm","clk":"11938746152","pt":1724377969047,"mc":[{"id":"1.232135506","rc":[{"ltp":130.0,"id":72963954}]}]}
{"op":"mcm","clk":"11938748307","pt":1724378029444,"mc":[{"id":"1.232135506","rc":[{"ltp":400.0,"id":72963954}]}]}
{"op":"mcm","clk":"11938750140","pt":1724378088512,"mc":[{"id":"1.232135506","rc":[{"ltp":100.0,"id":72963954}]}]}
{"op":"mcm","clk":"11938752516","pt":1724378149189,"mc":[{"id":"1.232135506","rc":[{"ltp":110.0,"id":72963954}]}]}
{"op":"mcm","clk":"11938757445","pt":1724378329729,"mc":[{"id":"1.232135506","rc":[{"ltp":1.02,"id":47674067},{"ltp":50.0,"id":72963954}]}]}
{"op":"mcm","clk":"11938760809","pt":1724378449671,"mc":[{"id":"1.232135506","rc":[{"ltp":1.01,"id":47674067},{"ltp":100.0,"id":72963954}]}]}
{"op":"mcm","clk":"11938762243","pt":1724378508963,"mc":[{"id":"1.232135506","rc":[{"ltp":360.0,"id":72963954}]}]}
{"op":"mcm","clk":"11938764037","pt":1724378568207,"mc":[{"id":"1.232135506","rc":[{"ltp":520.0,"id":72963954}]}]}
{"op":"mcm","clk":"11938765737","pt":1724378627718,"mc":[{"id":"1.232135506","rc":[{"ltp":500.0,"id":72963954}]}]}
{"op":"mcm","clk":"11938767197","pt":1724378689502,"mc":[{"id":"1.232135506","rc":[{"ltp":800.0,"id":72963954}]}]}
{"op":"mcm","clk":"11938768814","pt":1724378748895,"mc":[{"id":"1.232135506","rc":[{"ltp":1000.0,"id":72963954}]}]}
{"op":"mcm","clk":"11938798110","pt":1724379216731,"mc":[{"id":"1.232135506","marketDefinition":{"bspMarket":false,"turnInPlayEnabled":true,"persistenceEnabled":true,"marketBaseRate":5.0,"eventId":"33516557","eventTypeId":"4","numberOfWinners":1,"bettingType":"ODDS","marketType":"MATCH_ODDS","marketTime":"2024-08-22T23:00:00.000Z","suspendTime":"2024-08-22T23:00:00.000Z","bspReconciled":false,"complete":true,"inPlay":true,"crossMatching":true,"runnersVoidable":false,"numberOfActiveRunners":2,"betDelay":5,"status":"SUSPENDED","runners":[{"status":"ACTIVE","sortPriority":1,"id":72963954,"name":"Trinidad Knight Riders W"},{"status":"ACTIVE","sortPriority":2,"id":47674067,"name":"Barbados Royals W"}],"regulators":["MR_INT"],"countryCode":"GB","discountAllowed":true,"timezone":"GMT","openDate":"2024-08-22T23:00:00.000Z","version":6091847416,"name":"Match Odds","eventName":"Trinidad Knight Riders W v Barbados Royals W"}}]}
{"op":"mcm","clk":"11938802019","pt":1724379338104,"mc":[{"id":"1.232135506","marketDefinition":{"bspMarket":false,"turnInPlayEnabled":true,"persistenceEnabled":true,"marketBaseRate":5.0,"eventId":"33516557","eventTypeId":"4","numberOfWinners":1,"bettingType":"ODDS","marketType":"MATCH_ODDS","marketTime":"2024-08-22T23:00:00.000Z","suspendTime":"2024-08-22T23:00:00.000Z","bspReconciled":false,"complete":true,"inPlay":true,"crossMatching":false,"runnersVoidable":false,"numberOfActiveRunners":0,"betDelay":5,"status":"CLOSED","settledTime":"2024-08-23T02:15:17.000Z","runners":[{"status":"LOSER","sortPriority":1,"id":72963954,"name":"Trinidad Knight Riders W"},{"status":"WINNER","sortPriority":2,"id":47674067,"name":"Barbados Royals W"}],"regulators":["MR_INT"],"countryCode":"GB","discountAllowed":true,"timezone":"GMT","openDate":"2024-08-22T23:00:00.000Z","version":6091848708,"name":"Match Odds","eventName":"Trinidad Knight Riders W v Barbados Royals W"}}]}
