{"op":"mcm","clk":"11790001792","pt":1722507844655,"mc":[{"id":"1.231315504","marketDefinition":{"bspMarket":false,"turnInPlayEnabled":true,"persistenceEnabled":true,"marketBaseRate":5.0,"eventId":"33460487","eventTypeId":"4","numberOfWinners":1,"bettingType":"ODDS","marketType":"MATCH_ODDS","marketTime":"2024-08-03T13:30:00.000Z","suspendTime":"2024-08-03T13:30:00.000Z","bspReconciled":false,"complete":true,"inPlay":false,"crossMatching":true,"runnersVoidable":false,"numberOfActiveRunners":2,"betDelay":0,"status":"OPEN","runners":[{"status":"ACTIVE","sortPriority":1,"id":26354921,"name":"Birmingham Phoenix"},{"status":"ACTIVE","sortPriority":2,"id":26354926,"name":"Southern Brave"}],"regulators":["MR_INT"],"countryCode":"GB","discountAllowed":true,"timezone":"GMT","openDate":"2024-08-03T13:30:00.000Z","version":6050191029,"name":"Match Odds","eventName":"Birmingham Phoenix v Southern Brave"}}]}
{"op":"mcm","clk":"11792217300","pt":1722536748756,"mc":[{"id":"1.231315504","rc":[{"ltp":4.0,"id":26354926},{"ltp":1.25,"id":26354921}]}]}
{"op":"mcm","clk":"11792899675","pt":1722543181381,"mc":[{"id":"1.231315504","rc":[{"ltp":1.9,"id":26354926},{"ltp":2.1,"id":26354921}]}]}
{"op":"mcm","clk":"11792968585","pt":1722544731912,"mc":[{"id":"1.231315504","rc":[{"ltp":1.8,"id":26354926}]}]}
{"op":"mcm","clk":"11794462838","pt":1722583250019,"mc":[{"id":"1.231315504","rc":[{"ltp":2.14,"id":26354921}]}]}
{"op":"mcm","clk":"11796238555","pt":1722607915295,"mc":[{"id":"1.231315504","rc":[{"ltp":1.87,"id":26354926}]}]}
{"op":"mcm","clk":"11796241329","pt":1722607947734,"mc":[{"id":"1.231315504","rc":[{"ltp":1.8,"id":26354926}]}]}
{"op":"mcm","clk":"11797111347","pt":1722617299029,"mc":[{"id":"1.231315504","rc":[{"ltp":1.88,"id":26354926},{"ltp":2.12,"id":26354921}]}]}
{"op":"mcm","clk":"11797209485","pt":1722618098009,"mc":[{"id":"1.231315504","rc":[{"ltp":1.81,"id":26354926}]}]}
{"op":"mcm","clk":"11798301785","pt":1722623995414,"mc":[{"id":"1.231315504","rc":[{"ltp":1.88,"id":26354926}]}]}
{"op":"mcm","clk":"11799139407","pt":1722629439023,"mc":[{"id":"1.231315504","rc":[{"ltp":1.94,"id":26354926},{"ltp":2.1,"id":26354921}]}]}
{"op":"mcm","clk":"11799143395","pt":1722629475185,"mc":[{"id":"1.231315504","rc":[{"ltp":1.85,"id":26354926}]}]}
{"op":"mcm","clk":"11799254992","pt":1722630420555,"mc":[{"id":"1.231315504","rc":[{"ltp":1.86,"id":26354926},{"ltp":2.16,"id":26354921}]}]}
{"op":"mcm","clk":"11799266482","pt":1722630540350,"mc":[{"id":"1.231315504","rc":[{"ltp":1.85,"id":26354926}]}]}
{"op":"mcm","clk":"11799271369","pt":1722630591091,"mc":[{"id":"1.231315504","rc":[{"ltp":1.86,"id":26354926}]}]}
{"op":"mcm","clk":"11799332033","pt":1722631377860,"mc":[{"id":"1.231315504","rc":[{"ltp":1.85,"id":26354926}]}]}
{"op":"mcm","clk":"11799360816","pt":1722631826748,"mc":[{"id":"1.231315504","rc":[{"ltp":1.83,"id":26354926}]}]}
{"op":"mcm","clk":"11799370191","pt":1722631980894,"mc":[{"id":"1.231315504","rc":[{"ltp":1.82,"id":26354926}]}]}
{"op":"mcm","clk":"11799385824","pt":1722632271161,"mc":[{"id":"1.231315504","rc":[{"ltp":1.85,"id":26354926}]}]}
{"op":"mcm","clk":"11799417698","pt":1722633154674,"mc":[{"id":"1.231315504","rc":[{"ltp":1.82,"id":26354926}]}]}
{"op":"mcm","clk":"11799447411","pt":1722633789450,"mc":[{"id":"1.231315504","rc":[{"ltp":1.84,"id":26354926}]}]}
{"op":"mcm","clk":"11799492975","pt":1722634736628,"mc":[{"id":"1.231315504","rc":[{"ltp":1.82,"id":26354926}]}]}
{"op":"mcm","clk":"11799537553","pt":1722635460947,"mc":[{"id":"1.231315504","rc":[{"ltp":1.85,"id":26354926}]}]}
{"op":"mcm","clk":"11799544201","pt":1722635617726,"mc":[{"id":"1.231315504","rc":[{"ltp":1.82,"id":26354926},{"ltp":2.22,"id":26354921}]}]}
{"op":"mcm","clk":"11799547590","pt":1722635694184,"mc":[{"id":"1.231315504","rc":[{"ltp":2.18,"id":26354921}]}]}
{"op":"mcm","clk":"11799654420","pt":1722638081657,"mc":[{"id":"1.231315504","rc":[{"ltp":1.83,"id":26354926}]}]}
{"op":"mcm","clk":"11799783088","pt":1722640697609,"mc":[{"id":"1.231315504","rc":[{"ltp":1.84,"id":26354926}]}]}
{"op":"mcm","clk":"11799876003","pt":1722642775891,"mc":[{"id":"1.231315504","rc":[{"ltp":1.86,"id":26354926}]}]}
{"op":"mcm","clk":"11799879126","pt":1722642873891,"mc":[{"id":"1.231315504","rc":[{"ltp":1.85,"id":26354926}]}]}
{"op":"mcm","clk":"11799914455","pt":1722643673069,"mc":[{"id":"1.231315504","rc":[{"ltp":2.16,"id":26354921}]}]}
{"op":"mcm","clk":"11800034915","pt":1722646170804,"mc":[{"id":"1.231315504","rc":[{"ltp":1.84,"id":26354926}]}]}
{"op":"mcm","clk":"11800050678","pt":1722646519371,"mc":[{"id":"1.231315504","rc":[{"ltp":1.85,"id":26354926},{"ltp":2.18,"id":26354921}]}]}
{"op":"mcm","clk":"11800073110","pt":1722647159551,"mc":[{"id":"1.231315504","rc":[{"ltp":1.84,"id":26354926}]}]}
{"op":"mcm","clk":"11800077896","pt":1722647269138,"mc":[{"id":"1.231315504","rc":[{"ltp":1.85,"id":26354926}]}]}
{"op":"mcm","clk":"11800133810","pt":1722648853230,"mc":[{"id":"1.231315504","rc":[{"ltp":1.84,"id":26354926}]}]}
{"op":"mcm","clk":"11800190998","pt":1722650454182,"mc":[{"id":"1.231315504","rc":[{"ltp":2.16,"id":26354921}]}]}
{"op":"mcm","clk":"11800451011","pt":1722656081243,"mc":[{"id":"1.231315504","rc":[{"ltp":1.85,"id":26354926}]}]}
{"op":"mcm","clk":"11800602931","pt":1722659209850,"mc":[{"id":"1.231315504","rc":[{"ltp":1.86,"id":26354926}]}]}
{"op":"mcm","clk":"11800609315","pt":1722659388369,"mc":[{"id":"1.231315504","rc":[{"ltp":1.85,"id":26354926}]}]}
{"op":"mcm","clk":"11800614211","pt":1722659515810,"mc":[{"id":"1.231315504","rc":[{"ltp":1.86,"id":26354926}]}]}
{"op":"mcm","clk":"11800620344","pt":1722659687507,"mc":[{"id":"1.231315504","rc":[{"ltp":1.85,"id":26354926}]}]}
{"op":"mcm","clk":"11800681898","pt":1722661675585,"mc":[{"id":"1.231315504","rc":[{"ltp":1.86,"id":26354926}]}]}
{"op":"mcm","clk":"11800803075","pt":1722664902354,"mc":[{"id":"1.231315504","rc":[{"ltp":1.85,"id":26354926}]}]}
{"op":"mcm","clk":"11800949285","pt":1722668387991,"mc":[{"id":"1.231315504","rc":[{"ltp":1.86,"id":26354926}]}]}
{"op":"mcm","clk":"11801020199","pt":1722669865556,"mc":[{"id":"1.231315504","rc":[{"ltp":1.85,"id":26354926}]}]}
{"op":"mcm","clk":"11801235781","pt":1722673929188,"mc":[{"id":"1.231315504","rc":[{"ltp":1.86,"id":26354926}]}]}
{"op":"mcm","clk":"11801279727","pt":1722674565370,"mc":[{"id":"1.231315504","rc":[{"ltp":1.85,"id":26354926}]}]}
{"op":"mcm","clk":"11801295112","pt":1722674786093,"mc":[{"id":"1.231315504","rc":[{"ltp":1.88,"id":26354926},{"ltp":2.12,"id":26354921}]}]}
{"op":"mcm","clk":"11801300447","pt":1722674862478,"mc":[{"id":"1.231315504","rc":[{"ltp":1.86,"id":26354926},{"ltp":2.16,"id":26354921}]}]}
{"op":"mcm","clk":"11801345496","pt":1722675434975,"mc":[{"id":"1.231315504","rc":[{"ltp":2.18,"id":26354921}]}]}
{"op":"mcm","clk":"11801348921","pt":1722675482917,"mc":[{"id":"1.231315504","rc":[{"ltp":1.85,"id":26354926}]}]}
{"op":"mcm","clk":"11801357733","pt":1722675600378,"mc":[{"id":"1.231315504","rc":[{"ltp":2.14,"id":26354921}]}]}
{"op":"mcm","clk":"11801364107","pt":1722675683109,"mc":[{"id":"1.231315504","rc":[{"ltp":1.87,"id":26354926}]}]}
{"op":"mcm","clk":"11801388387","pt":1722676012659,"mc":[{"id":"1.231315504","rc":[{"ltp":1.86,"id":26354926},{"ltp":2.16,"id":26354921}]}]}
{"op":"mcm","clk":"11801392823","pt":1722676072938,"mc":[{"id":"1.231315504","rc":[{"ltp":2.14,"id":26354921}]}]}
{"op":"mcm","clk":"11801494581","pt":1722677273949,"mc":[{"id":"1.231315504","rc":[{"ltp":1.87,"id":26354926},{"ltp":2.16,"id":26354921}]}]}
{"op":"mcm","clk":"11801497843","pt":1722677317815,"mc":[{"id":"1.231315504","rc":[{"ltp":1.86,"id":26354926}]}]}
{"op":"mcm","clk":"11801515597","pt":1722677513209,"mc":[{"id":"1.231315504","rc":[{"ltp":2.14,"id":26354921}]}]}
{"op":"mcm","clk":"11801520404","pt":1722677568354,"mc":[{"id":"1.231315504","rc":[{"ltp":1.87,"id":26354926}]}]}
{"op":"mcm","clk":"11801525689","pt":1722677628514,"mc":[{"id":"1.231315504","rc":[{"ltp":1.86,"id":26354926},{"ltp":2.18,"id":26354921}]}]}
{"op":"mcm","clk":"11801532450","pt":1722677700843,"mc":[{"id":"1.231315504","rc":[{"ltp":1.87,"id":26354926}]}]}
{"op":"mcm","clk":"11801548638","pt":1722677864616,"mc":[{"id":"1.231315504","rc":[{"ltp":2.14,"id":26354921}]}]}
{"op":"mcm","clk":"11801576673","pt":1722678172082,"mc":[{"id":"1.231315504","rc":[{"ltp":1.85,"id":26354926},{"ltp":2.18,"id":26354921}]}]}
{"op":"mcm","clk":"11801594724","pt":1722678240193,"mc":[{"id":"1.231315504","rc":[{"ltp":2.16,"id":26354921}]}]}
{"op":"mcm","clk":"11801603322","pt":1722678338563,"mc":[{"id":"1.231315504","rc":[{"ltp":1.86,"id":26354926}]}]}
{"op":"mcm","clk":"11801610090","pt":1722678416568,"mc":[{"id":"1.231315504","rc":[{"ltp":2.18,"id":26354921}]}]}
{"op":"mcm","clk":"11801620121","pt":1722678531330,"mc":[{"id":"1.231315504","rc":[{"ltp":2.16,"id":26354921}]}]}
{"op":"mcm","clk":"11801635828","pt":1722678704938,"mc":[{"id":"1.231315504","rc":[{"ltp":1.84,"id":26354926}]}]}
{"op":"mcm","clk":"11801642168","pt":1722678777214,"mc":[{"id":"1.231315504","rc":[{"ltp":1.86,"id":26354926},{"ltp":2.18,"id":26354921}]}]}
{"op":"mcm","clk":"11801656151","pt":1722678932643,"mc":[{"id":"1.231315504","rc":[{"ltp":1.84,"id":26354926}]}]}
{"op":"mcm","clk":"11801665047","pt":1722679016538,"mc":[{"id":"1.231315504","rc":[{"ltp":2.16,"id":26354921}]}]}
{"op":"mcm","clk":"11801676662","pt":1722679124065,"mc":[{"id":"1.231315504","rc":[{"ltp":1.86,"id":26354926}]}]}
{"op":"mcm","clk":"11801692405","pt":1722679256664,"mc":[{"id":"1.231315504","rc":[{"ltp":1.85,"id":26354926}]}]}
{"op":"mcm","clk":"11801706042","pt":1722679379920,"mc":[{"id":"1.231315504","rc":[{"ltp":1.86,"id":26354926}]}]}
{"op":"mcm","clk":"11801712215","pt":1722679431976,"mc":[{"id":"1.231315504","rc":[{"ltp":1.85,"id":26354926}]}]}
{"op":"mcm","clk":"11801720942","pt":1722679496915,"mc":[{"id":"1.231315504","rc":[{"ltp":1.86,"id":26354926},{"ltp":2.18,"id":26354921}]}]}
{"op":"mcm","clk":"11801740954","pt":1722679646314,"mc":[{"id":"1.231315504","rc":[{"ltp":1.85,"id":26354926}]}]}
{"op":"mcm","clk":"11801772460","pt":1722679856933,"mc":[{"id":"1.231315504","rc":[{"ltp":2.16,"id":26354921}]}]}
{"op":"mcm","clk":"11801801024","pt":1722680036151,"mc":[{"id":"1.231315504","rc":[{"ltp":2.18,"id":26354921}]}]}
{"op":"mcm","clk":"11801819194","pt":1722680164552,"mc":[{"id":"1.231315504","rc":[{"ltp":2.16,"id":26354921}]}]}
{"op":"mcm","clk":"11801834551","pt":1722680275471,"mc":[{"id":"1.231315504","rc":[{"ltp":1.86,"id":26354926}]}]}
{"op":"mcm","clk":"11801870327","pt":1722680547839,"mc":[{"id":"1.231315504","rc":[{"ltp":1.85,"id":26354926}]}]}
{"op":"mcm","clk":"11801896563","pt":1722680738211,"mc":[{"id":"1.231315504","rc":[{"ltp":2.18,"id":26354921}]}]}
{"op":"mcm","clk":"11801917246","pt":1722680877453,"mc":[{"id":"1.231315504","rc":[{"ltp":2.16,"id":26354921}]}]}
{"op":"mcm","clk":"11801918291","pt":1722680885089,"mc":[{"id":"1.231315504","rc":[{"ltp":1.86,"id":26354926}]}]}
{"op":"mcm","clk":"11801944010","pt":1722681061262,"mc":[{"id":"1.231315504","rc":[{"ltp":1.85,"id":26354926}]}]}
{"op":"mcm","clk":"11801967291","pt":1722681215871,"mc":[{"id":"1.231315504","rc":[{"ltp":1.86,"id":26354926}]}]}
{"op":"mcm","clk":"11801984302","pt":1722681335210,"mc":[{"id":"1.231315504","rc":[{"ltp":1.85,"id":26354926}]}]}
{"op":"mcm","clk":"11801991453","pt":1722681389929,"mc":[{"id":"1.231315504","rc":[{"ltp":1.86,"id":26354926}]}]}
{"op":"mcm","clk":"11802055157","pt":1722681829475,"mc":[{"id":"1.231315504","rc":[{"ltp":1.88,"id":26354926},{"ltp":2.14,"id":26354921}]}]}
{"op":"mcm","clk":"11802062493","pt":1722681881034,"mc":[{"id":"1.231315504","rc":[{"ltp":1.89,"id":26354926}]}]}
{"op":"mcm","clk":"11802084738","pt":1722682031186,"mc":[{"id":"1.231315504","rc":[{"ltp":1.88,"id":26354926}]}]}
{"op":"mcm","clk":"11802105773","pt":1722682183352,"mc":[{"id":"1.231315504","rc":[{"ltp":1.87,"id":26354926}]}]}
{"op":"mcm","clk":"11802158303","pt":1722682642164,"mc":[{"id":"1.231315504","rc":[{"ltp":2.12,"id":26354921}]}]}
{"op":"mcm","clk":"11802167545","pt":1722682738374,"mc":[{"id":"1.231315504","rc":[{"ltp":1.86,"id":26354926}]}]}
{"op":"mcm","clk":"11802257511","pt":1722683424299,"mc":[{"id":"1.231315504","rc":[{"ltp":1.87,"id":26354926}]}]}
{"op":"mcm","clk":"11802394389","pt":1722684251407,"mc":[{"id":"1.231315504","rc":[{"ltp":1.88,"id":26354926}]}]}
{"op":"mcm","clk":"11802408255","pt":1722684347588,"mc":[{"id":"1.231315504","rc":[{"ltp":1.87,"id":26354926},{"ltp":2.14,"id":26354921}]}]}
{"op":"mcm","clk":"11802416426","pt":1722684406954,"mc":[{"id":"1.231315504","rc":[{"ltp":1.86,"id":26354926}]}]}
{"op":"mcm","clk":"11802433810","pt":1722684538901,"mc":[{"id":"1.231315504","rc":[{"ltp":2.16,"id":26354921}]}]}
{"op":"mcm","clk":"11802450419","pt":1722684651012,"mc":[{"id":"1.231315504","rc":[{"ltp":1.85,"id":26354926}]}]}
{"op":"mcm","clk":"11802466589","pt":1722684757030,"mc":[{"id":"1.231315504","rc":[{"ltp":1.86,"id":26354926}]}]}
{"op":"mcm","clk":"11802564323","pt":1722685364852,"mc":[{"id":"1.231315504","rc":[{"ltp":1.85,"id":26354926},{"ltp":2.18,"id":26354921}]}]}
{"op":"mcm","clk":"11802571238","pt":1722685410186,"mc":[{"id":"1.231315504","rc":[{"ltp":1.84,"id":26354926}]}]}
{"op":"mcm","clk":"11802598297","pt":1722685586920,"mc":[{"id":"1.231315504","rc":[{"ltp":2.16,"id":26354921}]}]}
{"op":"mcm","clk":"11802643167","pt":1722685849024,"mc":[{"id":"1.231315504","rc":[{"ltp":1.85,"id":26354926}]}]}
{"op":"mcm","clk":"11802700923","pt":1722686245956,"mc":[{"id":"1.231315504","rc":[{"ltp":1.84,"id":26354926}]}]}
{"op":"mcm","clk":"11802734679","pt":1722686492604,"mc":[{"id":"1.231315504","rc":[{"ltp":1.85,"id":26354926}]}]}
{"op":"mcm","clk":"11802746691","pt":1722686581386,"mc":[{"id":"1.231315504","rc":[{"ltp":2.2,"id":26354921}]}]}
{"op":"mcm","clk":"11802753959","pt":1722686632009,"mc":[{"id":"1.231315504","rc":[{"ltp":1.84,"id":26354926},{"ltp":2.18,"id":26354921}]}]}
{"op":"mcm","clk":"11802763655","pt":1722686698021,"mc":[{"id":"1.231315504","rc":[{"ltp":1.85,"id":26354926}]}]}
{"op":"mcm","clk":"11802772518","pt":1722686753872,"mc":[{"id":"1.231315504","rc":[{"ltp":1.84,"id":26354926},{"ltp":2.16,"id":26354921}]}]}
{"op":"mcm","clk":"11802803130","pt":1722686938084,"mc":[{"id":"1.231315504","rc":[{"ltp":1.86,"id":26354926}]}]}
{"op":"mcm","clk":"11802822228","pt":1722687051781,"mc":[{"id":"1.231315504","rc":[{"ltp":1.84,"id":26354926}]}]}
{"op":"mcm","clk":"11802832435","pt":1722687113153,"mc":[{"id":"1.231315504","rc":[{"ltp":1.86,"id":26354926}]}]}
{"op":"mcm","clk":"11802869270","pt":1722687349626,"mc":[{"id":"1.231315504","rc":[{"ltp":1.85,"id":26354926}]}]}
{"op":"mcm","clk":"11802894862","pt":1722687526414,"mc":[{"id":"1.231315504","rc":[{"ltp":1.86,"id":26354926}]}]}
{"op":"mcm","clk":"11802931910","pt":1722687778709,"mc":[{"id":"1.231315504","rc":[{"ltp":1.88,"id":26354926},{"ltp":2.12,"id":26354921}]}]}
{"op":"mcm","clk":"11802940687","pt":1722687837211,"mc":[{"id":"1.231315504","rc":[{"ltp":2.14,"id":26354921}]}]}
{"op":"mcm","clk":"11802948390","pt":1722687884976,"mc":[{"id":"1.231315504","rc":[{"ltp":1.87,"id":26354926}]}]}
{"op":"mcm","clk":"11802960897","pt":1722687961066,"mc":[{"id":"1.231315504","rc":[{"ltp":1.86,"id":26354926}]}]}
{"op":"mcm","clk":"11802969852","pt":1722688020124,"mc":[{"id":"1.231315504","rc":[{"ltp":1.88,"id":26354926}]}]}
{"op":"mcm","clk":"11802978809","pt":1722688079948,"mc":[{"id":"1.231315504","rc":[{"ltp":1.89,"id":26354926}]}]}
{"op":"mcm","clk":"11802988790","pt":1722688140950,"mc":[{"id":"1.231315504","rc":[{"ltp":1.9,"id":26354926}]}]}
{"op":"mcm","clk":"11802998197","pt":1722688200991,"mc":[{"id":"1.231315504","rc":[{"ltp":1.88,"id":26354926}]}]}
{"op":"mcm","clk":"11803007691","pt":1722688261387,"mc":[{"id":"1.231315504","rc":[{"ltp":1.89,"id":26354926},{"ltp":2.12,"id":26354921}]}]}
{"op":"mcm","clk":"11803015000","pt":1722688313141,"mc":[{"id":"1.231315504","rc":[{"ltp":1.88,"id":26354926}]}]}
{"op":"mcm","clk":"11803032440","pt":1722688435546,"mc":[{"id":"1.231315504","rc":[{"ltp":1.89,"id":26354926},{"ltp":2.14,"id":26354921}]}]}
{"op":"mcm","clk":"11803050841","pt":1722688557683,"mc":[{"id":"1.231315504","rc":[{"ltp":2.1,"id":26354921}]}]}
{"op":"mcm","clk":"11803054795","pt":1722688583512,"mc":[{"id":"1.231315504","rc":[{"ltp":1.88,"id":26354926}]}]}
{"op":"mcm","clk":"11803068305","pt":1722688670588,"mc":[{"id":"1.231315504","rc":[{"ltp":1.89,"id":26354926}]}]}
{"op":"mcm","clk":"11803077721","pt":1722688730549,"mc":[{"id":"1.231315504","rc":[{"ltp":1.87,"id":26354926},{"ltp":2.12,"id":26354921}]}]}
{"op":"mcm","clk":"11803088153","pt":1722688801192,"mc":[{"id":"1.231315504","rc":[{"ltp":1.9,"id":26354926}]}]}
{"op":"mcm","clk":"11803097636","pt":1722688861551,"mc":[{"id":"1.231315504","rc":[{"ltp":1.87,"id":26354926},{"ltp":2.16,"id":26354921}]}]}
{"op":"mcm","clk":"11803105273","pt":1722688913298,"mc":[{"id":"1.231315504","rc":[{"ltp":1.88,"id":26354926}]}]}
{"op":"mcm","clk":"11803127417","pt":1722688981075,"mc":[{"id":"1.231315504","rc":[{"ltp":2.12,"id":26354921}]}]}
{"op":"mcm","clk":"11803135869","pt":1722689035145,"mc":[{"id":"1.231315504","rc":[{"ltp":1.89,"id":26354926}]}]}
{"op":"mcm","clk":"11803144785","pt":1722689093443,"mc":[{"id":"1.231315504","rc":[{"ltp":1.87,"id":26354926}]}]}
{"op":"mcm","clk":"11803155587","pt":1722689156558,"mc":[{"id":"1.231315504","rc":[{"ltp":1.88,"id":26354926}]}]}
{"op":"mcm","clk":"11803166128","pt":1722689217438,"mc":[{"id":"1.231315504","rc":[{"ltp":1.87,"id":26354926},{"ltp":2.16,"id":26354921}]}]}
{"op":"mcm","clk":"11803175893","pt":1722689281577,"mc":[{"id":"1.231315504","rc":[{"ltp":1.86,"id":26354926},{"ltp":2.14,"id":26354921}]}]}
{"op":"mcm","clk":"11803193932","pt":1722689400783,"mc":[{"id":"1.231315504","rc":[{"ltp":1.87,"id":26354926}]}]}
{"op":"mcm","clk":"11803202266","pt":1722689456576,"mc":[{"id":"1.231315504","rc":[{"ltp":1.88,"id":26354926},{"ltp":2.12,"id":26354921}]}]}
{"op":"mcm","clk":"11803211746","pt":1722689521530,"mc":[{"id":"1.231315504","rc":[{"ltp":1.87,"id":26354926},{"ltp":2.1,"id":26354921}]}]}
{"op":"mcm","clk":"11803219624","pt":1722689576493,"mc":[{"id":"1.231315504","rc":[{"ltp":1.89,"id":26354926},{"ltp":2.12,"id":26354921}]}]}
{"op":"mcm","clk":"11803244170","pt":1722689745225,"mc":[{"id":"1.231315504","rc":[{"ltp":1.88,"id":26354926}]}]}
{"op":"mcm","clk":"11803262767","pt":1722689877286,"mc":[{"id":"1.231315504","rc":[{"ltp":1.89,"id":26354926}]}]}
{"op":"mcm","clk":"11803271399","pt":1722689937906,"mc":[{"id":"1.231315504","rc":[{"ltp":1.86,"id":26354926},{"ltp":2.16,"id":26354921}]}]}
{"op":"mcm","clk":"11803280246","pt":1722690001325,"mc":[{"id":"1.231315504","rc":[{"ltp":2.14,"id":26354921}]}]}
{"op":"mcm","clk":"11803286952","pt":1722690041449,"mc":[{"id":"1.231315504","rc":[{"ltp":1.87,"id":26354926},{"ltp":2.12,"id":26354921}]}]}
{"op":"mcm","clk":"11803299390","pt":1722690118315,"mc":[{"id":"1.231315504","rc":[{"ltp":1.86,"id":26354926}]}]}
{"op":"mcm","clk":"11803309912","pt":1722690180795,"mc":[{"id":"1.231315504","rc":[{"ltp":1.97,"id":26354926},{"ltp":2.04,"id":26354921}]}]}
{"op":"mcm","clk":"11803320266","pt":1722690241580,"mc":[{"id":"1.231315504","rc":[{"ltp":2.06,"id":26354926},{"ltp":1.94,"id":26354921}]}]}
{"op":"mcm","clk":"11803330346","pt":1722690301255,"mc":[{"id":"1.231315504","rc":[{"ltp":2.02,"id":26354926},{"ltp":1.96,"id":26354921}]}]}
{"op":"mcm","clk":"11803340571","pt":1722690360944,"mc":[{"id":"1.231315504","rc":[{"ltp":1.99,"id":26354921}]}]}
{"op":"mcm","clk":"11803351186","pt":1722690420251,"mc":[{"id":"1.231315504","rc":[{"ltp":1.98,"id":26354926},{"ltp":2.02,"id":26354921}]}]}
{"op":"mcm","clk":"11803361506","pt":1722690481243,"mc":[{"id":"1.231315504","rc":[{"ltp":2.02,"id":26354926},{"ltp":1.98,"id":26354921}]}]}
{"op":"mcm","clk":"11803371432","pt":1722690541117,"mc":[{"id":"1.231315504","rc":[{"ltp":2.04,"id":26354926},{"ltp":1.96,"id":26354921}]}]}
{"op":"mcm","clk":"11803393222","pt":1722690660806,"mc":[{"id":"1.231315504","rc":[{"ltp":1.94,"id":26354921}]}]}
{"op":"mcm","clk":"11803404288","pt":1722690721572,"mc":[{"id":"1.231315504","rc":[{"ltp":2.06,"id":26354926},{"ltp":1.93,"id":26354921}]}]}
{"op":"mcm","clk":"11803414559","pt":1722690781245,"mc":[{"id":"1.231315504","rc":[{"ltp":2.04,"id":26354926},{"ltp":1.95,"id":26354921}]}]}
{"op":"mcm","clk":"11803436675","pt":1722690900166,"mc":[{"id":"1.231315504","rc":[{"ltp":2.02,"id":26354926},{"ltp":1.97,"id":26354921}]}]}
{"op":"mcm","clk":"11803447757","pt":1722690960056,"mc":[{"id":"1.231315504","rc":[{"ltp":1.98,"id":26354921}]}]}
{"op":"mcm","clk":"11803468761","pt":1722691081082,"mc":[{"id":"1.231315504","rc":[{"ltp":2.04,"id":26354926},{"ltp":1.95,"id":26354921}]}]}
{"op":"mcm","clk":"11803489342","pt":1722691200814,"mc":[{"id":"1.231315504","rc":[{"ltp":2.02,"id":26354926},{"ltp":1.98,"id":26354921}]}]}
{"op":"mcm","clk":"11803499377","pt":1722691261192,"mc":[{"id":"1.231315504","rc":[{"ltp":2.06,"id":26354926},{"ltp":1.93,"id":26354921}]}]}
{"op":"mcm","clk":"11803540766","pt":1722691501439,"mc":[{"id":"1.231315504","rc":[{"ltp":2.08,"id":26354926},{"ltp":1.94,"id":26354921}]}]}
{"op":"mcm","clk":"11803551810","pt":1722691561499,"mc":[{"id":"1.231315504","rc":[{"ltp":1.92,"id":26354921}]}]}
{"op":"mcm","clk":"11803561973","pt":1722691621544,"mc":[{"id":"1.231315504","rc":[{"ltp":2.06,"id":26354926}]}]}
{"op":"mcm","clk":"11803572168","pt":1722691680825,"mc":[{"id":"1.231315504","rc":[{"ltp":2.08,"id":26354926},{"ltp":1.9,"id":26354921}]}]}
{"op":"mcm","clk":"11803581887","pt":1722691741607,"mc":[{"id":"1.231315504","rc":[{"ltp":1.91,"id":26354921}]}]}
{"op":"mcm","clk":"11803591555","pt":1722691801566,"mc":[{"id":"1.231315504","marketDefinition":{"bspMarket":false,"turnInPlayEnabled":true,"persistenceEnabled":true,"marketBaseRate":5.0,"eventId":"33460487","eventTypeId":"4","numberOfWinners":1,"bettingType":"ODDS","marketType":"MATCH_ODDS","marketTime":"2024-08-03T13:30:00.000Z","suspendTime":"2024-08-03T13:30:00.000Z","bspReconciled":false,"complete":true,"inPlay":true,"crossMatching":true,"runnersVoidable":false,"numberOfActiveRunners":2,"betDelay":5,"status":"OPEN","runners":[{"status":"ACTIVE","sortPriority":1,"id":26354921,"name":"Birmingham Phoenix"},{"status":"ACTIVE","sortPriority":2,"id":26354926,"name":"Southern Brave"}],"regulators":["MR_INT"],"countryCode":"GB","discountAllowed":true,"timezone":"GMT","openDate":"2024-08-03T13:30:00.000Z","version":6053496689,"name":"Match Odds","eventName":"Birmingham Phoenix v Southern Brave"},"rc":[{"ltp":2.1,"id":26354926}]}]}
{"op":"mcm","clk":"11803603604","pt":1722691861529,"mc":[{"id":"1.231315504","rc":[{"ltp":2.22,"id":26354926},{"ltp":1.83,"id":26354921}]}]}
{"op":"mcm","clk":"11803615184","pt":1722691921582,"mc":[{"id":"1.231315504","rc":[{"ltp":2.28,"id":26354926},{"ltp":1.76,"id":26354921}]}]}
{"op":"mcm","clk":"11803626576","pt":1722691981589,"mc":[{"id":"1.231315504","rc":[{"ltp":2.14,"id":26354926},{"ltp":1.87,"id":26354921}]}]}
{"op":"mcm","clk":"11803637204","pt":1722692041629,"mc":[{"id":"1.231315504","rc":[{"ltp":2.16,"id":26354926},{"ltp":1.83,"id":26354921}]}]}
{"op":"mcm","clk":"11803647597","pt":1722692101605,"mc":[{"id":"1.231315504","rc":[{"ltp":1.92,"id":26354926},{"ltp":2.08,"id":26354921}]}]}
{"op":"mcm","clk":"11803658638","pt":1722692161581,"mc":[{"id":"1.231315504","rc":[{"ltp":1.89,"id":26354926},{"ltp":2.12,"id":26354921}]}]}
{"op":"mcm","clk":"11803668538","pt":1722692221523,"mc":[{"id":"1.231315504","rc":[{"ltp":1.92,"id":26354926},{"ltp":2.06,"id":26354921}]}]}
{"op":"mcm","clk":"11803678579","pt":1722692281515,"mc":[{"id":"1.231315504","rc":[{"ltp":1.93,"id":26354926},{"ltp":2.04,"id":26354921}]}]}
{"op":"mcm","clk":"11803688811","pt":1722692341492,"mc":[{"id":"1.231315504","rc":[{"ltp":2.04,"id":26354926},{"ltp":1.96,"id":26354921}]}]}
{"op":"mcm","clk":"11803699034","pt":1722692401521,"mc":[{"id":"1.231315504","rc":[{"ltp":2.0,"id":26354926},{"ltp":1.99,"id":26354921}]}]}
{"op":"mcm","clk":"11803709761","pt":1722692461524,"mc":[{"id":"1.231315504","rc":[{"ltp":2.06,"id":26354926},{"ltp":1.94,"id":26354921}]}]}
{"op":"mcm","clk":"11803719988","pt":1722692521403,"mc":[{"id":"1.231315504","rc":[{"ltp":2.04,"id":26354926},{"ltp":1.96,"id":26354921}]}]}
{"op":"mcm","clk":"11803729970","pt":1722692581553,"mc":[{"id":"1.231315504","rc":[{"ltp":2.14,"id":26354926},{"ltp":1.88,"id":26354921}]}]}
{"op":"mcm","clk":"11803740396","pt":1722692641615,"mc":[{"id":"1.231315504","rc":[{"ltp":2.18,"id":26354926},{"ltp":1.84,"id":26354921}]}]}
{"op":"mcm","clk":"11803750650","pt":1722692701550,"mc":[{"id":"1.231315504","rc":[{"ltp":2.24,"id":26354926},{"ltp":1.8,"id":26354921}]}]}
{"op":"mcm","clk":"11803761709","pt":1722692761493,"mc":[{"id":"1.231315504","rc":[{"ltp":2.16,"id":26354926},{"ltp":1.87,"id":26354921}]}]}
{"op":"mcm","clk":"11803771576","pt":1722692821551,"mc":[{"id":"1.231315504","rc":[{"ltp":2.04,"id":26354926},{"ltp":1.95,"id":26354921}]}]}
{"op":"mcm","clk":"11803781722","pt":1722692881343,"mc":[{"id":"1.231315504","rc":[{"ltp":2.1,"id":26354926},{"ltp":1.91,"id":26354921}]}]}
{"op":"mcm","clk":"11803791662","pt":1722692941598,"mc":[{"id":"1.231315504","rc":[{"ltp":2.16,"id":26354926},{"ltp":1.88,"id":26354921}]}]}
{"op":"mcm","clk":"11803801279","pt":1722693001610,"mc":[{"id":"1.231315504","rc":[{"ltp":2.14,"id":26354926},{"ltp":1.87,"id":26354921}]}]}
{"op":"mcm","clk":"11803810356","pt":1722693061130,"mc":[{"id":"1.231315504","rc":[{"ltp":1.88,"id":26354921}]}]}
{"op":"mcm","clk":"11803820028","pt":1722693121553,"mc":[{"id":"1.231315504","rc":[{"ltp":1.91,"id":26354926},{"ltp":2.08,"id":26354921}]}]}
{"op":"mcm","clk":"11803829327","pt":1722693181617,"mc":[{"id":"1.231315504","rc":[{"ltp":1.87,"id":26354926},{"ltp":2.12,"id":26354921}]}]}
{"op":"mcm","clk":"11803838109","pt":1722693241590,"mc":[{"id":"1.231315504","rc":[{"ltp":1.77,"id":26354926},{"ltp":2.28,"id":26354921}]}]}
{"op":"mcm","clk":"11803846710","pt":1722693301630,"mc":[{"id":"1.231315504","rc":[{"ltp":1.66,"id":26354926},{"ltp":2.5,"id":26354921}]}]}
{"op":"mcm","clk":"11803864979","pt":1722693421628,"mc":[{"id":"1.231315504","rc":[{"ltp":1.48,"id":26354926},{"ltp":3.05,"id":26354921}]}]}
{"op":"mcm","clk":"11803873222","pt":1722693481618,"mc":[{"id":"1.231315504","rc":[{"ltp":1.47,"id":26354926}]}]}
{"op":"mcm","clk":"11803882037","pt":1722693541621,"mc":[{"id":"1.231315504","rc":[{"ltp":1.38,"id":26354926},{"ltp":3.55,"id":26354921}]}]}
{"op":"mcm","clk":"11803892221","pt":1722693601570,"mc":[{"id":"1.231315504","rc":[{"ltp":1.34,"id":26354926},{"ltp":3.9,"id":26354921}]}]}
{"op":"mcm","clk":"11803904908","pt":1722693661557,"mc":[{"id":"1.231315504","rc":[{"ltp":1.43,"id":26354926},{"ltp":3.3,"id":26354921}]}]}
{"op":"mcm","clk":"11803917771","pt":1722693721625,"mc":[{"id":"1.231315504","rc":[{"ltp":1.42,"id":26354926}]}]}
{"op":"mcm","clk":"11803932151","pt":1722693781606,"mc":[{"id":"1.231315504","rc":[{"ltp":1.37,"id":26354926},{"ltp":3.7,"id":26354921}]}]}
{"op":"mcm","clk":"11803947007","pt":1722693841596,"mc":[{"id":"1.231315504","rc":[{"ltp":1.36,"id":26354926},{"ltp":3.8,"id":26354921}]}]}
{"op":"mcm","clk":"11803963539","pt":1722693901605,"mc":[{"id":"1.231315504","rc":[{"ltp":3.75,"id":26354921}]}]}
{"op":"mcm","clk":"11803999119","pt":1722694021620,"mc":[{"id":"1.231315504","rc":[{"ltp":1.4,"id":26354926},{"ltp":3.4,"id":26354921}]}]}
{"op":"mcm","clk":"11804016595","pt":1722694081593,"mc":[{"id":"1.231315504","rc":[{"ltp":1.41,"id":26354926}]}]}
{"op":"mcm","clk":"11804033997","pt":1722694141583,"mc":[{"id":"1.231315504","rc":[{"ltp":1.4,"id":26354926},{"ltp":3.5,"id":26354921}]}]}
{"op":"mcm","clk":"11804070411","pt":1722694261615,"mc":[{"id":"1.231315504","rc":[{"ltp":3.4,"id":26354921}]}]}
{"op":"mcm","clk":"11804088433","pt":1722694321568,"mc":[{"id":"1.231315504","rc":[{"ltp":1.48,"id":26354926},{"ltp":3.05,"id":26354921}]}]}
{"op":"mcm","clk":"11804136095","pt":1722694441504,"mc":[{"id":"1.231315504","rc":[{"ltp":1.51,"id":26354926},{"ltp":2.92,"id":26354921}]}]}
{"op":"mcm","clk":"11804153945","pt":1722694501553,"mc":[{"id":"1.231315504","rc":[{"ltp":1.49,"id":26354926},{"ltp":3.0,"id":26354921}]}]}
{"op":"mcm","clk":"11804172009","pt":1722694561627,"mc":[{"id":"1.231315504","rc":[{"ltp":1.53,"id":26354926},{"ltp":2.9,"id":26354921}]}]}
{"op":"mcm","clk":"11804189746","pt":1722694621626,"mc":[{"id":"1.231315504","rc":[{"ltp":1.48,"id":26354926},{"ltp":3.05,"id":26354921}]}]}
{"op":"mcm","clk":"11804207325","pt":1722694681612,"mc":[{"id":"1.231315504","rc":[{"ltp":1.37,"id":26354926},{"ltp":3.7,"id":26354921}]}]}
{"op":"mcm","clk":"11804224207","pt":1722694741560,"mc":[{"id":"1.231315504","rc":[{"ltp":1.31,"id":26354926},{"ltp":4.2,"id":26354921}]}]}
{"op":"mcm","clk":"11804240396","pt":1722694801550,"mc":[{"id":"1.231315504","rc":[{"ltp":1.36,"id":26354926},{"ltp":3.8,"id":26354921}]}]}
{"op":"mcm","clk":"11804257192","pt":1722694861576,"mc":[{"id":"1.231315504","rc":[{"ltp":1.38,"id":26354926},{"ltp":3.6,"id":26354921}]}]}
{"op":"mcm","clk":"11804273665","pt":1722694921580,"mc":[{"id":"1.231315504","rc":[{"ltp":1.34,"id":26354926},{"ltp":3.9,"id":26354921}]}]}
{"op":"mcm","clk":"11804290689","pt":1722694981566,"mc":[{"id":"1.231315504","rc":[{"ltp":1.32,"id":26354926},{"ltp":4.3,"id":26354921}]}]}
{"op":"mcm","clk":"11804307940","pt":1722695041618,"mc":[{"id":"1.231315504","rc":[{"ltp":1.25,"id":26354926},{"ltp":4.9,"id":26354921}]}]}
{"op":"mcm","clk":"11804325718","pt":1722695101570,"mc":[{"id":"1.231315504","rc":[{"ltp":1.28,"id":26354926},{"ltp":4.6,"id":26354921}]}]}
{"op":"mcm","clk":"11804342725","pt":1722695161612,"mc":[{"id":"1.231315504","rc":[{"ltp":4.5,"id":26354921}]}]}
{"op":"mcm","clk":"11804360133","pt":1722695221622,"mc":[{"id":"1.231315504","rc":[{"ltp":1.29,"id":26354926}]}]}
{"op":"mcm","clk":"11804377481","pt":1722695281557,"mc":[{"id":"1.231315504","rc":[{"ltp":1.31,"id":26354926},{"ltp":4.1,"id":26354921}]}]}
{"op":"mcm","clk":"11804395541","pt":1722695341527,"mc":[{"id":"1.231315504","rc":[{"ltp":1.33,"id":26354926}]}]}
{"op":"mcm","clk":"11804413528","pt":1722695401587,"mc":[{"id":"1.231315504","rc":[{"ltp":1.32,"id":26354926}]}]}
{"op":"mcm","clk":"11804431769","pt":1722695461615,"mc":[{"id":"1.231315504","rc":[{"ltp":1.34,"id":26354926},{"ltp":3.9,"id":26354921}]}]}
{"op":"mcm","clk":"11804450242","pt":1722695521549,"mc":[{"id":"1.231315504","rc":[{"ltp":1.35,"id":26354926},{"ltp":3.75,"id":26354921}]}]}
{"op":"mcm","clk":"11804468222","pt":1722695581426,"mc":[{"id":"1.231315504","rc":[{"ltp":1.37,"id":26354926}]}]}
{"op":"mcm","clk":"11804486620","pt":1722695641625,"mc":[{"id":"1.231315504","rc":[{"ltp":1.41,"id":26354926},{"ltp":3.45,"id":26354921}]}]}
{"op":"mcm","clk":"11804505079","pt":1722695701554,"mc":[{"id":"1.231315504","rc":[{"ltp":1.39,"id":26354926},{"ltp":3.55,"id":26354921}]}]}
{"op":"mcm","clk":"11804523147","pt":1722695761631,"mc":[{"id":"1.231315504","rc":[{"ltp":1.41,"id":26354926},{"ltp":3.4,"id":26354921}]}]}
{"op":"mcm","clk":"11804540985","pt":1722695821579,"mc":[{"id":"1.231315504","rc":[{"ltp":1.44,"id":26354926},{"ltp":3.25,"id":26354921}]}]}
{"op":"mcm","clk":"11804558195","pt":1722695881622,"mc":[{"id":"1.231315504","rc":[{"ltp":1.41,"id":26354926},{"ltp":3.45,"id":26354921}]}]}
{"op":"mcm","clk":"11804575883","pt":1722695941551,"mc":[{"id":"1.231315504","rc":[{"ltp":3.4,"id":26354921}]}]}
{"op":"mcm","clk":"11804594668","pt":1722696001628,"mc":[{"id":"1.231315504","rc":[{"ltp":1.4,"id":26354926}]}]}
{"op":"mcm","clk":"11804613503","pt":1722696061612,"mc":[{"id":"1.231315504","rc":[{"ltp":1.39,"id":26354926},{"ltp":3.5,"id":26354921}]}]}
{"op":"mcm","clk":"11804631760","pt":1722696121345,"mc":[{"id":"1.231315504","rc":[{"ltp":1.4,"id":26354926}]}]}
{"op":"mcm","clk":"11804650156","pt":1722696181606,"mc":[{"id":"1.231315504","rc":[{"ltp":1.41,"id":26354926}]}]}
{"op":"mcm","clk":"11804668379","pt":1722696241568,"mc":[{"id":"1.231315504","rc":[{"ltp":3.45,"id":26354921}]}]}
{"op":"mcm","clk":"11804685688","pt":1722696301416,"mc":[{"id":"1.231315504","rc":[{"ltp":1.4,"id":26354926},{"ltp":3.5,"id":26354921}]}]}
{"op":"mcm","clk":"11804771612","pt":1722696661566,"mc":[{"id":"1.231315504","rc":[{"ltp":1.41,"id":26354926},{"ltp":3.45,"id":26354921}]}]}
{"op":"mcm","clk":"11804781739","pt":1722696721612,"mc":[{"id":"1.231315504","rc":[{"ltp":1.39,"id":26354926},{"ltp":3.55,"id":26354921}]}]}
{"op":"mcm","clk":"11804791220","pt":1722696781571,"mc":[{"id":"1.231315504","rc":[{"ltp":1.44,"id":26354926},{"ltp":3.35,"id":26354921}]}]}
{"op":"mcm","clk":"11804800893","pt":1722696841623,"mc":[{"id":"1.231315504","rc":[{"ltp":1.43,"id":26354926},{"ltp":3.3,"id":26354921}]}]}
{"op":"mcm","clk":"11804810333","pt":1722696901599,"mc":[{"id":"1.231315504","rc":[{"ltp":1.48,"id":26354926},{"ltp":3.05,"id":26354921}]}]}
{"op":"mcm","clk":"11804820164","pt":1722696961574,"mc":[{"id":"1.231315504","rc":[{"ltp":1.68,"id":26354926},{"ltp":2.46,"id":26354921}]}]}
{"op":"mcm","clk":"11804829356","pt":1722697021531,"mc":[{"id":"1.231315504","rc":[{"ltp":1.58,"id":26354926},{"ltp":2.72,"id":26354921}]}]}
{"op":"mcm","clk":"11804839097","pt":1722697081599,"mc":[{"id":"1.231315504","rc":[{"ltp":1.59,"id":26354926},{"ltp":2.68,"id":26354921}]}]}
{"op":"mcm","clk":"11804849019","pt":1722697141579,"mc":[{"id":"1.231315504","rc":[{"ltp":1.74,"id":26354926},{"ltp":2.36,"id":26354921}]}]}
{"op":"mcm","clk":"11804860426","pt":1722697201536,"mc":[{"id":"1.231315504","rc":[{"ltp":1.65,"id":26354926},{"ltp":2.56,"id":26354921}]}]}
{"op":"mcm","clk":"11804873366","pt":1722697261600,"mc":[{"id":"1.231315504","rc":[{"ltp":1.78,"id":26354926},{"ltp":2.28,"id":26354921}]}]}
{"op":"mcm","clk":"11804886894","pt":1722697321614,"mc":[{"id":"1.231315504","rc":[{"ltp":1.83,"id":26354926},{"ltp":2.22,"id":26354921}]}]}
{"op":"mcm","clk":"11804901711","pt":1722697381590,"mc":[{"id":"1.231315504","rc":[{"ltp":1.92,"id":26354926},{"ltp":2.1,"id":26354921}]}]}
{"op":"mcm","clk":"11804917065","pt":1722697441607,"mc":[{"id":"1.231315504","rc":[{"ltp":1.57,"id":26354926},{"ltp":2.68,"id":26354921}]}]}
{"op":"mcm","clk":"11804933588","pt":1722697501550,"mc":[{"id":"1.231315504","rc":[{"ltp":2.74,"id":26354921}]}]}
{"op":"mcm","clk":"11804950748","pt":1722697561507,"mc":[{"id":"1.231315504","rc":[{"ltp":1.59,"id":26354926},{"ltp":2.7,"id":26354921}]}]}
{"op":"mcm","clk":"11804968748","pt":1722697621572,"mc":[{"id":"1.231315504","rc":[{"ltp":1.7,"id":26354926},{"ltp":2.44,"id":26354921}]}]}
{"op":"mcm","clk":"11804986430","pt":1722697681619,"mc":[{"id":"1.231315504","rc":[{"ltp":1.72,"id":26354926},{"ltp":2.36,"id":26354921}]}]}
{"op":"mcm","clk":"11805005372","pt":1722697741620,"mc":[{"id":"1.231315504","rc":[{"ltp":1.64,"id":26354926},{"ltp":2.54,"id":26354921}]}]}
{"op":"mcm","clk":"11805024422","pt":1722697801543,"mc":[{"id":"1.231315504","rc":[{"ltp":1.72,"id":26354926},{"ltp":2.36,"id":26354921}]}]}
{"op":"mcm","clk":"11805042849","pt":1722697861559,"mc":[{"id":"1.231315504","rc":[{"ltp":1.79,"id":26354926},{"ltp":2.22,"id":26354921}]}]}
{"op":"mcm","clk":"11805061471","pt":1722697921604,"mc":[{"id":"1.231315504","rc":[{"ltp":2.18,"id":26354926},{"ltp":1.82,"id":26354921}]}]}
{"op":"mcm","clk":"11805080452","pt":1722697981533,"mc":[{"id":"1.231315504","rc":[{"ltp":2.38,"id":26354926},{"ltp":1.73,"id":26354921}]}]}
{"op":"mcm","clk":"11805099530","pt":1722698041584,"mc":[{"id":"1.231315504","rc":[{"ltp":2.28,"id":26354926},{"ltp":1.8,"id":26354921}]}]}
{"op":"mcm","clk":"11805118387","pt":1722698101593,"mc":[{"id":"1.231315504","rc":[{"ltp":2.36,"id":26354926},{"ltp":1.75,"id":26354921}]}]}
{"op":"mcm","clk":"11805136791","pt":1722698161551,"mc":[{"id":"1.231315504","rc":[{"ltp":2.64,"id":26354926},{"ltp":1.61,"id":26354921}]}]}
{"op":"mcm","clk":"11805155246","pt":1722698221612,"mc":[{"id":"1.231315504","rc":[{"ltp":2.8,"id":26354926},{"ltp":1.55,"id":26354921}]}]}
{"op":"mcm","clk":"11805173255","pt":1722698281586,"mc":[{"id":"1.231315504","rc":[{"ltp":3.1,"id":26354926},{"ltp":1.48,"id":26354921}]}]}
{"op":"mcm","clk":"11805209960","pt":1722698401529,"mc":[{"id":"1.231315504","rc":[{"ltp":3.05,"id":26354926}]}]}
{"op":"mcm","clk":"11805228984","pt":1722698461573,"mc":[{"id":"1.231315504","rc":[{"ltp":3.2,"id":26354926},{"ltp":1.45,"id":26354921}]}]}
{"op":"mcm","clk":"11805247994","pt":1722698521568,"mc":[{"id":"1.231315504","rc":[{"ltp":3.1,"id":26354926},{"ltp":1.49,"id":26354921}]}]}
{"op":"mcm","clk":"11805266240","pt":1722698581618,"mc":[{"id":"1.231315504","rc":[{"ltp":3.0,"id":26354926}]}]}
{"op":"mcm","clk":"11805285294","pt":1722698641590,"mc":[{"id":"1.231315504","rc":[{"ltp":3.05,"id":26354926},{"ltp":1.48,"id":26354921}]}]}
{"op":"mcm","clk":"11805303541","pt":1722698701592,"mc":[{"id":"1.231315504","rc":[{"ltp":2.92,"id":26354926},{"ltp":1.52,"id":26354921}]}]}
{"op":"mcm","clk":"11805322375","pt":1722698761584,"mc":[{"id":"1.231315504","rc":[{"ltp":3.5,"id":26354926},{"ltp":1.4,"id":26354921}]}]}
{"op":"mcm","clk":"11805340168","pt":1722698821628,"mc":[{"id":"1.231315504","rc":[{"ltp":5.5,"id":26354926},{"ltp":1.22,"id":26354921}]}]}
{"op":"mcm","clk":"11805357552","pt":1722698881591,"mc":[{"id":"1.231315504","rc":[{"ltp":5.0,"id":26354926},{"ltp":1.25,"id":26354921}]}]}
{"op":"mcm","clk":"11805373841","pt":1722698941546,"mc":[{"id":"1.231315504","rc":[{"ltp":4.8,"id":26354926}]}]}
{"op":"mcm","clk":"11805390507","pt":1722699001608,"mc":[{"id":"1.231315504","rc":[{"ltp":4.2,"id":26354926},{"ltp":1.31,"id":26354921}]}]}
{"op":"mcm","clk":"11805406866","pt":1722699061580,"mc":[{"id":"1.231315504","rc":[{"ltp":2.76,"id":26354926},{"ltp":1.57,"id":26354921}]}]}
{"op":"mcm","clk":"11805423980","pt":1722699121588,"mc":[{"id":"1.231315504","rc":[{"ltp":2.86,"id":26354926},{"ltp":1.54,"id":26354921}]}]}
{"op":"mcm","clk":"11805441272","pt":1722699181549,"mc":[{"id":"1.231315504","rc":[{"ltp":2.78,"id":26354926},{"ltp":1.56,"id":26354921}]}]}
{"op":"mcm","clk":"11805459276","pt":1722699241595,"mc":[{"id":"1.231315504","rc":[{"ltp":2.58,"id":26354926},{"ltp":1.64,"id":26354921}]}]}
{"op":"mcm","clk":"11805477327","pt":1722699301614,"mc":[{"id":"1.231315504","rc":[{"ltp":2.36,"id":26354926},{"ltp":1.73,"id":26354921}]}]}
{"op":"mcm","clk":"11805495508","pt":1722699361575,"mc":[{"id":"1.231315504","rc":[{"ltp":2.7,"id":26354926},{"ltp":1.6,"id":26354921}]}]}
{"op":"mcm","clk":"11805513431","pt":1722699421593,"mc":[{"id":"1.231315504","rc":[{"ltp":1.95,"id":26354926},{"ltp":2.04,"id":26354921}]}]}
{"op":"mcm","clk":"11805532229","pt":1722699481585,"mc":[{"id":"1.231315504","rc":[{"ltp":1.85,"id":26354926},{"ltp":2.16,"id":26354921}]}]}
{"op":"mcm","clk":"11805551008","pt":1722699541541,"mc":[{"id":"1.231315504","rc":[{"ltp":1.8,"id":26354926},{"ltp":2.24,"id":26354921}]}]}
{"op":"mcm","clk":"11805569184","pt":1722699601567,"mc":[{"id":"1.231315504","rc":[{"ltp":1.68,"id":26354926},{"ltp":2.46,"id":26354921}]}]}
{"op":"mcm","clk":"11805588060","pt":1722699661622,"mc":[{"id":"1.231315504","rc":[{"ltp":1.56,"id":26354926},{"ltp":2.78,"id":26354921}]}]}
{"op":"mcm","clk":"11805606437","pt":1722699721554,"mc":[{"id":"1.231315504","rc":[{"ltp":1.42,"id":26354926},{"ltp":3.35,"id":26354921}]}]}
{"op":"mcm","clk":"11805636511","pt":1722699781548,"mc":[{"id":"1.231315504","rc":[{"ltp":1.28,"id":26354926},{"ltp":4.6,"id":26354921}]}]}
{"op":"mcm","clk":"11805655216","pt":1722699841581,"mc":[{"id":"1.231315504","rc":[{"ltp":1.29,"id":26354926},{"ltp":4.5,"id":26354921}]}]}
{"op":"mcm","clk":"11805672964","pt":1722699901551,"mc":[{"id":"1.231315504","rc":[{"ltp":1.26,"id":26354926},{"ltp":4.7,"id":26354921}]}]}
{"op":"mcm","clk":"11805689404","pt":1722699961593,"mc":[{"id":"1.231315504","rc":[{"ltp":1.12,"id":26354926},{"ltp":9.2,"id":26354921}]}]}
{"op":"mcm","clk":"11805718793","pt":1722700081540,"mc":[{"id":"1.231315504","rc":[{"ltp":1.14,"id":26354926},{"ltp":8.6,"id":26354921}]}]}
{"op":"mcm","clk":"11805732770","pt":1722700141573,"mc":[{"id":"1.231315504","rc":[{"ltp":8.0,"id":26354921}]}]}
{"op":"mcm","clk":"11805745658","pt":1722700201616,"mc":[{"id":"1.231315504","rc":[{"ltp":1.08,"id":26354926},{"ltp":13.5,"id":26354921}]}]}
{"op":"mcm","clk":"11805757835","pt":1722700261586,"mc":[{"id":"1.231315504","rc":[{"ltp":1.07,"id":26354926},{"ltp":18.0,"id":26354921}]}]}
{"op":"mcm","clk":"11805769576","pt":1722700321612,"mc":[{"id":"1.231315504","rc":[{"ltp":1.03,"id":26354926},{"ltp":40.0,"id":26354921}]}]}
{"op":"mcm","clk":"11805780548","pt":1722700381589,"mc":[{"id":"1.231315504","rc":[{"ltp":44.0,"id":26354921}]}]}
{"op":"mcm","clk":"11805791089","pt":1722700441544,"mc":[{"id":"1.231315504","rc":[{"ltp":34.0,"id":26354921}]}]}
{"op":"mcm","clk":"11805801382","pt":1722700501485,"mc":[{"id":"1.231315504","rc":[{"ltp":44.0,"id":26354921}]}]}
{"op":"mcm","clk":"11805812003","pt":1722700561534,"mc":[{"id":"1.231315504","rc":[{"ltp":1.01,"id":26354926},{"ltp":110.0,"id":26354921}]}]}
{"op":"mcm","clk":"11805821823","pt":1722700621538,"mc":[{"id":"1.231315504","rc":[{"ltp":1.02,"id":26354926},{"ltp":100.0,"id":26354921}]}]}
{"op":"mcm","clk":"11805831070","pt":1722700681573,"mc":[{"id":"1.231315504","rc":[{"ltp":90.0,"id":26354921}]}]}
{"op":"mcm","clk":"11805841280","pt":1722700741556,"mc":[{"id":"1.231315504","rc":[{"ltp":1.01,"id":26354926},{"ltp":150.0,"id":26354921}]}]}
{"op":"mcm","clk":"11805850919","pt":1722700801622,"mc":[{"id":"1.231315504","rc":[{"ltp":180.0,"id":26354921}]}]}
{"op":"mcm","clk":"11805861559","pt":1722700861560,"mc":[{"id":"1.231315504","rc":[{"ltp":210.0,"id":26354921}]}]}
{"op":"mcm","clk":"11805871786","pt":1722700920699,"mc":[{"id":"1.231315504","rc":[{"ltp":600.0,"id":26354921}]}]}
{"op":"mcm","clk":"11805882013","pt":1722700981475,"mc":[{"id":"1.231315504","rc":[{"ltp":120.0,"id":26354921}]}]}
{"op":"mcm","clk":"11805892512","pt":1722701041562,"mc":[{"id":"1.231315504","rc":[{"ltp":990.0,"id":26354921}]}]}
{"op":"mcm","clk":"11805902402","pt":1722701101022,"mc":[{"id":"1.231315504","rc":[{"ltp":1000.0,"id":26354921}]}]}
{"op":"mcm","clk":"11805997051","pt":1722701638298,"mc":[{"id":"1.231315504","marketDefinition":{"bspMarket":false,"turnInPlayEnabled":true,"persistenceEnabled":true,"marketBaseRate":5.0,"eventId":"33460487","eventTypeId":"4","numberOfWinners":1,"bettingType":"ODDS","marketType":"MATCH_ODDS","marketTime":"2024-08-03T13:30:00.000Z","suspendTime":"2024-08-03T13:30:00.000Z","bspReconciled":false,"complete":true,"inPlay":true,"crossMatching":true,"runnersVoidable":false,"numberOfActiveRunners":2,"betDelay":5,"status":"SUSPENDED","runners":[{"status":"ACTIVE","sortPriority":1,"id":26354921,"name":"Birmingham Phoenix"},{"status":"ACTIVE","sortPriority":2,"id":26354926,"name":"Southern Brave"}],"regulators":["MR_INT"],"countryCode":"GB","discountAllowed":true,"timezone":"GMT","openDate":"2024-08-03T13:30:00.000Z","version":6054296587,"name":"Match Odds","eventName":"Birmingham Phoenix v Southern Brave"}}]}
{"op":"mcm","clk":"11806049735","pt":1722701910323,"mc":[{"id":"1.231315504","marketDefinition":{"bspMarket":false,"turnInPlayEnabled":true,"persistenceEnabled":true,"marketBaseRate":5.0,"eventId":"33460487","eventTypeId":"4","numberOfWinners":1,"bettingType":"ODDS","marketType":"MATCH_ODDS","marketTime":"2024-08-03T13:30:00.000Z","suspendTime":"2024-08-03T13:30:00.000Z","bspReconciled":false,"complete":true,"inPlay":true,"crossMatching":false,"runnersVoidable":false,"numberOfActiveRunners":0,"betDelay":5,"status":"CLOSED","settledTime":"2024-08-03T16:16:35.000Z","runners":[{"status":"LOSER","sortPriority":1,"id":26354921,"name":"Birmingham Phoenix"},{"status":"WINNER","sortPriority":2,"id":26354926,"name":"Southern Brave"}],"regulators":["MR_INT"],"countryCode":"GB","discountAllowed":true,"timezone":"GMT","openDate":"2024-08-03T13:30:00.000Z","version":6054314357,"name":"Match Odds","eventName":"Birmingham Phoenix v Southern Brave"}}]}
