{"op":"mcm","clk":"11737704085","pt":1722334109409,"mc":[{"id":"1.231243232","marketDefinition":{"bspMarket":false,"turnInPlayEnabled":true,"persistenceEnabled":true,"marketBaseRate":5.0,"eventId":"33455130","eventTypeId":"4","numberOfWinners":1,"bettingType":"ODDS","marketType":"MATCH_ODDS","marketTime":"2024-08-02T17:30:00.000Z","suspendTime":"2024-08-02T17:30:00.000Z","bspReconciled":false,"complete":true,"inPlay":false,"crossMatching":true,"runnersVoidable":false,"numberOfActiveRunners":2,"betDelay":0,"status":"OPEN","runners":[{"status":"ACTIVE","sortPriority":1,"id":26354923,"name":"Oval Invincibles"},{"status":"ACTIVE","sortPriority":2,"id":26354924,"name":"Northern Superchargers"}],"regulators":["MR_INT"],"countryCode":"GB","discountAllowed":true,"timezone":"GMT","openDate":"2024-08-02T17:30:00.000Z","version":6047226857,"name":"Match Odds","eventName":"Oval Invincibles v Northern Superchargers"}}]}
{"op":"mcm","clk":"11741913331","pt":1722395962237,"mc":[{"id":"1.231243232","rc":[{"ltp":1.8,"id":26354923}]}]}
{"op":"mcm","clk":"11751933682","pt":1722536106778,"mc":[{"id":"1.231243232","rc":[{"ltp":1.86,"id":26354923},{"ltp":2.16,"id":26354924}]}]}
{"op":"mcm","clk":"11752234192","pt":1722537948860,"mc":[{"id":"1.231243232","rc":[{"ltp":1.8,"id":26354923}]}]}
{"op":"mcm","clk":"11752524484","pt":1722540012137,"mc":[{"id":"1.231243232","rc":[{"ltp":1.76,"id":26354923}]}]}
{"op":"mcm","clk":"11752596101","pt":1722540563551,"mc":[{"id":"1.231243232","rc":[{"ltp":1.86,"id":26354923}]}]}
{"op":"mcm","clk":"11752631146","pt":1722540865326,"mc":[{"id":"1.231243232","rc":[{"ltp":1.76,"id":26354923}]}]}
{"op":"mcm","clk":"11752721453","pt":1722541585035,"mc":[{"id":"1.231243232","rc":[{"ltp":1.8,"id":26354923}]}]}
{"op":"mcm","clk":"11752767678","pt":1722542005299,"mc":[{"id":"1.231243232","rc":[{"ltp":1.77,"id":26354923}]}]}
{"op":"mcm","clk":"11752773591","pt":1722542064288,"mc":[{"id":"1.231243232","rc":[{"ltp":1.76,"id":26354923}]}]}
{"op":"mcm","clk":"11752792594","pt":1722542243929,"mc":[{"id":"1.231243232","rc":[{"ltp":1.86,"id":26354923}]}]}
{"op":"mcm","clk":"11752799515","pt":1722542304748,"mc":[{"id":"1.231243232","rc":[{"ltp":1.76,"id":26354923}]}]}
{"op":"mcm","clk":"11752915538","pt":1722543744178,"mc":[{"id":"1.231243232","rc":[{"ltp":1.78,"id":26354923}]}]}
{"op":"mcm","clk":"11753043586","pt":1722545822329,"mc":[{"id":"1.231243232","rc":[{"ltp":1.86,"id":26354923},{"ltp":2.14,"id":26354924}]}]}
{"op":"mcm","clk":"11753133394","pt":1722548065207,"mc":[{"id":"1.231243232","rc":[{"ltp":2.16,"id":26354924}]}]}
{"op":"mcm","clk":"11753178717","pt":1722549209619,"mc":[{"id":"1.231243232","rc":[{"ltp":1.79,"id":26354923}]}]}
{"op":"mcm","clk":"11753264267","pt":1722551364126,"mc":[{"id":"1.231243232","rc":[{"ltp":1.87,"id":26354923}]}]}
{"op":"mcm","clk":"11753385038","pt":1722554785355,"mc":[{"id":"1.231243232","rc":[{"ltp":1.8,"id":26354923}]}]}
{"op":"mcm","clk":"11753483504","pt":1722557125272,"mc":[{"id":"1.231243232","rc":[{"ltp":2.18,"id":26354924}]}]}
{"op":"mcm","clk":"11754410059","pt":1722572353169,"mc":[{"id":"1.231243232","rc":[{"ltp":1.84,"id":26354923}]}]}
{"op":"mcm","clk":"11754526836","pt":1722574526217,"mc":[{"id":"1.231243232","rc":[{"ltp":1.85,"id":26354923}]}]}
{"op":"mcm","clk":"11754536598","pt":1722574739027,"mc":[{"id":"1.231243232","rc":[{"ltp":1.84,"id":26354923}]}]}
{"op":"mcm","clk":"11754579524","pt":1722575562108,"mc":[{"id":"1.231243232","rc":[{"ltp":1.82,"id":26354923}]}]}
{"op":"mcm","clk":"11754706718","pt":1722578185117,"mc":[{"id":"1.231243232","rc":[{"ltp":1.85,"id":26354923}]}]}
{"op":"mcm","clk":"11754761490","pt":1722579313782,"mc":[{"id":"1.231243232","rc":[{"ltp":1.84,"id":26354923}]}]}
{"op":"mcm","clk":"11754776715","pt":1722579617496,"mc":[{"id":"1.231243232","rc":[{"ltp":1.85,"id":26354923}]}]}
{"op":"mcm","clk":"11754811908","pt":1722580373305,"mc":[{"id":"1.231243232","rc":[{"ltp":1.86,"id":26354923}]}]}
{"op":"mcm","clk":"11754821084","pt":1722580577675,"mc":[{"id":"1.231243232","rc":[{"ltp":1.85,"id":26354923}]}]}
{"op":"mcm","clk":"11754839292","pt":1722580941613,"mc":[{"id":"1.231243232","rc":[{"ltp":1.86,"id":26354923}]}]}
{"op":"mcm","clk":"11754841836","pt":1722580995862,"mc":[{"id":"1.231243232","rc":[{"ltp":1.85,"id":26354923}]}]}
{"op":"mcm","clk":"11754899362","pt":1722582547832,"mc":[{"id":"1.231243232","rc":[{"ltp":1.86,"id":26354923}]}]}
{"op":"mcm","clk":"11754928888","pt":1722583070476,"mc":[{"id":"1.231243232","rc":[{"ltp":1.85,"id":26354923}]}]}
{"op":"mcm","clk":"11754955047","pt":1722583698954,"mc":[{"id":"1.231243232","rc":[{"ltp":2.16,"id":26354924}]}]}
{"op":"mcm","clk":"11754959690","pt":1722583823107,"mc":[{"id":"1.231243232","rc":[{"ltp":1.86,"id":26354923}]}]}
{"op":"mcm","clk":"11754976473","pt":1722584241640,"mc":[{"id":"1.231243232","rc":[{"ltp":1.85,"id":26354923}]}]}
{"op":"mcm","clk":"11755004414","pt":1722585004022,"mc":[{"id":"1.231243232","rc":[{"ltp":1.84,"id":26354923}]}]}
{"op":"mcm","clk":"11755016279","pt":1722585308723,"mc":[{"id":"1.231243232","rc":[{"ltp":1.85,"id":26354923}]}]}
{"op":"mcm","clk":"11755028042","pt":1722585574457,"mc":[{"id":"1.231243232","rc":[{"ltp":1.86,"id":26354923}]}]}
{"op":"mcm","clk":"11755038397","pt":1722585787803,"mc":[{"id":"1.231243232","rc":[{"ltp":1.87,"id":26354923}]}]}
{"op":"mcm","clk":"11755046958","pt":1722585984010,"mc":[{"id":"1.231243232","rc":[{"ltp":1.83,"id":26354923},{"ltp":2.18,"id":26354924}]}]}
{"op":"mcm","clk":"11755069457","pt":1722586476960,"mc":[{"id":"1.231243232","rc":[{"ltp":2.16,"id":26354924}]}]}
{"op":"mcm","clk":"11755122588","pt":1722587535069,"mc":[{"id":"1.231243232","rc":[{"ltp":1.85,"id":26354923}]}]}
{"op":"mcm","clk":"11755130252","pt":1722587663319,"mc":[{"id":"1.231243232","rc":[{"ltp":1.86,"id":26354923}]}]}
{"op":"mcm","clk":"11755273370","pt":1722589643839,"mc":[{"id":"1.231243232","rc":[{"ltp":1.87,"id":26354923},{"ltp":2.14,"id":26354924}]}]}
{"op":"mcm","clk":"11755278223","pt":1722589703929,"mc":[{"id":"1.231243232","rc":[{"ltp":1.85,"id":26354923},{"ltp":2.16,"id":26354924}]}]}
{"op":"mcm","clk":"11755294701","pt":1722589911609,"mc":[{"id":"1.231243232","rc":[{"ltp":2.14,"id":26354924}]}]}
{"op":"mcm","clk":"11755312120","pt":1722590120052,"mc":[{"id":"1.231243232","rc":[{"ltp":1.86,"id":26354923},{"ltp":2.16,"id":26354924}]}]}
{"op":"mcm","clk":"11755428771","pt":1722591533496,"mc":[{"id":"1.231243232","rc":[{"ltp":1.87,"id":26354923}]}]}
{"op":"mcm","clk":"11755454483","pt":1722591853411,"mc":[{"id":"1.231243232","rc":[{"ltp":2.14,"id":26354924}]}]}
{"op":"mcm","clk":"11755506676","pt":1722592517760,"mc":[{"id":"1.231243232","rc":[{"ltp":1.88,"id":26354923}]}]}
{"op":"mcm","clk":"11755509694","pt":1722592549617,"mc":[{"id":"1.231243232","rc":[{"ltp":1.86,"id":26354923}]}]}
{"op":"mcm","clk":"11755519176","pt":1722592645305,"mc":[{"id":"1.231243232","rc":[{"ltp":1.88,"id":26354923}]}]}
{"op":"mcm","clk":"11755528639","pt":1722592739123,"mc":[{"id":"1.231243232","rc":[{"ltp":1.87,"id":26354923}]}]}
{"op":"mcm","clk":"11755567065","pt":1722593109665,"mc":[{"id":"1.231243232","rc":[{"ltp":1.89,"id":26354923}]}]}
{"op":"mcm","clk":"11755590393","pt":1722593359361,"mc":[{"id":"1.231243232","rc":[{"ltp":1.87,"id":26354923}]}]}
{"op":"mcm","clk":"11755591365","pt":1722593370949,"mc":[{"id":"1.231243232","rc":[{"ltp":2.12,"id":26354924}]}]}
{"op":"mcm","clk":"11755728296","pt":1722594720643,"mc":[{"id":"1.231243232","rc":[{"ltp":2.14,"id":26354924}]}]}
{"op":"mcm","clk":"11755822353","pt":1722595704901,"mc":[{"id":"1.231243232","rc":[{"ltp":2.12,"id":26354924}]}]}
{"op":"mcm","clk":"11756002949","pt":1722597532105,"mc":[{"id":"1.231243232","rc":[{"ltp":2.14,"id":26354924}]}]}
{"op":"mcm","clk":"11756420557","pt":1722601721741,"mc":[{"id":"1.231243232","rc":[{"ltp":1.86,"id":26354923}]}]}
{"op":"mcm","clk":"11756515641","pt":1722602706104,"mc":[{"id":"1.231243232","rc":[{"ltp":2.16,"id":26354924}]}]}
{"op":"mcm","clk":"11756544049","pt":1722602971770,"mc":[{"id":"1.231243232","rc":[{"ltp":2.14,"id":26354924}]}]}
{"op":"mcm","clk":"11756761135","pt":1722604991970,"mc":[{"id":"1.231243232","rc":[{"ltp":1.87,"id":26354923}]}]}
{"op":"mcm","clk":"11756779626","pt":1722605165791,"mc":[{"id":"1.231243232","rc":[{"ltp":1.86,"id":26354923}]}]}
{"op":"mcm","clk":"11756793649","pt":1722605302616,"mc":[{"id":"1.231243232","rc":[{"ltp":1.88,"id":26354923}]}]}
{"op":"mcm","clk":"11756809499","pt":1722605464202,"mc":[{"id":"1.231243232","rc":[{"ltp":1.86,"id":26354923}]}]}
{"op":"mcm","clk":"11756817882","pt":1722605543535,"mc":[{"id":"1.231243232","rc":[{"ltp":1.87,"id":26354923}]}]}
{"op":"mcm","clk":"11756843293","pt":1722605784189,"mc":[{"id":"1.231243232","rc":[{"ltp":1.86,"id":26354923}]}]}
{"op":"mcm","clk":"11756861490","pt":1722605964248,"mc":[{"id":"1.231243232","rc":[{"ltp":1.88,"id":26354923}]}]}
{"op":"mcm","clk":"11756873469","pt":1722606077840,"mc":[{"id":"1.231243232","rc":[{"ltp":1.87,"id":26354923}]}]}
{"op":"mcm","clk":"11756926514","pt":1722606622151,"mc":[{"id":"1.231243232","rc":[{"ltp":1.86,"id":26354923}]}]}
{"op":"mcm","clk":"11756935171","pt":1722606709635,"mc":[{"id":"1.231243232","rc":[{"ltp":2.16,"id":26354924}]}]}
{"op":"mcm","clk":"11756944625","pt":1722606803336,"mc":[{"id":"1.231243232","rc":[{"ltp":1.87,"id":26354923},{"ltp":2.14,"id":26354924}]}]}
{"op":"mcm","clk":"11756979235","pt":1722607150216,"mc":[{"id":"1.231243232","rc":[{"ltp":1.86,"id":26354923}]}]}
{"op":"mcm","clk":"11756987207","pt":1722607220620,"mc":[{"id":"1.231243232","rc":[{"ltp":1.9,"id":26354923}]}]}
{"op":"mcm","clk":"11757036397","pt":1722607686310,"mc":[{"id":"1.231243232","rc":[{"ltp":1.87,"id":26354923}]}]}
{"op":"mcm","clk":"11757063062","pt":1722607923761,"mc":[{"id":"1.231243232","rc":[{"ltp":1.86,"id":26354923}]}]}
{"op":"mcm","clk":"11757082064","pt":1722608110174,"mc":[{"id":"1.231243232","rc":[{"ltp":2.12,"id":26354924}]}]}
{"op":"mcm","clk":"11757086435","pt":1722608155245,"mc":[{"id":"1.231243232","rc":[{"ltp":1.87,"id":26354923}]}]}
{"op":"mcm","clk":"11757092461","pt":1722608210574,"mc":[{"id":"1.231243232","rc":[{"ltp":1.86,"id":26354923}]}]}
{"op":"mcm","clk":"11757105350","pt":1722608331192,"mc":[{"id":"1.231243232","rc":[{"ltp":1.89,"id":26354923}]}]}
{"op":"mcm","clk":"11757124633","pt":1722608529446,"mc":[{"id":"1.231243232","rc":[{"ltp":1.87,"id":26354923}]}]}
{"op":"mcm","clk":"11757154307","pt":1722608819861,"mc":[{"id":"1.231243232","rc":[{"ltp":1.86,"id":26354923}]}]}
{"op":"mcm","clk":"11757171654","pt":1722608987043,"mc":[{"id":"1.231243232","rc":[{"ltp":1.87,"id":26354923}]}]}
{"op":"mcm","clk":"11757181313","pt":1722609072860,"mc":[{"id":"1.231243232","rc":[{"ltp":1.86,"id":26354923}]}]}
{"op":"mcm","clk":"11757225577","pt":1722609498957,"mc":[{"id":"1.231243232","rc":[{"ltp":1.87,"id":26354923}]}]}
{"op":"mcm","clk":"11757228095","pt":1722609528890,"mc":[{"id":"1.231243232","rc":[{"ltp":2.14,"id":26354924}]}]}
{"op":"mcm","clk":"11757271731","pt":1722609862515,"mc":[{"id":"1.231243232","rc":[{"ltp":1.88,"id":26354923}]}]}
{"op":"mcm","clk":"11757277651","pt":1722609922683,"mc":[{"id":"1.231243232","rc":[{"ltp":1.89,"id":26354923}]}]}
{"op":"mcm","clk":"11757362417","pt":1722610738202,"mc":[{"id":"1.231243232","rc":[{"ltp":1.87,"id":26354923}]}]}
{"op":"mcm","clk":"11757381133","pt":1722610897663,"mc":[{"id":"1.231243232","rc":[{"ltp":1.86,"id":26354923}]}]}
{"op":"mcm","clk":"11757391616","pt":1722610981689,"mc":[{"id":"1.231243232","rc":[{"ltp":1.87,"id":26354923}]}]}
{"op":"mcm","clk":"11757415578","pt":1722611174370,"mc":[{"id":"1.231243232","rc":[{"ltp":1.88,"id":26354923}]}]}
{"op":"mcm","clk":"11757425426","pt":1722611258983,"mc":[{"id":"1.231243232","rc":[{"ltp":1.87,"id":26354923}]}]}
{"op":"mcm","clk":"11757479810","pt":1722611718145,"mc":[{"id":"1.231243232","rc":[{"ltp":1.89,"id":26354923},{"ltp":2.12,"id":26354924}]}]}
{"op":"mcm","clk":"11757494997","pt":1722611838870,"mc":[{"id":"1.231243232","rc":[{"ltp":1.88,"id":26354923}]}]}
{"op":"mcm","clk":"11757646363","pt":1722613034313,"mc":[{"id":"1.231243232","rc":[{"ltp":1.89,"id":26354923}]}]}
{"op":"mcm","clk":"11757662499","pt":1722613155436,"mc":[{"id":"1.231243232","rc":[{"ltp":2.1,"id":26354924}]}]}
{"op":"mcm","clk":"11757671119","pt":1722613217698,"mc":[{"id":"1.231243232","rc":[{"ltp":2.12,"id":26354924}]}]}
{"op":"mcm","clk":"11757676357","pt":1722613257751,"mc":[{"id":"1.231243232","rc":[{"ltp":1.88,"id":26354923}]}]}
{"op":"mcm","clk":"11757710050","pt":1722613524989,"mc":[{"id":"1.231243232","rc":[{"ltp":1.89,"id":26354923},{"ltp":2.1,"id":26354924}]}]}
{"op":"mcm","clk":"11757719970","pt":1722613606290,"mc":[{"id":"1.231243232","rc":[{"ltp":2.12,"id":26354924}]}]}
{"op":"mcm","clk":"11757730864","pt":1722613703226,"mc":[{"id":"1.231243232","rc":[{"ltp":1.9,"id":26354923},{"ltp":2.1,"id":26354924}]}]}
{"op":"mcm","clk":"11757742034","pt":1722613803529,"mc":[{"id":"1.231243232","rc":[{"ltp":2.08,"id":26354924}]}]}
{"op":"mcm","clk":"11757751440","pt":1722613884318,"mc":[{"id":"1.231243232","rc":[{"ltp":2.1,"id":26354924}]}]}
{"op":"mcm","clk":"11757758656","pt":1722613943062,"mc":[{"id":"1.231243232","rc":[{"ltp":1.87,"id":26354923},{"ltp":2.12,"id":26354924}]}]}
{"op":"mcm","clk":"11757766240","pt":1722614005226,"mc":[{"id":"1.231243232","rc":[{"ltp":1.89,"id":26354923}]}]}
{"op":"mcm","clk":"11757771937","pt":1722614056981,"mc":[{"id":"1.231243232","rc":[{"ltp":1.87,"id":26354923}]}]}
{"op":"mcm","clk":"11757800454","pt":1722614304666,"mc":[{"id":"1.231243232","rc":[{"ltp":1.89,"id":26354923}]}]}
{"op":"mcm","clk":"11757806411","pt":1722614359009,"mc":[{"id":"1.231243232","rc":[{"ltp":1.9,"id":26354923},{"ltp":2.1,"id":26354924}]}]}
{"op":"mcm","clk":"11757819726","pt":1722614465922,"mc":[{"id":"1.231243232","rc":[{"ltp":2.08,"id":26354924}]}]}
{"op":"mcm","clk":"11757836852","pt":1722614584119,"mc":[{"id":"1.231243232","rc":[{"ltp":2.14,"id":26354924}]}]}
{"op":"mcm","clk":"11757847885","pt":1722614662201,"mc":[{"id":"1.231243232","rc":[{"ltp":1.91,"id":26354923},{"ltp":2.08,"id":26354924}]}]}
{"op":"mcm","clk":"11757854396","pt":1722614708067,"mc":[{"id":"1.231243232","rc":[{"ltp":1.89,"id":26354923},{"ltp":2.14,"id":26354924}]}]}
{"op":"mcm","clk":"11757865237","pt":1722614783111,"mc":[{"id":"1.231243232","rc":[{"ltp":2.12,"id":26354924}]}]}
{"op":"mcm","clk":"11757900489","pt":1722615023090,"mc":[{"id":"1.231243232","rc":[{"ltp":1.88,"id":26354923}]}]}
{"op":"mcm","clk":"11757910197","pt":1722615085066,"mc":[{"id":"1.231243232","rc":[{"ltp":1.89,"id":26354923}]}]}
{"op":"mcm","clk":"11757919764","pt":1722615142944,"mc":[{"id":"1.231243232","rc":[{"ltp":1.86,"id":26354923}]}]}
{"op":"mcm","clk":"11757976482","pt":1722615427251,"mc":[{"id":"1.231243232","rc":[{"ltp":1.89,"id":26354923}]}]}
{"op":"mcm","clk":"11757989181","pt":1722615504031,"mc":[{"id":"1.231243232","rc":[{"ltp":1.86,"id":26354923}]}]}
{"op":"mcm","clk":"11757995347","pt":1722615544159,"mc":[{"id":"1.231243232","rc":[{"ltp":1.88,"id":26354923}]}]}
{"op":"mcm","clk":"11758008357","pt":1722615622563,"mc":[{"id":"1.231243232","rc":[{"ltp":1.86,"id":26354923}]}]}
{"op":"mcm","clk":"11758046660","pt":1722615860092,"mc":[{"id":"1.231243232","rc":[{"ltp":2.16,"id":26354924}]}]}
{"op":"mcm","clk":"11758052594","pt":1722615903595,"mc":[{"id":"1.231243232","rc":[{"ltp":1.87,"id":26354923},{"ltp":2.14,"id":26354924}]}]}
{"op":"mcm","clk":"11758082153","pt":1722616096245,"mc":[{"id":"1.231243232","rc":[{"ltp":2.12,"id":26354924}]}]}
{"op":"mcm","clk":"11758092346","pt":1722616165024,"mc":[{"id":"1.231243232","rc":[{"ltp":1.88,"id":26354923}]}]}
{"op":"mcm","clk":"11758099109","pt":1722616209986,"mc":[{"id":"1.231243232","rc":[{"ltp":1.87,"id":26354923},{"ltp":2.14,"id":26354924}]}]}
{"op":"mcm","clk":"11758109762","pt":1722616277538,"mc":[{"id":"1.231243232","rc":[{"ltp":2.12,"id":26354924}]}]}
{"op":"mcm","clk":"11758127383","pt":1722616394979,"mc":[{"id":"1.231243232","rc":[{"ltp":2.14,"id":26354924}]}]}
{"op":"mcm","clk":"11758139081","pt":1722616464618,"mc":[{"id":"1.231243232","rc":[{"ltp":1.86,"id":26354923}]}]}
{"op":"mcm","clk":"11758149695","pt":1722616523772,"mc":[{"id":"1.231243232","rc":[{"ltp":1.87,"id":26354923}]}]}
{"op":"mcm","clk":"11758169784","pt":1722616638171,"mc":[{"id":"1.231243232","rc":[{"ltp":1.88,"id":26354923}]}]}
{"op":"mcm","clk":"11758180628","pt":1722616702025,"mc":[{"id":"1.231243232","rc":[{"ltp":1.86,"id":26354923}]}]}
{"op":"mcm","clk":"11758202208","pt":1722616820980,"mc":[{"id":"1.231243232","rc":[{"ltp":2.16,"id":26354924}]}]}
{"op":"mcm","clk":"11758223939","pt":1722616945218,"mc":[{"id":"1.231243232","rc":[{"ltp":1.88,"id":26354923},{"ltp":2.12,"id":26354924}]}]}
{"op":"mcm","clk":"11758234275","pt":1722617003425,"mc":[{"id":"1.231243232","rc":[{"ltp":1.91,"id":26354923},{"ltp":2.1,"id":26354924}]}]}
{"op":"mcm","clk":"11758244090","pt":1722617064973,"mc":[{"id":"1.231243232","rc":[{"ltp":1.9,"id":26354923},{"ltp":2.08,"id":26354924}]}]}
{"op":"mcm","clk":"11758253222","pt":1722617124425,"mc":[{"id":"1.231243232","rc":[{"ltp":2.1,"id":26354924}]}]}
{"op":"mcm","clk":"11758261102","pt":1722617179194,"mc":[{"id":"1.231243232","rc":[{"ltp":1.91,"id":26354923},{"ltp":2.08,"id":26354924}]}]}
{"op":"mcm","clk":"11758270622","pt":1722617242450,"mc":[{"id":"1.231243232","rc":[{"ltp":1.9,"id":26354923},{"ltp":2.1,"id":26354924}]}]}
{"op":"mcm","clk":"11758285326","pt":1722617340770,"mc":[{"id":"1.231243232","rc":[{"ltp":1.91,"id":26354923},{"ltp":2.08,"id":26354924}]}]}
{"op":"mcm","clk":"11758298317","pt":1722617425378,"mc":[{"id":"1.231243232","rc":[{"ltp":1.9,"id":26354923}]}]}
{"op":"mcm","clk":"11758315797","pt":1722617542818,"mc":[{"id":"1.231243232","rc":[{"ltp":1.91,"id":26354923}]}]}
{"op":"mcm","clk":"11758324188","pt":1722617604757,"mc":[{"id":"1.231243232","rc":[{"ltp":1.9,"id":26354923},{"ltp":2.1,"id":26354924}]}]}
{"op":"mcm","clk":"11758332240","pt":1722617662244,"mc":[{"id":"1.231243232","rc":[{"ltp":2.08,"id":26354924}]}]}
{"op":"mcm","clk":"11758340850","pt":1722617724894,"mc":[{"id":"1.231243232","rc":[{"ltp":1.92,"id":26354923}]}]}
{"op":"mcm","clk":"11758349497","pt":1722617785051,"mc":[{"id":"1.231243232","rc":[{"ltp":1.94,"id":26354923},{"ltp":2.0,"id":26354924}]}]}
{"op":"mcm","clk":"11758356450","pt":1722617840507,"mc":[{"id":"1.231243232","rc":[{"ltp":1.92,"id":26354923},{"ltp":2.08,"id":26354924}]}]}
{"op":"mcm","clk":"11758382319","pt":1722618024834,"mc":[{"id":"1.231243232","rc":[{"ltp":1.9,"id":26354923}]}]}
{"op":"mcm","clk":"11758391632","pt":1722618082202,"mc":[{"id":"1.231243232","rc":[{"ltp":1.96,"id":26354923},{"ltp":2.04,"id":26354924}]}]}
{"op":"mcm","clk":"11758402054","pt":1722618143615,"mc":[{"id":"1.231243232","rc":[{"ltp":2.0,"id":26354923},{"ltp":2.0,"id":26354924}]}]}
{"op":"mcm","clk":"11758412682","pt":1722618201871,"mc":[{"id":"1.231243232","rc":[{"ltp":1.83,"id":26354923},{"ltp":2.2,"id":26354924}]}]}
{"op":"mcm","clk":"11758423945","pt":1722618264638,"mc":[{"id":"1.231243232","rc":[{"ltp":1.84,"id":26354923},{"ltp":2.18,"id":26354924}]}]}
{"op":"mcm","clk":"11758434995","pt":1722618324435,"mc":[{"id":"1.231243232","rc":[{"ltp":1.82,"id":26354923}]}]}
{"op":"mcm","clk":"11758446326","pt":1722618385395,"mc":[{"id":"1.231243232","rc":[{"ltp":1.81,"id":26354923},{"ltp":2.24,"id":26354924}]}]}
{"op":"mcm","clk":"11758458236","pt":1722618445173,"mc":[{"id":"1.231243232","rc":[{"ltp":1.8,"id":26354923},{"ltp":2.22,"id":26354924}]}]}
{"op":"mcm","clk":"11758470368","pt":1722618505362,"mc":[{"id":"1.231243232","rc":[{"ltp":1.82,"id":26354923},{"ltp":2.2,"id":26354924}]}]}
{"op":"mcm","clk":"11758483065","pt":1722618565242,"mc":[{"id":"1.231243232","rc":[{"ltp":1.8,"id":26354923},{"ltp":2.24,"id":26354924}]}]}
{"op":"mcm","clk":"11758496023","pt":1722618625221,"mc":[{"id":"1.231243232","rc":[{"ltp":1.79,"id":26354923},{"ltp":2.26,"id":26354924}]}]}
{"op":"mcm","clk":"11758508653","pt":1722618683811,"mc":[{"id":"1.231243232","rc":[{"ltp":1.78,"id":26354923}]}]}
{"op":"mcm","clk":"11758520942","pt":1722618742243,"mc":[{"id":"1.231243232","rc":[{"ltp":1.79,"id":26354923},{"ltp":2.28,"id":26354924}]}]}
{"op":"mcm","clk":"11758547157","pt":1722618864151,"mc":[{"id":"1.231243232","rc":[{"ltp":2.26,"id":26354924}]}]}
{"op":"mcm","clk":"11758571922","pt":1722618985122,"mc":[{"id":"1.231243232","rc":[{"ltp":1.78,"id":26354923}]}]}
{"op":"mcm","clk":"11758583542","pt":1722619045330,"mc":[{"id":"1.231243232","rc":[{"ltp":2.28,"id":26354924}]}]}
{"op":"mcm","clk":"11758606944","pt":1722619164665,"mc":[{"id":"1.231243232","rc":[{"ltp":1.79,"id":26354923},{"ltp":2.26,"id":26354924}]}]}
{"op":"mcm","clk":"11758618701","pt":1722619224206,"mc":[{"id":"1.231243232","rc":[{"ltp":2.28,"id":26354924}]}]}
{"op":"mcm","clk":"11758630073","pt":1722619283451,"mc":[{"id":"1.231243232","rc":[{"ltp":1.77,"id":26354923}]}]}
{"op":"mcm","clk":"11758654198","pt":1722619405187,"mc":[{"id":"1.231243232","rc":[{"ltp":1.78,"id":26354923}]}]}
{"op":"mcm","clk":"11758666050","pt":1722619464746,"mc":[{"id":"1.231243232","rc":[{"ltp":1.75,"id":26354923},{"ltp":2.3,"id":26354924}]}]}
{"op":"mcm","clk":"11758678050","pt":1722619524891,"mc":[{"id":"1.231243232","rc":[{"ltp":1.76,"id":26354923}]}]}
{"op":"mcm","clk":"11758689912","pt":1722619585297,"mc":[{"id":"1.231243232","rc":[{"ltp":1.78,"id":26354923},{"ltp":2.28,"id":26354924}]}]}
{"op":"mcm","clk":"11758714355","pt":1722619705167,"mc":[{"id":"1.231243232","rc":[{"ltp":1.79,"id":26354923}]}]}
{"op":"mcm","clk":"11758726723","pt":1722619764722,"mc":[{"id":"1.231243232","rc":[{"ltp":1.78,"id":26354923}]}]}
{"op":"mcm","clk":"11758739190","pt":1722619825279,"mc":[{"id":"1.231243232","marketDefinition":{"bspMarket":false,"turnInPlayEnabled":true,"persistenceEnabled":true,"marketBaseRate":5.0,"eventId":"33455130","eventTypeId":"4","numberOfWinners":1,"bettingType":"ODDS","marketType":"MATCH_ODDS","marketTime":"2024-08-02T17:30:00.000Z","suspendTime":"2024-08-02T17:30:00.000Z","bspReconciled":false,"complete":true,"inPlay":true,"crossMatching":true,"runnersVoidable":false,"numberOfActiveRunners":2,"betDelay":5,"status":"OPEN","runners":[{"status":"ACTIVE","sortPriority":1,"id":26354923,"name":"Oval Invincibles"},{"status":"ACTIVE","sortPriority":2,"id":26354924,"name":"Northern Superchargers"}],"regulators":["MR_INT"],"countryCode":"GB","discountAllowed":true,"timezone":"GMT","openDate":"2024-08-02T17:30:00.000Z","version":6051873142,"name":"Match Odds","eventName":"Oval Invincibles v Northern Superchargers"}}]}
{"op":"mcm","clk":"11758763498","pt":1722619945354,"mc":[{"id":"1.231243232","rc":[{"ltp":1.7,"id":26354923},{"ltp":2.42,"id":26354924}]}]}
{"op":"mcm","clk":"11758775626","pt":1722620005395,"mc":[{"id":"1.231243232","rc":[{"ltp":1.75,"id":26354923},{"ltp":2.36,"id":26354924}]}]}
{"op":"mcm","clk":"11758787865","pt":1722620065281,"mc":[{"id":"1.231243232","rc":[{"ltp":1.86,"id":26354923},{"ltp":2.18,"id":26354924}]}]}
{"op":"mcm","clk":"11758800983","pt":1722620125375,"mc":[{"id":"1.231243232","rc":[{"ltp":1.84,"id":26354923},{"ltp":2.16,"id":26354924}]}]}
{"op":"mcm","clk":"11758813951","pt":1722620185368,"mc":[{"id":"1.231243232","rc":[{"ltp":1.95,"id":26354923},{"ltp":2.08,"id":26354924}]}]}
{"op":"mcm","clk":"11758826881","pt":1722620245302,"mc":[{"id":"1.231243232","rc":[{"ltp":1.96,"id":26354923},{"ltp":2.02,"id":26354924}]}]}
{"op":"mcm","clk":"11758839783","pt":1722620305296,"mc":[{"id":"1.231243232","rc":[{"ltp":1.91,"id":26354923},{"ltp":2.08,"id":26354924}]}]}
{"op":"mcm","clk":"11758852871","pt":1722620365355,"mc":[{"id":"1.231243232","rc":[{"ltp":1.88,"id":26354923},{"ltp":2.12,"id":26354924}]}]}
{"op":"mcm","clk":"11758866099","pt":1722620425332,"mc":[{"id":"1.231243232","rc":[{"ltp":1.84,"id":26354923},{"ltp":2.2,"id":26354924}]}]}
{"op":"mcm","clk":"11758879733","pt":1722620485337,"mc":[{"id":"1.231243232","rc":[{"ltp":1.7,"id":26354923},{"ltp":2.42,"id":26354924}]}]}
{"op":"mcm","clk":"11758893454","pt":1722620545371,"mc":[{"id":"1.231243232","rc":[{"ltp":1.66,"id":26354923},{"ltp":2.54,"id":26354924}]}]}
{"op":"mcm","clk":"11758918636","pt":1722620605368,"mc":[{"id":"1.231243232","rc":[{"ltp":1.63,"id":26354923},{"ltp":2.58,"id":26354924}]}]}
{"op":"mcm","clk":"11758947314","pt":1722620725295,"mc":[{"id":"1.231243232","rc":[{"ltp":1.62,"id":26354923},{"ltp":2.6,"id":26354924}]}]}
{"op":"mcm","clk":"11758961111","pt":1722620785385,"mc":[{"id":"1.231243232","rc":[{"ltp":1.59,"id":26354923},{"ltp":2.68,"id":26354924}]}]}
{"op":"mcm","clk":"11758973961","pt":1722620845338,"mc":[{"id":"1.231243232","rc":[{"ltp":1.64,"id":26354923},{"ltp":2.52,"id":26354924}]}]}
{"op":"mcm","clk":"11758986030","pt":1722620905364,"mc":[{"id":"1.231243232","rc":[{"ltp":1.48,"id":26354923},{"ltp":3.05,"id":26354924}]}]}
{"op":"mcm","clk":"11758996686","pt":1722620965322,"mc":[{"id":"1.231243232","rc":[{"ltp":1.38,"id":26354923},{"ltp":3.65,"id":26354924}]}]}
{"op":"mcm","clk":"11759007165","pt":1722621025391,"mc":[{"id":"1.231243232","rc":[{"ltp":1.37,"id":26354923},{"ltp":3.7,"id":26354924}]}]}
{"op":"mcm","clk":"11759027703","pt":1722621145386,"mc":[{"id":"1.231243232","rc":[{"ltp":1.36,"id":26354923},{"ltp":3.75,"id":26354924}]}]}
{"op":"mcm","clk":"11759037626","pt":1722621205338,"mc":[{"id":"1.231243232","rc":[{"ltp":1.39,"id":26354923},{"ltp":3.65,"id":26354924}]}]}
{"op":"mcm","clk":"11759047321","pt":1722621265312,"mc":[{"id":"1.231243232","rc":[{"ltp":3.55,"id":26354924}]}]}
{"op":"mcm","clk":"11759056731","pt":1722621325377,"mc":[{"id":"1.231243232","rc":[{"ltp":1.41,"id":26354923},{"ltp":3.5,"id":26354924}]}]}
{"op":"mcm","clk":"11759065917","pt":1722621385389,"mc":[{"id":"1.231243232","rc":[{"ltp":1.4,"id":26354923},{"ltp":3.4,"id":26354924}]}]}
{"op":"mcm","clk":"11759075542","pt":1722621445363,"mc":[{"id":"1.231243232","rc":[{"ltp":3.35,"id":26354924}]}]}
{"op":"mcm","clk":"11759085720","pt":1722621505235,"mc":[{"id":"1.231243232","rc":[{"ltp":1.39,"id":26354923},{"ltp":3.6,"id":26354924}]}]}
{"op":"mcm","clk":"11759095720","pt":1722621565328,"mc":[{"id":"1.231243232","rc":[{"ltp":3.5,"id":26354924}]}]}
{"op":"mcm","clk":"11759106785","pt":1722621625391,"mc":[{"id":"1.231243232","rc":[{"ltp":1.48,"id":26354923},{"ltp":3.05,"id":26354924}]}]}
{"op":"mcm","clk":"11759118374","pt":1722621685368,"mc":[{"id":"1.231243232","rc":[{"ltp":1.57,"id":26354923},{"ltp":2.74,"id":26354924}]}]}
{"op":"mcm","clk":"11759130242","pt":1722621745240,"mc":[{"id":"1.231243232","rc":[{"ltp":1.55,"id":26354923},{"ltp":2.8,"id":26354924}]}]}
{"op":"mcm","clk":"11759155690","pt":1722621865248,"mc":[{"id":"1.231243232","rc":[{"ltp":1.6,"id":26354923},{"ltp":2.68,"id":26354924}]}]}
{"op":"mcm","clk":"11759169666","pt":1722621925336,"mc":[{"id":"1.231243232","rc":[{"ltp":1.69,"id":26354923},{"ltp":2.44,"id":26354924}]}]}
{"op":"mcm","clk":"11759183013","pt":1722621985310,"mc":[{"id":"1.231243232","rc":[{"ltp":1.46,"id":26354923},{"ltp":3.2,"id":26354924}]}]}
{"op":"mcm","clk":"11759195551","pt":1722622045329,"mc":[{"id":"1.231243232","rc":[{"ltp":1.44,"id":26354923},{"ltp":3.3,"id":26354924}]}]}
{"op":"mcm","clk":"11759208351","pt":1722622105329,"mc":[{"id":"1.231243232","rc":[{"ltp":1.49,"id":26354923},{"ltp":3.0,"id":26354924}]}]}
{"op":"mcm","clk":"11759220008","pt":1722622165339,"mc":[{"id":"1.231243232","rc":[{"ltp":1.48,"id":26354923},{"ltp":3.05,"id":26354924}]}]}
{"op":"mcm","clk":"11759231668","pt":1722622225360,"mc":[{"id":"1.231243232","rc":[{"ltp":1.43,"id":26354923},{"ltp":3.25,"id":26354924}]}]}
{"op":"mcm","clk":"11759243707","pt":1722622285380,"mc":[{"id":"1.231243232","rc":[{"ltp":1.47,"id":26354923},{"ltp":3.1,"id":26354924}]}]}
{"op":"mcm","clk":"11759256108","pt":1722622345354,"mc":[{"id":"1.231243232","rc":[{"ltp":1.43,"id":26354923},{"ltp":3.3,"id":26354924}]}]}
{"op":"mcm","clk":"11759268236","pt":1722622405312,"mc":[{"id":"1.231243232","rc":[{"ltp":1.45,"id":26354923},{"ltp":3.25,"id":26354924}]}]}
{"op":"mcm","clk":"11759280089","pt":1722622465359,"mc":[{"id":"1.231243232","rc":[{"ltp":1.46,"id":26354923},{"ltp":3.2,"id":26354924}]}]}
{"op":"mcm","clk":"11759292402","pt":1722622525346,"mc":[{"id":"1.231243232","rc":[{"ltp":1.41,"id":26354923},{"ltp":3.4,"id":26354924}]}]}
{"op":"mcm","clk":"11759304558","pt":1722622585388,"mc":[{"id":"1.231243232","rc":[{"ltp":1.43,"id":26354923},{"ltp":3.35,"id":26354924}]}]}
{"op":"mcm","clk":"11759316734","pt":1722622645345,"mc":[{"id":"1.231243232","rc":[{"ltp":1.51,"id":26354923},{"ltp":2.98,"id":26354924}]}]}
{"op":"mcm","clk":"11759329749","pt":1722622705253,"mc":[{"id":"1.231243232","rc":[{"ltp":1.54,"id":26354923},{"ltp":2.84,"id":26354924}]}]}
{"op":"mcm","clk":"11759342141","pt":1722622764990,"mc":[{"id":"1.231243232","rc":[{"ltp":1.53,"id":26354923},{"ltp":2.9,"id":26354924}]}]}
{"op":"mcm","clk":"11759354856","pt":1722622825393,"mc":[{"id":"1.231243232","rc":[{"ltp":1.55,"id":26354923},{"ltp":2.8,"id":26354924}]}]}
{"op":"mcm","clk":"11759367016","pt":1722622885256,"mc":[{"id":"1.231243232","rc":[{"ltp":1.56,"id":26354923}]}]}
{"op":"mcm","clk":"11759379349","pt":1722622945394,"mc":[{"id":"1.231243232","rc":[{"ltp":1.59,"id":26354923},{"ltp":2.68,"id":26354924}]}]}
{"op":"mcm","clk":"11759390332","pt":1722623005369,"mc":[{"id":"1.231243232","rc":[{"ltp":1.42,"id":26354923},{"ltp":3.35,"id":26354924}]}]}
{"op":"mcm","clk":"11759402300","pt":1722623065361,"mc":[{"id":"1.231243232","rc":[{"ltp":1.44,"id":26354923},{"ltp":3.25,"id":26354924}]}]}
{"op":"mcm","clk":"11759414214","pt":1722623125304,"mc":[{"id":"1.231243232","rc":[{"ltp":1.38,"id":26354923},{"ltp":3.6,"id":26354924}]}]}
{"op":"mcm","clk":"11759425203","pt":1722623185330,"mc":[{"id":"1.231243232","rc":[{"ltp":1.49,"id":26354923},{"ltp":3.0,"id":26354924}]}]}
{"op":"mcm","clk":"11759436079","pt":1722623245388,"mc":[{"id":"1.231243232","rc":[{"ltp":1.66,"id":26354923},{"ltp":2.48,"id":26354924}]}]}
{"op":"mcm","clk":"11759446131","pt":1722623305240,"mc":[{"id":"1.231243232","rc":[{"ltp":1.62,"id":26354923},{"ltp":2.56,"id":26354924}]}]}
{"op":"mcm","clk":"11759455554","pt":1722623365377,"mc":[{"id":"1.231243232","rc":[{"ltp":1.57,"id":26354923},{"ltp":2.76,"id":26354924}]}]}
{"op":"mcm","clk":"11759466027","pt":1722623425293,"mc":[{"id":"1.231243232","rc":[{"ltp":1.78,"id":26354923},{"ltp":2.28,"id":26354924}]}]}
{"op":"mcm","clk":"11759476895","pt":1722623485312,"mc":[{"id":"1.231243232","rc":[{"ltp":1.79,"id":26354923},{"ltp":2.26,"id":26354924}]}]}
{"op":"mcm","clk":"11759488109","pt":1722623545329,"mc":[{"id":"1.231243232","rc":[{"ltp":2.02,"id":26354923},{"ltp":1.98,"id":26354924}]}]}
{"op":"mcm","clk":"11759499173","pt":1722623605366,"mc":[{"id":"1.231243232","rc":[{"ltp":1.97,"id":26354924}]}]}
{"op":"mcm","clk":"11759510625","pt":1722623665366,"mc":[{"id":"1.231243232","rc":[{"ltp":2.0,"id":26354924}]}]}
{"op":"mcm","clk":"11759523300","pt":1722623725378,"mc":[{"id":"1.231243232","rc":[{"ltp":1.91,"id":26354923},{"ltp":2.08,"id":26354924}]}]}
{"op":"mcm","clk":"11759535939","pt":1722623785355,"mc":[{"id":"1.231243232","rc":[{"ltp":1.89,"id":26354923},{"ltp":2.12,"id":26354924}]}]}
{"op":"mcm","clk":"11759548690","pt":1722623845296,"mc":[{"id":"1.231243232","rc":[{"ltp":1.92,"id":26354923},{"ltp":2.1,"id":26354924}]}]}
{"op":"mcm","clk":"11759561686","pt":1722623905323,"mc":[{"id":"1.231243232","rc":[{"ltp":1.84,"id":26354923},{"ltp":2.2,"id":26354924}]}]}
{"op":"mcm","clk":"11759574952","pt":1722623965324,"mc":[{"id":"1.231243232","rc":[{"ltp":1.74,"id":26354923},{"ltp":2.34,"id":26354924}]}]}
{"op":"mcm","clk":"11759587587","pt":1722624025311,"mc":[{"id":"1.231243232","rc":[{"ltp":1.62,"id":26354923},{"ltp":2.6,"id":26354924}]}]}
{"op":"mcm","clk":"11759599990","pt":1722624085385,"mc":[{"id":"1.231243232","rc":[{"ltp":1.59,"id":26354923},{"ltp":2.68,"id":26354924}]}]}
{"op":"mcm","clk":"11759611674","pt":1722624145301,"mc":[{"id":"1.231243232","rc":[{"ltp":1.51,"id":26354923},{"ltp":2.96,"id":26354924}]}]}
{"op":"mcm","clk":"11759623371","pt":1722624205341,"mc":[{"id":"1.231243232","rc":[{"ltp":1.48,"id":26354923},{"ltp":3.05,"id":26354924}]}]}
{"op":"mcm","clk":"11759634607","pt":1722624265297,"mc":[{"id":"1.231243232","rc":[{"ltp":1.43,"id":26354923},{"ltp":3.3,"id":26354924}]}]}
{"op":"mcm","clk":"11759645250","pt":1722624325325,"mc":[{"id":"1.231243232","rc":[{"ltp":1.39,"id":26354923},{"ltp":3.6,"id":26354924}]}]}
{"op":"mcm","clk":"11759656934","pt":1722624385326,"mc":[{"id":"1.231243232","rc":[{"ltp":1.42,"id":26354923},{"ltp":3.35,"id":26354924}]}]}
{"op":"mcm","clk":"11759668037","pt":1722624445191,"mc":[{"id":"1.231243232","rc":[{"ltp":1.43,"id":26354923},{"ltp":3.3,"id":26354924}]}]}
{"op":"mcm","clk":"11759679188","pt":1722624505361,"mc":[{"id":"1.231243232","rc":[{"ltp":1.51,"id":26354923},{"ltp":2.96,"id":26354924}]}]}
{"op":"mcm","clk":"11759690473","pt":1722624565318,"mc":[{"id":"1.231243232","rc":[{"ltp":1.5,"id":26354923},{"ltp":3.0,"id":26354924}]}]}
{"op":"mcm","clk":"11759701870","pt":1722624625377,"mc":[{"id":"1.231243232","rc":[{"ltp":1.49,"id":26354923}]}]}
{"op":"mcm","clk":"11759725516","pt":1722624745244,"mc":[{"id":"1.231243232","rc":[{"ltp":3.05,"id":26354924}]}]}
{"op":"mcm","clk":"11759737714","pt":1722624805270,"mc":[{"id":"1.231243232","rc":[{"ltp":3.0,"id":26354924}]}]}
{"op":"mcm","clk":"11759749872","pt":1722624865133,"mc":[{"id":"1.231243232","rc":[{"ltp":1.5,"id":26354923}]}]}
{"op":"mcm","clk":"11759762388","pt":1722624925233,"mc":[{"id":"1.231243232","rc":[{"ltp":1.49,"id":26354923}]}]}
{"op":"mcm","clk":"11759798042","pt":1722625105283,"mc":[{"id":"1.231243232","rc":[{"ltp":3.05,"id":26354924}]}]}
{"op":"mcm","clk":"11759808643","pt":1722625165239,"mc":[{"id":"1.231243232","rc":[{"ltp":1.48,"id":26354923},{"ltp":3.0,"id":26354924}]}]}
{"op":"mcm","clk":"11759818938","pt":1722625224893,"mc":[{"id":"1.231243232","rc":[{"ltp":1.49,"id":26354923}]}]}
{"op":"mcm","clk":"11759829831","pt":1722625285228,"mc":[{"id":"1.231243232","rc":[{"ltp":1.5,"id":26354923},{"ltp":2.96,"id":26354924}]}]}
{"op":"mcm","clk":"11759840314","pt":1722625345191,"mc":[{"id":"1.231243232","rc":[{"ltp":1.51,"id":26354923}]}]}
{"op":"mcm","clk":"11759861216","pt":1722625465240,"mc":[{"id":"1.231243232","rc":[{"ltp":1.5,"id":26354923},{"ltp":2.98,"id":26354924}]}]}
{"op":"mcm","clk":"11759872680","pt":1722625525220,"mc":[{"id":"1.231243232","rc":[{"ltp":1.51,"id":26354923},{"ltp":2.92,"id":26354924}]}]}
{"op":"mcm","clk":"11759883741","pt":1722625585289,"mc":[{"id":"1.231243232","rc":[{"ltp":1.35,"id":26354923},{"ltp":3.85,"id":26354924}]}]}
{"op":"mcm","clk":"11759894559","pt":1722625645351,"mc":[{"id":"1.231243232","rc":[{"ltp":1.37,"id":26354923},{"ltp":3.75,"id":26354924}]}]}
{"op":"mcm","clk":"11759905766","pt":1722625705297,"mc":[{"id":"1.231243232","rc":[{"ltp":1.43,"id":26354923},{"ltp":3.4,"id":26354924}]}]}
{"op":"mcm","clk":"11759917006","pt":1722625765392,"mc":[{"id":"1.231243232","rc":[{"ltp":1.45,"id":26354923},{"ltp":3.25,"id":26354924}]}]}
{"op":"mcm","clk":"11759928331","pt":1722625825341,"mc":[{"id":"1.231243232","rc":[{"ltp":1.47,"id":26354923},{"ltp":3.1,"id":26354924}]}]}
{"op":"mcm","clk":"11759940336","pt":1722625885311,"mc":[{"id":"1.231243232","rc":[{"ltp":1.48,"id":26354923}]}]}
{"op":"mcm","clk":"11759952614","pt":1722625945348,"mc":[{"id":"1.231243232","rc":[{"ltp":1.53,"id":26354923},{"ltp":2.9,"id":26354924}]}]}
{"op":"mcm","clk":"11759975938","pt":1722626005386,"mc":[{"id":"1.231243232","rc":[{"ltp":1.46,"id":26354923},{"ltp":3.15,"id":26354924}]}]}
{"op":"mcm","clk":"11759996843","pt":1722626125353,"mc":[{"id":"1.231243232","rc":[{"ltp":1.5,"id":26354923},{"ltp":3.0,"id":26354924}]}]}
{"op":"mcm","clk":"11760007335","pt":1722626185387,"mc":[{"id":"1.231243232","rc":[{"ltp":1.94,"id":26354923},{"ltp":2.06,"id":26354924}]}]}
{"op":"mcm","clk":"11760017621","pt":1722626245377,"mc":[{"id":"1.231243232","rc":[{"ltp":2.08,"id":26354923},{"ltp":1.9,"id":26354924}]}]}
{"op":"mcm","clk":"11760027642","pt":1722626305340,"mc":[{"id":"1.231243232","rc":[{"ltp":2.02,"id":26354923},{"ltp":1.97,"id":26354924}]}]}
{"op":"mcm","clk":"11760037719","pt":1722626365388,"mc":[{"id":"1.231243232","rc":[{"ltp":2.12,"id":26354923},{"ltp":1.89,"id":26354924}]}]}
{"op":"mcm","clk":"11760047124","pt":1722626425369,"mc":[{"id":"1.231243232","rc":[{"ltp":2.22,"id":26354923},{"ltp":1.84,"id":26354924}]}]}
{"op":"mcm","clk":"11760056413","pt":1722626485342,"mc":[{"id":"1.231243232","rc":[{"ltp":1.99,"id":26354923},{"ltp":2.02,"id":26354924}]}]}
{"op":"mcm","clk":"11760065907","pt":1722626545294,"mc":[{"id":"1.231243232","rc":[{"ltp":1.96,"id":26354923},{"ltp":2.04,"id":26354924}]}]}
{"op":"mcm","clk":"11760075701","pt":1722626605347,"mc":[{"id":"1.231243232","rc":[{"ltp":2.02,"id":26354923},{"ltp":1.98,"id":26354924}]}]}
{"op":"mcm","clk":"11760085731","pt":1722626665323,"mc":[{"id":"1.231243232","rc":[{"ltp":1.87,"id":26354923},{"ltp":2.16,"id":26354924}]}]}
{"op":"mcm","clk":"11760095739","pt":1722626725297,"mc":[{"id":"1.231243232","rc":[{"ltp":1.83,"id":26354923},{"ltp":2.2,"id":26354924}]}]}
{"op":"mcm","clk":"11760105745","pt":1722626785267,"mc":[{"id":"1.231243232","rc":[{"ltp":1.84,"id":26354923},{"ltp":2.16,"id":26354924}]}]}
{"op":"mcm","clk":"11760115795","pt":1722626845338,"mc":[{"id":"1.231243232","rc":[{"ltp":1.79,"id":26354923},{"ltp":2.28,"id":26354924}]}]}
{"op":"mcm","clk":"11760125503","pt":1722626905314,"mc":[{"id":"1.231243232","rc":[{"ltp":2.3,"id":26354923},{"ltp":1.76,"id":26354924}]}]}
{"op":"mcm","clk":"11760145723","pt":1722627025320,"mc":[{"id":"1.231243232","rc":[{"ltp":2.28,"id":26354923},{"ltp":1.78,"id":26354924}]}]}
{"op":"mcm","clk":"11760155688","pt":1722627085376,"mc":[{"id":"1.231243232","rc":[{"ltp":2.24,"id":26354923},{"ltp":1.8,"id":26354924}]}]}
{"op":"mcm","clk":"11760163964","pt":1722627145318,"mc":[{"id":"1.231243232","rc":[{"ltp":2.28,"id":26354923},{"ltp":1.79,"id":26354924}]}]}
{"op":"mcm","clk":"11760172389","pt":1722627205158,"mc":[{"id":"1.231243232","rc":[{"ltp":2.24,"id":26354923},{"ltp":1.8,"id":26354924}]}]}
{"op":"mcm","clk":"11760181243","pt":1722627265331,"mc":[{"id":"1.231243232","rc":[{"ltp":2.0,"id":26354923},{"ltp":2.0,"id":26354924}]}]}
{"op":"mcm","clk":"11760189390","pt":1722627325387,"mc":[{"id":"1.231243232","rc":[{"ltp":2.06,"id":26354923},{"ltp":1.93,"id":26354924}]}]}
{"op":"mcm","clk":"11760197885","pt":1722627385313,"mc":[{"id":"1.231243232","rc":[{"ltp":3.25,"id":26354923},{"ltp":1.44,"id":26354924}]}]}
{"op":"mcm","clk":"11760213347","pt":1722627505358,"mc":[{"id":"1.231243232","rc":[{"ltp":3.05,"id":26354923},{"ltp":1.48,"id":26354924}]}]}
{"op":"mcm","clk":"11760220472","pt":1722627565339,"mc":[{"id":"1.231243232","rc":[{"ltp":3.1,"id":26354923},{"ltp":1.47,"id":26354924}]}]}
{"op":"mcm","clk":"11760226571","pt":1722627625382,"mc":[{"id":"1.231243232","rc":[{"ltp":3.25,"id":26354923},{"ltp":1.44,"id":26354924}]}]}
{"op":"mcm","clk":"11760233227","pt":1722627685336,"mc":[{"id":"1.231243232","rc":[{"ltp":3.35,"id":26354923},{"ltp":1.41,"id":26354924}]}]}
{"op":"mcm","clk":"11760240179","pt":1722627745374,"mc":[{"id":"1.231243232","rc":[{"ltp":5.2,"id":26354923},{"ltp":1.25,"id":26354924}]}]}
{"op":"mcm","clk":"11760247163","pt":1722627805374,"mc":[{"id":"1.231243232","rc":[{"ltp":5.0,"id":26354923},{"ltp":1.24,"id":26354924}]}]}
{"op":"mcm","clk":"11760254277","pt":1722627865301,"mc":[{"id":"1.231243232","rc":[{"ltp":5.1,"id":26354923}]}]}
{"op":"mcm","clk":"11760261594","pt":1722627925388,"mc":[{"id":"1.231243232","rc":[{"ltp":11.0,"id":26354923},{"ltp":1.1,"id":26354924}]}]}
{"op":"mcm","clk":"11760269157","pt":1722627985349,"mc":[{"id":"1.231243232","rc":[{"ltp":13.5,"id":26354923},{"ltp":1.08,"id":26354924}]}]}
{"op":"mcm","clk":"11760276683","pt":1722628045312,"mc":[{"id":"1.231243232","rc":[{"ltp":12.5,"id":26354923},{"ltp":1.09,"id":26354924}]}]}
{"op":"mcm","clk":"11760284419","pt":1722628105383,"mc":[{"id":"1.231243232","rc":[{"ltp":14.0,"id":26354923},{"ltp":1.07,"id":26354924}]}]}
{"op":"mcm","clk":"11760292342","pt":1722628165358,"mc":[{"id":"1.231243232","rc":[{"ltp":13.5,"id":26354923},{"ltp":1.08,"id":26354924}]}]}
{"op":"mcm","clk":"11760299892","pt":1722628225384,"mc":[{"id":"1.231243232","rc":[{"ltp":17.5,"id":26354923},{"ltp":1.06,"id":26354924}]}]}
{"op":"mcm","clk":"11760307490","pt":1722628285389,"mc":[{"id":"1.231243232","rc":[{"ltp":15.0,"id":26354923},{"ltp":1.07,"id":26354924}]}]}
{"op":"mcm","clk":"11760314728","pt":1722628345267,"mc":[{"id":"1.231243232","rc":[{"ltp":16.5,"id":26354923}]}]}
{"op":"mcm","clk":"11760321772","pt":1722628405318,"mc":[{"id":"1.231243232","rc":[{"ltp":18.0,"id":26354923},{"ltp":1.05,"id":26354924}]}]}
{"op":"mcm","clk":"11760328901","pt":1722628465359,"mc":[{"id":"1.231243232","rc":[{"ltp":22.0,"id":26354923}]}]}
{"op":"mcm","clk":"11760336097","pt":1722628525314,"mc":[{"id":"1.231243232","rc":[{"ltp":1.04,"id":26354924}]}]}
{"op":"mcm","clk":"11760343087","pt":1722628585386,"mc":[{"id":"1.231243232","rc":[{"ltp":26.0,"id":26354923}]}]}
{"op":"mcm","clk":"11760349290","pt":1722628645225,"mc":[{"id":"1.231243232","rc":[{"ltp":15.0,"id":26354923},{"ltp":1.08,"id":26354924}]}]}
{"op":"mcm","clk":"11760355879","pt":1722628705297,"mc":[{"id":"1.231243232","rc":[{"ltp":11.0,"id":26354923},{"ltp":1.1,"id":26354924}]}]}
{"op":"mcm","clk":"11760362564","pt":1722628765258,"mc":[{"id":"1.231243232","rc":[{"ltp":10.0,"id":26354923}]}]}
{"op":"mcm","clk":"11760369331","pt":1722628825343,"mc":[{"id":"1.231243232","rc":[{"ltp":27.0,"id":26354923},{"ltp":1.03,"id":26354924}]}]}
{"op":"mcm","clk":"11760376456","pt":1722628885191,"mc":[{"id":"1.231243232","rc":[{"ltp":34.0,"id":26354923}]}]}
{"op":"mcm","clk":"11760383766","pt":1722628945348,"mc":[{"id":"1.231243232","rc":[{"ltp":65.0,"id":26354923},{"ltp":1.02,"id":26354924}]}]}
{"op":"mcm","clk":"11760390935","pt":1722629005219,"mc":[{"id":"1.231243232","rc":[{"ltp":75.0,"id":26354923}]}]}
{"op":"mcm","clk":"11760398235","pt":1722629065339,"mc":[{"id":"1.231243232","rc":[{"ltp":100.0,"id":26354923},{"ltp":1.01,"id":26354924}]}]}
{"op":"mcm","clk":"11760412624","pt":1722629184958,"mc":[{"id":"1.231243232","rc":[{"ltp":50.0,"id":26354923},{"ltp":1.02,"id":26354924}]}]}
{"op":"mcm","clk":"11760419790","pt":1722629245209,"mc":[{"id":"1.231243232","rc":[{"ltp":30.0,"id":26354923},{"ltp":1.04,"id":26354924}]}]}
{"op":"mcm","clk":"11760426742","pt":1722629305157,"mc":[{"id":"1.231243232","rc":[{"ltp":36.0,"id":26354923},{"ltp":1.02,"id":26354924}]}]}
{"op":"mcm","clk":"11760433854","pt":1722629365135,"mc":[{"id":"1.231243232","rc":[{"ltp":55.0,"id":26354923}]}]}
{"op":"mcm","clk":"11760440803","pt":1722629425385,"mc":[{"id":"1.231243232","rc":[{"ltp":25.0,"id":26354923},{"ltp":1.05,"id":26354924}]}]}
{"op":"mcm","clk":"11760447395","pt":1722629485352,"mc":[{"id":"1.231243232","rc":[{"ltp":6.0,"id":26354923},{"ltp":1.19,"id":26354924}]}]}
{"op":"mcm","clk":"11760453725","pt":1722629545314,"mc":[{"id":"1.231243232","rc":[{"ltp":12.0,"id":26354923},{"ltp":1.09,"id":26354924}]}]}
{"op":"mcm","clk":"11760459912","pt":1722629605306,"mc":[{"id":"1.231243232","rc":[{"ltp":1.08,"id":26354924}]}]}
{"op":"mcm","clk":"11760466458","pt":1722629665375,"mc":[{"id":"1.231243232","rc":[{"ltp":1.09,"id":26354924}]}]}
{"op":"mcm","clk":"11760472435","pt":1722629725330,"mc":[{"id":"1.231243232","rc":[{"ltp":8.0,"id":26354923},{"ltp":1.14,"id":26354924}]}]}
{"op":"mcm","clk":"11760478510","pt":1722629785384,"mc":[{"id":"1.231243232","rc":[{"ltp":150.0,"id":26354923},{"ltp":1.01,"id":26354924}]}]}
{"op":"mcm","clk":"11760484463","pt":1722629845356,"mc":[{"id":"1.231243232","rc":[{"ltp":200.0,"id":26354923}]}]}
{"op":"mcm","clk":"11760490624","pt":1722629905194,"mc":[{"id":"1.231243232","rc":[{"ltp":450.0,"id":26354923}]}]}
{"op":"mcm","clk":"11760496710","pt":1722629965320,"mc":[{"id":"1.231243232","rc":[{"ltp":610.0,"id":26354923}]}]}
{"op":"mcm","clk":"11760502591","pt":1722630024066,"mc":[{"id":"1.231243232","rc":[{"ltp":1000.0,"id":26354923}]}]}
{"op":"mcm","clk":"11760521302","pt":1722630203182,"mc":[{"id":"1.231243232","marketDefinition":{"bspMarket":false,"turnInPlayEnabled":true,"persistenceEnabled":true,"marketBaseRate":5.0,"eventId":"33455130","eventTypeId":"4","numberOfWinners":1,"bettingType":"ODDS","marketType":"MATCH_ODDS","marketTime":"2024-08-02T17:30:00.000Z","suspendTime":"2024-08-02T17:30:00.000Z","bspReconciled":false,"complete":true,"inPlay":true,"crossMatching":true,"runnersVoidable":false,"numberOfActiveRunners":2,"betDelay":5,"status":"SUSPENDED","runners":[{"status":"ACTIVE","sortPriority":1,"id":26354923,"name":"Oval Invincibles"},{"status":"ACTIVE","sortPriority":2,"id":26354924,"name":"Northern Superchargers"}],"regulators":["MR_INT"],"countryCode":"GB","discountAllowed":true,"timezone":"GMT","openDate":"2024-08-02T17:30:00.000Z","version":6052386053,"name":"Match Odds","eventName":"Oval Invincibles v Northern Superchargers"}}]}
{"op":"mcm","clk":"11760547511","pt":1722630488554,"mc":[{"id":"1.231243232","marketDefinition":{"bspMarket":false,"turnInPlayEnabled":true,"persistenceEnabled":true,"marketBaseRate":5.0,"eventId":"33455130","eventTypeId":"4","numberOfWinners":1,"bettingType":"ODDS","marketType":"MATCH_ODDS","marketTime":"2024-08-02T17:30:00.000Z","suspendTime":"2024-08-02T17:30:00.000Z","bspReconciled":false,"complete":true,"inPlay":true,"crossMatching":false,"runnersVoidable":false,"numberOfActiveRunners":0,"betDelay":5,"status":"CLOSED","settledTime":"2024-08-02T20:26:44.000Z","runners":[{"status":"LOSER","sortPriority":1,"id":26354923,"name":"Oval Invincibles"},{"status":"WINNER","sortPriority":2,"id":26354924,"name":"Northern Superchargers"}],"regulators":["MR_INT"],"countryCode":"GB","discountAllowed":true,"timezone":"GMT","openDate":"2024-08-02T17:30:00.000Z","version":6052391545,"name":"Match Odds","eventName":"Oval Invincibles v Northern Superchargers"}}]}
