{"op":"mcm","clk":"11809126319","pt":1723195839334,"mc":[{"id":"1.231615888","marketDefinition":{"bspMarket":false,"turnInPlayEnabled":true,"persistenceEnabled":true,"marketBaseRate":5.0,"eventId":"33480307","eventTypeId":"4","numberOfWinners":1,"bettingType":"ODDS","marketType":"MATCH_ODDS","marketTime":"2024-08-11T10:00:00.000Z","suspendTime":"2024-08-11T10:00:00.000Z","bspReconciled":false,"complete":true,"inPlay":false,"crossMatching":true,"runnersVoidable":false,"numberOfActiveRunners":2,"betDelay":0,"status":"OPEN","runners":[{"status":"ACTIVE","sortPriority":1,"id":40096582,"name":"Oval Invincibles Women"},{"status":"ACTIVE","sortPriority":2,"id":40096576,"name":"London Spirit Women"}],"regulators":["MR_INT"],"countryCode":"GB","discountAllowed":true,"timezone":"GMT","openDate":"2024-08-11T10:00:00.000Z","version":6062876921,"name":"Match Odds","eventName":"Oval Invincibles Women v London Spirit Women"}}]}
{"op":"mcm","clk":"11812327711","pt":1723225564256,"mc":[{"id":"1.231615888","rc":[{"ltp":1.9,"id":40096582}]}]}
{"op":"mcm","clk":"11820775288","pt":1723300347262,"mc":[{"id":"1.231615888","rc":[{"ltp":1.86,"id":40096582}]}]}
{"op":"mcm","clk":"11821226699","pt":1723302355556,"mc":[{"id":"1.231615888","rc":[{"ltp":1.9,"id":40096582}]}]}
{"op":"mcm","clk":"11825251405","pt":1723322340190,"mc":[{"id":"1.231615888","rc":[{"ltp":2.08,"id":40096576}]}]}
{"op":"mcm","clk":"11825432130","pt":1723324110767,"mc":[{"id":"1.231615888","rc":[{"ltp":1.86,"id":40096582}]}]}
{"op":"mcm","clk":"11825787359","pt":1723329383359,"mc":[{"id":"1.231615888","rc":[{"ltp":1.87,"id":40096582}]}]}
{"op":"mcm","clk":"11826051459","pt":1723332625735,"mc":[{"id":"1.231615888","rc":[{"ltp":2.12,"id":40096576},{"ltp":1.89,"id":40096582}]}]}
{"op":"mcm","clk":"11826497306","pt":1723339225854,"mc":[{"id":"1.231615888","rc":[{"ltp":1.9,"id":40096582}]}]}
{"op":"mcm","clk":"11826683992","pt":1723341661889,"mc":[{"id":"1.231615888","rc":[{"ltp":1.89,"id":40096582}]}]}
{"op":"mcm","clk":"11827023108","pt":1723346828266,"mc":[{"id":"1.231615888","rc":[{"ltp":1.88,"id":40096582}]}]}
{"op":"mcm","clk":"11827079332","pt":1723348084358,"mc":[{"id":"1.231615888","rc":[{"ltp":1.89,"id":40096582}]}]}
{"op":"mcm","clk":"11827155026","pt":1723349715002,"mc":[{"id":"1.231615888","rc":[{"ltp":1.88,"id":40096582}]}]}
{"op":"mcm","clk":"11827217934","pt":1723351349381,"mc":[{"id":"1.231615888","rc":[{"ltp":1.87,"id":40096582}]}]}
{"op":"mcm","clk":"11827246539","pt":1723351773739,"mc":[{"id":"1.231615888","rc":[{"ltp":1.89,"id":40096582}]}]}
{"op":"mcm","clk":"11827270292","pt":1723352496837,"mc":[{"id":"1.231615888","rc":[{"ltp":2.14,"id":40096576},{"ltp":1.88,"id":40096582}]}]}
{"op":"mcm","clk":"11827305102","pt":1723353332749,"mc":[{"id":"1.231615888","rc":[{"ltp":2.1,"id":40096576},{"ltp":1.9,"id":40096582}]}]}
{"op":"mcm","clk":"11827327568","pt":1723353910509,"mc":[{"id":"1.231615888","rc":[{"ltp":1.89,"id":40096582}]}]}
{"op":"mcm","clk":"11827367650","pt":1723354934328,"mc":[{"id":"1.231615888","rc":[{"ltp":1.9,"id":40096582}]}]}
{"op":"mcm","clk":"11827472404","pt":1723357414921,"mc":[{"id":"1.231615888","rc":[{"ltp":1.89,"id":40096582}]}]}
{"op":"mcm","clk":"11827474344","pt":1723357476276,"mc":[{"id":"1.231615888","rc":[{"ltp":1.9,"id":40096582}]}]}
{"op":"mcm","clk":"11827476188","pt":1723357530657,"mc":[{"id":"1.231615888","rc":[{"ltp":2.08,"id":40096576},{"ltp":1.91,"id":40096582}]}]}
{"op":"mcm","clk":"11827483802","pt":1723357732053,"mc":[{"id":"1.231615888","rc":[{"ltp":1.9,"id":40096582}]}]}
{"op":"mcm","clk":"11827496591","pt":1723358027758,"mc":[{"id":"1.231615888","rc":[{"ltp":2.1,"id":40096576}]}]}
{"op":"mcm","clk":"11827502427","pt":1723358169396,"mc":[{"id":"1.231615888","rc":[{"ltp":2.12,"id":40096576},{"ltp":1.89,"id":40096582}]}]}
{"op":"mcm","clk":"11827512515","pt":1723358460144,"mc":[{"id":"1.231615888","rc":[{"ltp":1.87,"id":40096582}]}]}
{"op":"mcm","clk":"11827568915","pt":1723360055761,"mc":[{"id":"1.231615888","rc":[{"ltp":1.89,"id":40096582}]}]}
{"op":"mcm","clk":"11827570558","pt":1723360105120,"mc":[{"id":"1.231615888","rc":[{"ltp":2.1,"id":40096576},{"ltp":1.9,"id":40096582}]}]}
{"op":"mcm","clk":"11827577359","pt":1723360323208,"mc":[{"id":"1.231615888","rc":[{"ltp":1.89,"id":40096582}]}]}
{"op":"mcm","clk":"11827590476","pt":1723360715756,"mc":[{"id":"1.231615888","rc":[{"ltp":2.12,"id":40096576}]}]}
{"op":"mcm","clk":"11827601619","pt":1723361067045,"mc":[{"id":"1.231615888","rc":[{"ltp":2.14,"id":40096576},{"ltp":1.87,"id":40096582}]}]}
{"op":"mcm","clk":"11827664688","pt":1723362332916,"mc":[{"id":"1.231615888","rc":[{"ltp":1.88,"id":40096582}]}]}
{"op":"mcm","clk":"11827699772","pt":1723363175984,"mc":[{"id":"1.231615888","rc":[{"ltp":1.87,"id":40096582}]}]}
{"op":"mcm","clk":"11827771008","pt":1723364414406,"mc":[{"id":"1.231615888","rc":[{"ltp":1.88,"id":40096582}]}]}
{"op":"mcm","clk":"11827802133","pt":1723364856819,"mc":[{"id":"1.231615888","rc":[{"ltp":1.87,"id":40096582}]}]}
{"op":"mcm","clk":"11827844860","pt":1723365391338,"mc":[{"id":"1.231615888","rc":[{"ltp":1.86,"id":40096582}]}]}
{"op":"mcm","clk":"11827868809","pt":1723365680245,"mc":[{"id":"1.231615888","rc":[{"ltp":2.16,"id":40096576}]}]}
{"op":"mcm","clk":"11827878344","pt":1723365797198,"mc":[{"id":"1.231615888","rc":[{"ltp":2.14,"id":40096576}]}]}
{"op":"mcm","clk":"11827944569","pt":1723366532349,"mc":[{"id":"1.231615888","rc":[{"ltp":1.87,"id":40096582}]}]}
{"op":"mcm","clk":"11827950495","pt":1723366589119,"mc":[{"id":"1.231615888","rc":[{"ltp":2.12,"id":40096576},{"ltp":1.89,"id":40096582}]}]}
{"op":"mcm","clk":"11827956770","pt":1723366653590,"mc":[{"id":"1.231615888","rc":[{"ltp":1.88,"id":40096582}]}]}
{"op":"mcm","clk":"11827962704","pt":1723366716527,"mc":[{"id":"1.231615888","rc":[{"ltp":2.14,"id":40096576}]}]}
{"op":"mcm","clk":"11827979331","pt":1723366885342,"mc":[{"id":"1.231615888","rc":[{"ltp":2.12,"id":40096576}]}]}
{"op":"mcm","clk":"11828029559","pt":1723367436379,"mc":[{"id":"1.231615888","rc":[{"ltp":1.89,"id":40096582}]}]}
{"op":"mcm","clk":"11828088489","pt":1723367971016,"mc":[{"id":"1.231615888","rc":[{"ltp":1.9,"id":40096582}]}]}
{"op":"mcm","clk":"11828103842","pt":1723368156767,"mc":[{"id":"1.231615888","rc":[{"ltp":2.1,"id":40096576}]}]}
{"op":"mcm","clk":"11828108199","pt":1723368205427,"mc":[{"id":"1.231615888","rc":[{"ltp":2.08,"id":40096576}]}]}
{"op":"mcm","clk":"11828125644","pt":1723368397238,"mc":[{"id":"1.231615888","rc":[{"ltp":2.12,"id":40096576},{"ltp":1.89,"id":40096582}]}]}
{"op":"mcm","clk":"11828130905","pt":1723368456552,"mc":[{"id":"1.231615888","rc":[{"ltp":1.9,"id":40096582}]}]}
{"op":"mcm","clk":"11828135699","pt":1723368516237,"mc":[{"id":"1.231615888","rc":[{"ltp":2.04,"id":40096576},{"ltp":1.95,"id":40096582}]}]}
{"op":"mcm","clk":"11828140695","pt":1723368577110,"mc":[{"id":"1.231615888","rc":[{"ltp":2.1,"id":40096576},{"ltp":1.9,"id":40096582}]}]}
{"op":"mcm","clk":"11828151328","pt":1723368695236,"mc":[{"id":"1.231615888","rc":[{"ltp":1.91,"id":40096582}]}]}
{"op":"mcm","clk":"11828156888","pt":1723368756411,"mc":[{"id":"1.231615888","rc":[{"ltp":2.12,"id":40096576},{"ltp":1.89,"id":40096582}]}]}
{"op":"mcm","clk":"11828163039","pt":1723368815860,"mc":[{"id":"1.231615888","rc":[{"ltp":2.26,"id":40096576},{"ltp":1.78,"id":40096582}]}]}
{"op":"mcm","clk":"11828169866","pt":1723368876487,"mc":[{"id":"1.231615888","rc":[{"ltp":2.16,"id":40096576},{"ltp":1.85,"id":40096582}]}]}
{"op":"mcm","clk":"11828176302","pt":1723368935434,"mc":[{"id":"1.231615888","rc":[{"ltp":2.2,"id":40096576},{"ltp":1.82,"id":40096582}]}]}
{"op":"mcm","clk":"11828182539","pt":1723368992781,"mc":[{"id":"1.231615888","rc":[{"ltp":1.83,"id":40096582}]}]}
{"op":"mcm","clk":"11828197189","pt":1723369113220,"mc":[{"id":"1.231615888","rc":[{"ltp":2.16,"id":40096576},{"ltp":1.85,"id":40096582}]}]}
{"op":"mcm","clk":"11828211203","pt":1723369233565,"mc":[{"id":"1.231615888","rc":[{"ltp":1.84,"id":40096582}]}]}
{"op":"mcm","clk":"11828218443","pt":1723369296103,"mc":[{"id":"1.231615888","rc":[{"ltp":2.14,"id":40096576},{"ltp":1.86,"id":40096582}]}]}
{"op":"mcm","clk":"11828224596","pt":1723369357089,"mc":[{"id":"1.231615888","rc":[{"ltp":2.16,"id":40096576},{"ltp":1.85,"id":40096582}]}]}
{"op":"mcm","clk":"11828230933","pt":1723369416442,"mc":[{"id":"1.231615888","rc":[{"ltp":2.12,"id":40096576},{"ltp":1.87,"id":40096582}]}]}
{"op":"mcm","clk":"11828237641","pt":1723369477219,"mc":[{"id":"1.231615888","rc":[{"ltp":1.88,"id":40096582}]}]}
{"op":"mcm","clk":"11828244814","pt":1723369536656,"mc":[{"id":"1.231615888","rc":[{"ltp":2.1,"id":40096576}]}]}
{"op":"mcm","clk":"11828250931","pt":1723369591418,"mc":[{"id":"1.231615888","rc":[{"ltp":2.12,"id":40096576},{"ltp":1.89,"id":40096582}]}]}
{"op":"mcm","clk":"11828257587","pt":1723369653126,"mc":[{"id":"1.231615888","rc":[{"ltp":2.1,"id":40096576},{"ltp":1.9,"id":40096582}]}]}
{"op":"mcm","clk":"11828264079","pt":1723369715081,"mc":[{"id":"1.231615888","rc":[{"ltp":2.14,"id":40096576},{"ltp":1.88,"id":40096582}]}]}
{"op":"mcm","clk":"11828270655","pt":1723369776771,"mc":[{"id":"1.231615888","rc":[{"ltp":2.1,"id":40096576},{"ltp":1.91,"id":40096582}]}]}
{"op":"mcm","clk":"11828276878","pt":1723369835956,"mc":[{"id":"1.231615888","rc":[{"ltp":2.12,"id":40096576},{"ltp":1.89,"id":40096582}]}]}
{"op":"mcm","clk":"11828289915","pt":1723369956275,"mc":[{"id":"1.231615888","rc":[{"ltp":2.1,"id":40096576}]}]}
{"op":"mcm","clk":"11828296561","pt":1723370016831,"mc":[{"id":"1.231615888","rc":[{"ltp":2.12,"id":40096576}]}]}
{"op":"mcm","clk":"11828303920","pt":1723370076286,"mc":[{"id":"1.231615888","rc":[{"ltp":1.9,"id":40096582}]}]}
{"op":"mcm","clk":"11828319375","pt":1723370196778,"mc":[{"id":"1.231615888","rc":[{"ltp":1.89,"id":40096582}]}]}
{"op":"mcm","clk":"11828327299","pt":1723370257268,"mc":[{"id":"1.231615888","rc":[{"ltp":1.88,"id":40096582}]}]}
{"op":"mcm","clk":"11828341581","pt":1723370377245,"mc":[{"id":"1.231615888","rc":[{"ltp":2.16,"id":40096576},{"ltp":1.86,"id":40096582}]}]}
{"op":"mcm","clk":"11828350430","pt":1723370437250,"mc":[{"id":"1.231615888","marketDefinition":{"bspMarket":false,"turnInPlayEnabled":true,"persistenceEnabled":true,"marketBaseRate":5.0,"eventId":"33480307","eventTypeId":"4","numberOfWinners":1,"bettingType":"ODDS","marketType":"MATCH_ODDS","marketTime":"2024-08-11T10:00:00.000Z","suspendTime":"2024-08-11T10:00:00.000Z","bspReconciled":false,"complete":true,"inPlay":true,"crossMatching":true,"runnersVoidable":false,"numberOfActiveRunners":2,"betDelay":5,"status":"OPEN","runners":[{"status":"ACTIVE","sortPriority":1,"id":40096582,"name":"Oval Invincibles Women"},{"status":"ACTIVE","sortPriority":2,"id":40096576,"name":"London Spirit Women"}],"regulators":["MR_INT"],"countryCode":"GB","discountAllowed":true,"timezone":"GMT","openDate":"2024-08-11T10:00:00.000Z","version":6068985510,"name":"Match Odds","eventName":"Oval Invincibles Women v London Spirit Women"},"rc":[{"ltp":2.2,"id":40096576},{"ltp":1.83,"id":40096582}]}]}
{"op":"mcm","clk":"11828358976","pt":1723370497031,"mc":[{"id":"1.231615888","rc":[{"ltp":2.18,"id":40096576},{"ltp":1.84,"id":40096582}]}]}
{"op":"mcm","clk":"11828367543","pt":1723370557315,"mc":[{"id":"1.231615888","rc":[{"ltp":2.2,"id":40096576},{"ltp":1.85,"id":40096582}]}]}
{"op":"mcm","clk":"11828376385","pt":1723370617257,"mc":[{"id":"1.231615888","rc":[{"ltp":2.12,"id":40096576},{"ltp":1.9,"id":40096582}]}]}
{"op":"mcm","clk":"11828385386","pt":1723370677311,"mc":[{"id":"1.231615888","rc":[{"ltp":2.1,"id":40096576}]}]}
{"op":"mcm","clk":"11828393723","pt":1723370737258,"mc":[{"id":"1.231615888","rc":[{"ltp":2.52,"id":40096576},{"ltp":1.65,"id":40096582}]}]}
{"op":"mcm","clk":"11828401737","pt":1723370797230,"mc":[{"id":"1.231615888","rc":[{"ltp":2.62,"id":40096576},{"ltp":1.63,"id":40096582}]}]}
{"op":"mcm","clk":"11828410025","pt":1723370857290,"mc":[{"id":"1.231615888","rc":[{"ltp":2.68,"id":40096576},{"ltp":1.59,"id":40096582}]}]}
{"op":"mcm","clk":"11828418183","pt":1723370917266,"mc":[{"id":"1.231615888","rc":[{"ltp":2.72,"id":40096576}]}]}
{"op":"mcm","clk":"11828426621","pt":1723370977286,"mc":[{"id":"1.231615888","rc":[{"ltp":2.68,"id":40096576}]}]}
{"op":"mcm","clk":"11828441621","pt":1723371097228,"mc":[{"id":"1.231615888","rc":[{"ltp":2.62,"id":40096576},{"ltp":1.6,"id":40096582}]}]}
{"op":"mcm","clk":"11828449937","pt":1723371157225,"mc":[{"id":"1.231615888","rc":[{"ltp":2.72,"id":40096576},{"ltp":1.58,"id":40096582}]}]}
{"op":"mcm","clk":"11828457973","pt":1723371217180,"mc":[{"id":"1.231615888","rc":[{"ltp":3.4,"id":40096576},{"ltp":1.42,"id":40096582}]}]}
{"op":"mcm","clk":"11828465503","pt":1723371277255,"mc":[{"id":"1.231615888","rc":[{"ltp":4.0,"id":40096576},{"ltp":1.33,"id":40096582}]}]}
{"op":"mcm","clk":"11828482256","pt":1723371397302,"mc":[{"id":"1.231615888","rc":[{"ltp":4.2,"id":40096576},{"ltp":1.31,"id":40096582}]}]}
{"op":"mcm","clk":"11828500018","pt":1723371517233,"mc":[{"id":"1.231615888","rc":[{"ltp":1.3,"id":40096582}]}]}
{"op":"mcm","clk":"11828508607","pt":1723371577293,"mc":[{"id":"1.231615888","rc":[{"ltp":4.5,"id":40096576},{"ltp":1.28,"id":40096582}]}]}
{"op":"mcm","clk":"11828516925","pt":1723371637243,"mc":[{"id":"1.231615888","rc":[{"ltp":4.4,"id":40096576},{"ltp":1.3,"id":40096582}]}]}
{"op":"mcm","clk":"11828525778","pt":1723371697295,"mc":[{"id":"1.231615888","rc":[{"ltp":4.5,"id":40096576},{"ltp":1.28,"id":40096582}]}]}
{"op":"mcm","clk":"11828534097","pt":1723371757237,"mc":[{"id":"1.231615888","rc":[{"ltp":4.2,"id":40096576},{"ltp":1.31,"id":40096582}]}]}
{"op":"mcm","clk":"11828542265","pt":1723371817303,"mc":[{"id":"1.231615888","rc":[{"ltp":3.6,"id":40096576},{"ltp":1.39,"id":40096582}]}]}
{"op":"mcm","clk":"11828550585","pt":1723371877270,"mc":[{"id":"1.231615888","rc":[{"ltp":3.5,"id":40096576},{"ltp":1.4,"id":40096582}]}]}
{"op":"mcm","clk":"11828558203","pt":1723371937243,"mc":[{"id":"1.231615888","rc":[{"ltp":3.25,"id":40096576},{"ltp":1.44,"id":40096582}]}]}
{"op":"mcm","clk":"11828565338","pt":1723371997230,"mc":[{"id":"1.231615888","rc":[{"ltp":3.9,"id":40096576},{"ltp":1.34,"id":40096582}]}]}
{"op":"mcm","clk":"11828571757","pt":1723372057285,"mc":[{"id":"1.231615888","rc":[{"ltp":4.0,"id":40096576},{"ltp":1.33,"id":40096582}]}]}
{"op":"mcm","clk":"11828578040","pt":1723372117229,"mc":[{"id":"1.231615888","rc":[{"ltp":4.1,"id":40096576}]}]}
{"op":"mcm","clk":"11828584769","pt":1723372177304,"mc":[{"id":"1.231615888","rc":[{"ltp":3.6,"id":40096576},{"ltp":1.37,"id":40096582}]}]}
{"op":"mcm","clk":"11828591585","pt":1723372237303,"mc":[{"id":"1.231615888","rc":[{"ltp":5.3,"id":40096576},{"ltp":1.23,"id":40096582}]}]}
{"op":"mcm","clk":"11828598458","pt":1723372297243,"mc":[{"id":"1.231615888","rc":[{"ltp":5.0,"id":40096576},{"ltp":1.24,"id":40096582}]}]}
{"op":"mcm","clk":"11828605456","pt":1723372357239,"mc":[{"id":"1.231615888","rc":[{"ltp":4.8,"id":40096576},{"ltp":1.26,"id":40096582}]}]}
{"op":"mcm","clk":"11828612307","pt":1723372417210,"mc":[{"id":"1.231615888","rc":[{"ltp":4.6,"id":40096576},{"ltp":1.28,"id":40096582}]}]}
{"op":"mcm","clk":"11828619887","pt":1723372477197,"mc":[{"id":"1.231615888","rc":[{"ltp":4.5,"id":40096576}]}]}
{"op":"mcm","clk":"11828626813","pt":1723372537240,"mc":[{"id":"1.231615888","rc":[{"ltp":7.6,"id":40096576},{"ltp":1.15,"id":40096582}]}]}
{"op":"mcm","clk":"11828634039","pt":1723372597246,"mc":[{"id":"1.231615888","rc":[{"ltp":9.2,"id":40096576},{"ltp":1.12,"id":40096582}]}]}
{"op":"mcm","clk":"11828641646","pt":1723372657213,"mc":[{"id":"1.231615888","rc":[{"ltp":8.6,"id":40096576},{"ltp":1.13,"id":40096582}]}]}
{"op":"mcm","clk":"11828649475","pt":1723372717220,"mc":[{"id":"1.231615888","rc":[{"ltp":7.8,"id":40096576},{"ltp":1.15,"id":40096582}]}]}
{"op":"mcm","clk":"11828656878","pt":1723372777238,"mc":[{"id":"1.231615888","rc":[{"ltp":8.6,"id":40096576},{"ltp":1.13,"id":40096582}]}]}
{"op":"mcm","clk":"11828664054","pt":1723372837309,"mc":[{"id":"1.231615888","rc":[{"ltp":12.0,"id":40096576},{"ltp":1.09,"id":40096582}]}]}
{"op":"mcm","clk":"11828696880","pt":1723373017303,"mc":[{"id":"1.231615888","rc":[{"ltp":1.1,"id":40096582}]}]}
{"op":"mcm","clk":"11828703927","pt":1723373077204,"mc":[{"id":"1.231615888","rc":[{"ltp":11.0,"id":40096576}]}]}
{"op":"mcm","clk":"11828711422","pt":1723373137318,"mc":[{"id":"1.231615888","rc":[{"ltp":10.5,"id":40096576}]}]}
{"op":"mcm","clk":"11828718390","pt":1723373197312,"mc":[{"id":"1.231615888","rc":[{"ltp":11.0,"id":40096576},{"ltp":1.11,"id":40096582}]}]}
{"op":"mcm","clk":"11828725411","pt":1723373257292,"mc":[{"id":"1.231615888","rc":[{"ltp":17.0,"id":40096576},{"ltp":1.07,"id":40096582}]}]}
{"op":"mcm","clk":"11828732289","pt":1723373317093,"mc":[{"id":"1.231615888","rc":[{"ltp":17.5,"id":40096576},{"ltp":1.06,"id":40096582}]}]}
{"op":"mcm","clk":"11828739950","pt":1723373377229,"mc":[{"id":"1.231615888","rc":[{"ltp":13.5,"id":40096576},{"ltp":1.08,"id":40096582}]}]}
{"op":"mcm","clk":"11828747496","pt":1723373437216,"mc":[{"id":"1.231615888","rc":[{"ltp":14.0,"id":40096576}]}]}
{"op":"mcm","clk":"11828755315","pt":1723373497262,"mc":[{"id":"1.231615888","rc":[{"ltp":12.0,"id":40096576},{"ltp":1.1,"id":40096582}]}]}
{"op":"mcm","clk":"11828762547","pt":1723373557235,"mc":[{"id":"1.231615888","rc":[{"ltp":11.0,"id":40096576},{"ltp":1.11,"id":40096582}]}]}
{"op":"mcm","clk":"11828769574","pt":1723373617186,"mc":[{"id":"1.231615888","rc":[{"ltp":10.0,"id":40096576}]}]}
{"op":"mcm","clk":"11828776243","pt":1723373677246,"mc":[{"id":"1.231615888","rc":[{"ltp":8.6,"id":40096576},{"ltp":1.13,"id":40096582}]}]}
{"op":"mcm","clk":"11828783476","pt":1723373737249,"mc":[{"id":"1.231615888","rc":[{"ltp":6.4,"id":40096576},{"ltp":1.17,"id":40096582}]}]}
{"op":"mcm","clk":"11828790111","pt":1723373797228,"mc":[{"id":"1.231615888","rc":[{"ltp":6.6,"id":40096576},{"ltp":1.18,"id":40096582}]}]}
{"op":"mcm","clk":"11828796722","pt":1723373857078,"mc":[{"id":"1.231615888","rc":[{"ltp":7.4,"id":40096576},{"ltp":1.16,"id":40096582}]}]}
{"op":"mcm","clk":"11828803429","pt":1723373916850,"mc":[{"id":"1.231615888","rc":[{"ltp":7.2,"id":40096576}]}]}
{"op":"mcm","clk":"11828817988","pt":1723374037283,"mc":[{"id":"1.231615888","rc":[{"ltp":7.4,"id":40096576},{"ltp":1.15,"id":40096582}]}]}
{"op":"mcm","clk":"11828826831","pt":1723374097138,"mc":[{"id":"1.231615888","rc":[{"ltp":7.2,"id":40096576},{"ltp":1.16,"id":40096582}]}]}
{"op":"mcm","clk":"11828835466","pt":1723374156917,"mc":[{"id":"1.231615888","rc":[{"ltp":6.8,"id":40096576}]}]}
{"op":"mcm","clk":"11828844734","pt":1723374217273,"mc":[{"id":"1.231615888","rc":[{"ltp":7.2,"id":40096576}]}]}
{"op":"mcm","clk":"11828852998","pt":1723374277108,"mc":[{"id":"1.231615888","rc":[{"ltp":7.0,"id":40096576},{"ltp":1.17,"id":40096582}]}]}
{"op":"mcm","clk":"11828861639","pt":1723374337209,"mc":[{"id":"1.231615888","rc":[{"ltp":6.8,"id":40096576},{"ltp":1.19,"id":40096582}]}]}
{"op":"mcm","clk":"11828870547","pt":1723374397245,"mc":[{"id":"1.231615888","rc":[{"ltp":4.7,"id":40096576},{"ltp":1.26,"id":40096582}]}]}
{"op":"mcm","clk":"11828880087","pt":1723374457243,"mc":[{"id":"1.231615888","rc":[{"ltp":4.8,"id":40096576},{"ltp":1.25,"id":40096582}]}]}
{"op":"mcm","clk":"11828890050","pt":1723374517274,"mc":[{"id":"1.231615888","rc":[{"ltp":1.26,"id":40096582}]}]}
{"op":"mcm","clk":"11828899746","pt":1723374577297,"mc":[{"id":"1.231615888","rc":[{"ltp":4.2,"id":40096576},{"ltp":1.3,"id":40096582}]}]}
{"op":"mcm","clk":"11828909553","pt":1723374637232,"mc":[{"id":"1.231615888","rc":[{"ltp":3.5,"id":40096576},{"ltp":1.4,"id":40096582}]}]}
{"op":"mcm","clk":"11828919455","pt":1723374697316,"mc":[{"id":"1.231615888","rc":[{"ltp":4.1,"id":40096576},{"ltp":1.32,"id":40096582}]}]}
{"op":"mcm","clk":"11828928861","pt":1723374757283,"mc":[{"id":"1.231615888","rc":[{"ltp":4.3,"id":40096576},{"ltp":1.31,"id":40096582}]}]}
{"op":"mcm","clk":"11828937749","pt":1723374817270,"mc":[{"id":"1.231615888","rc":[{"ltp":4.2,"id":40096576}]}]}
{"op":"mcm","clk":"11828947238","pt":1723374877269,"mc":[{"id":"1.231615888","rc":[{"ltp":3.55,"id":40096576},{"ltp":1.39,"id":40096582}]}]}
{"op":"mcm","clk":"11828956289","pt":1723374937225,"mc":[{"id":"1.231615888","rc":[{"ltp":3.8,"id":40096576},{"ltp":1.36,"id":40096582}]}]}
{"op":"mcm","clk":"11828965296","pt":1723374997259,"mc":[{"id":"1.231615888","rc":[{"ltp":3.6,"id":40096576},{"ltp":1.37,"id":40096582}]}]}
{"op":"mcm","clk":"11828974672","pt":1723375057247,"mc":[{"id":"1.231615888","rc":[{"ltp":3.9,"id":40096576},{"ltp":1.34,"id":40096582}]}]}
{"op":"mcm","clk":"11828984166","pt":1723375117266,"mc":[{"id":"1.231615888","rc":[{"ltp":3.25,"id":40096576},{"ltp":1.45,"id":40096582}]}]}
{"op":"mcm","clk":"11828992984","pt":1723375177231,"mc":[{"id":"1.231615888","rc":[{"ltp":2.86,"id":40096576},{"ltp":1.54,"id":40096582}]}]}
{"op":"mcm","clk":"11829002200","pt":1723375237308,"mc":[{"id":"1.231615888","rc":[{"ltp":3.1,"id":40096576},{"ltp":1.48,"id":40096582}]}]}
{"op":"mcm","clk":"11829011186","pt":1723375297246,"mc":[{"id":"1.231615888","rc":[{"ltp":2.98,"id":40096576},{"ltp":1.51,"id":40096582}]}]}
{"op":"mcm","clk":"11829019657","pt":1723375357311,"mc":[{"id":"1.231615888","rc":[{"ltp":2.88,"id":40096576},{"ltp":1.53,"id":40096582}]}]}
{"op":"mcm","clk":"11829028694","pt":1723375417286,"mc":[{"id":"1.231615888","rc":[{"ltp":2.92,"id":40096576},{"ltp":1.51,"id":40096582}]}]}
{"op":"mcm","clk":"11829037969","pt":1723375477070,"mc":[{"id":"1.231615888","rc":[{"ltp":2.94,"id":40096576}]}]}
{"op":"mcm","clk":"11829047201","pt":1723375537251,"mc":[{"id":"1.231615888","rc":[{"ltp":3.0,"id":40096576},{"ltp":1.49,"id":40096582}]}]}
{"op":"mcm","clk":"11829056244","pt":1723375597285,"mc":[{"id":"1.231615888","rc":[{"ltp":2.98,"id":40096576},{"ltp":1.5,"id":40096582}]}]}
{"op":"mcm","clk":"11829064969","pt":1723375657271,"mc":[{"id":"1.231615888","rc":[{"ltp":2.96,"id":40096576},{"ltp":1.51,"id":40096582}]}]}
{"op":"mcm","clk":"11829073808","pt":1723375717018,"mc":[{"id":"1.231615888","rc":[{"ltp":2.94,"id":40096576}]}]}
{"op":"mcm","clk":"11829083365","pt":1723375777013,"mc":[{"id":"1.231615888","rc":[{"ltp":1.52,"id":40096582}]}]}
{"op":"mcm","clk":"11829093723","pt":1723375837149,"mc":[{"id":"1.231615888","rc":[{"ltp":2.88,"id":40096576}]}]}
{"op":"mcm","clk":"11829103228","pt":1723375897261,"mc":[{"id":"1.231615888","rc":[{"ltp":2.92,"id":40096576},{"ltp":1.53,"id":40096582}]}]}
{"op":"mcm","clk":"11829112678","pt":1723375957086,"mc":[{"id":"1.231615888","rc":[{"ltp":2.86,"id":40096576}]}]}
{"op":"mcm","clk":"11829123052","pt":1723376017129,"mc":[{"id":"1.231615888","rc":[{"ltp":2.8,"id":40096576},{"ltp":1.55,"id":40096582}]}]}
{"op":"mcm","clk":"11829132831","pt":1723376077300,"mc":[{"id":"1.231615888","rc":[{"ltp":2.7,"id":40096576},{"ltp":1.59,"id":40096582}]}]}
{"op":"mcm","clk":"11829142904","pt":1723376137255,"mc":[{"id":"1.231615888","rc":[{"ltp":2.92,"id":40096576},{"ltp":1.53,"id":40096582}]}]}
{"op":"mcm","clk":"11829153172","pt":1723376197290,"mc":[{"id":"1.231615888","rc":[{"ltp":2.68,"id":40096576},{"ltp":1.61,"id":40096582}]}]}
{"op":"mcm","clk":"11829162761","pt":1723376257170,"mc":[{"id":"1.231615888","rc":[{"ltp":2.62,"id":40096576}]}]}
{"op":"mcm","clk":"11829172862","pt":1723376317314,"mc":[{"id":"1.231615888","rc":[{"ltp":2.44,"id":40096576},{"ltp":1.7,"id":40096582}]}]}
{"op":"mcm","clk":"11829182477","pt":1723376377303,"mc":[{"id":"1.231615888","rc":[{"ltp":2.56,"id":40096576},{"ltp":1.64,"id":40096582}]}]}
{"op":"mcm","clk":"11829192413","pt":1723376437248,"mc":[{"id":"1.231615888","rc":[{"ltp":2.88,"id":40096576},{"ltp":1.53,"id":40096582}]}]}
{"op":"mcm","clk":"11829202227","pt":1723376497216,"mc":[{"id":"1.231615888","rc":[{"ltp":3.05,"id":40096576},{"ltp":1.47,"id":40096582}]}]}
{"op":"mcm","clk":"11829212369","pt":1723376557117,"mc":[{"id":"1.231615888","rc":[{"ltp":1.48,"id":40096582}]}]}
{"op":"mcm","clk":"11829222316","pt":1723376617313,"mc":[{"id":"1.231615888","rc":[{"ltp":3.5,"id":40096576},{"ltp":1.4,"id":40096582}]}]}
{"op":"mcm","clk":"11829231734","pt":1723376677291,"mc":[{"id":"1.231615888","rc":[{"ltp":3.15,"id":40096576},{"ltp":1.47,"id":40096582}]}]}
{"op":"mcm","clk":"11829241299","pt":1723376737251,"mc":[{"id":"1.231615888","rc":[{"ltp":2.88,"id":40096576},{"ltp":1.52,"id":40096582}]}]}
{"op":"mcm","clk":"11829251132","pt":1723376797226,"mc":[{"id":"1.231615888","rc":[{"ltp":2.42,"id":40096576},{"ltp":1.7,"id":40096582}]}]}
{"op":"mcm","clk":"11829260795","pt":1723376857168,"mc":[{"id":"1.231615888","rc":[{"ltp":2.58,"id":40096576},{"ltp":1.63,"id":40096582}]}]}
{"op":"mcm","clk":"11829270211","pt":1723376917225,"mc":[{"id":"1.231615888","rc":[{"ltp":2.32,"id":40096576},{"ltp":1.76,"id":40096582}]}]}
{"op":"mcm","clk":"11829279085","pt":1723376977310,"mc":[{"id":"1.231615888","rc":[{"ltp":2.3,"id":40096576},{"ltp":1.75,"id":40096582}]}]}
{"op":"mcm","clk":"11829287790","pt":1723377037247,"mc":[{"id":"1.231615888","rc":[{"ltp":2.84,"id":40096576},{"ltp":1.54,"id":40096582}]}]}
{"op":"mcm","clk":"11829296419","pt":1723377097229,"mc":[{"id":"1.231615888","rc":[{"ltp":3.2,"id":40096576},{"ltp":1.46,"id":40096582}]}]}
{"op":"mcm","clk":"11829304279","pt":1723377157210,"mc":[{"id":"1.231615888","rc":[{"ltp":1.45,"id":40096582}]}]}
{"op":"mcm","clk":"11829311939","pt":1723377217293,"mc":[{"id":"1.231615888","rc":[{"ltp":3.05,"id":40096576},{"ltp":1.49,"id":40096582}]}]}
{"op":"mcm","clk":"11829319627","pt":1723377277219,"mc":[{"id":"1.231615888","rc":[{"ltp":2.12,"id":40096576},{"ltp":1.9,"id":40096582}]}]}
{"op":"mcm","clk":"11829335354","pt":1723377397227,"mc":[{"id":"1.231615888","rc":[{"ltp":2.16,"id":40096576},{"ltp":1.87,"id":40096582}]}]}
{"op":"mcm","clk":"11829343355","pt":1723377457300,"mc":[{"id":"1.231615888","rc":[{"ltp":2.22,"id":40096576},{"ltp":1.81,"id":40096582}]}]}
{"op":"mcm","clk":"11829351670","pt":1723377517241,"mc":[{"id":"1.231615888","rc":[{"ltp":1.8,"id":40096582}]}]}
{"op":"mcm","clk":"11829360036","pt":1723377577303,"mc":[{"id":"1.231615888","rc":[{"ltp":2.42,"id":40096576},{"ltp":1.71,"id":40096582}]}]}
{"op":"mcm","clk":"11829368768","pt":1723377637302,"mc":[{"id":"1.231615888","rc":[{"ltp":2.46,"id":40096576},{"ltp":1.7,"id":40096582}]}]}
{"op":"mcm","clk":"11829378380","pt":1723377697247,"mc":[{"id":"1.231615888","rc":[{"ltp":2.4,"id":40096576},{"ltp":1.71,"id":40096582}]}]}
{"op":"mcm","clk":"11829387567","pt":1723377757219,"mc":[{"id":"1.231615888","rc":[{"ltp":2.84,"id":40096576},{"ltp":1.54,"id":40096582}]}]}
{"op":"mcm","clk":"11829397382","pt":1723377817299,"mc":[{"id":"1.231615888","rc":[{"ltp":2.94,"id":40096576},{"ltp":1.53,"id":40096582}]}]}
{"op":"mcm","clk":"11829406779","pt":1723377877283,"mc":[{"id":"1.231615888","rc":[{"ltp":2.68,"id":40096576},{"ltp":1.59,"id":40096582}]}]}
{"op":"mcm","clk":"11829416633","pt":1723377937258,"mc":[{"id":"1.231615888","rc":[{"ltp":2.74,"id":40096576},{"ltp":1.57,"id":40096582}]}]}
{"op":"mcm","clk":"11829426356","pt":1723377997223,"mc":[{"id":"1.231615888","rc":[{"ltp":3.2,"id":40096576},{"ltp":1.46,"id":40096582}]}]}
{"op":"mcm","clk":"11829436152","pt":1723378057280,"mc":[{"id":"1.231615888","rc":[{"ltp":4.2,"id":40096576},{"ltp":1.31,"id":40096582}]}]}
{"op":"mcm","clk":"11829445892","pt":1723378117314,"mc":[{"id":"1.231615888","rc":[{"ltp":4.1,"id":40096576},{"ltp":1.32,"id":40096582}]}]}
{"op":"mcm","clk":"11829457242","pt":1723378177283,"mc":[{"id":"1.231615888","rc":[{"ltp":5.0,"id":40096576},{"ltp":1.25,"id":40096582}]}]}
{"op":"mcm","clk":"11829468274","pt":1723378237242,"mc":[{"id":"1.231615888","rc":[{"ltp":6.4,"id":40096576},{"ltp":1.18,"id":40096582}]}]}
{"op":"mcm","clk":"11829479002","pt":1723378297216,"mc":[{"id":"1.231615888","rc":[{"ltp":8.0,"id":40096576},{"ltp":1.14,"id":40096582}]}]}
{"op":"mcm","clk":"11829490024","pt":1723378357297,"mc":[{"id":"1.231615888","rc":[{"ltp":7.0,"id":40096576},{"ltp":1.18,"id":40096582}]}]}
{"op":"mcm","clk":"11829511549","pt":1723378417311,"mc":[{"id":"1.231615888","rc":[{"ltp":4.2,"id":40096576},{"ltp":1.32,"id":40096582}]}]}
{"op":"mcm","clk":"11829523119","pt":1723378477245,"mc":[{"id":"1.231615888","rc":[{"ltp":3.65,"id":40096576},{"ltp":1.38,"id":40096582}]}]}
{"op":"mcm","clk":"11829535025","pt":1723378537266,"mc":[{"id":"1.231615888","rc":[{"ltp":3.85,"id":40096576},{"ltp":1.34,"id":40096582}]}]}
{"op":"mcm","clk":"11829546448","pt":1723378597228,"mc":[{"id":"1.231615888","rc":[{"ltp":5.3,"id":40096576},{"ltp":1.23,"id":40096582}]}]}
{"op":"mcm","clk":"11829558306","pt":1723378657227,"mc":[{"id":"1.231615888","rc":[{"ltp":8.2,"id":40096576},{"ltp":1.14,"id":40096582}]}]}
{"op":"mcm","clk":"11829569933","pt":1723378717306,"mc":[{"id":"1.231615888","rc":[{"ltp":8.0,"id":40096576}]}]}
{"op":"mcm","clk":"11829591914","pt":1723378837281,"mc":[{"id":"1.231615888","rc":[{"ltp":8.6,"id":40096576},{"ltp":1.12,"id":40096582}]}]}
{"op":"mcm","clk":"11829602374","pt":1723378897306,"mc":[{"id":"1.231615888","rc":[{"ltp":8.4,"id":40096576},{"ltp":1.13,"id":40096582}]}]}
{"op":"mcm","clk":"11829612616","pt":1723378957006,"mc":[{"id":"1.231615888","rc":[{"ltp":8.2,"id":40096576},{"ltp":1.14,"id":40096582}]}]}
{"op":"mcm","clk":"11829623171","pt":1723379017256,"mc":[{"id":"1.231615888","rc":[{"ltp":8.6,"id":40096576},{"ltp":1.13,"id":40096582}]}]}
{"op":"mcm","clk":"11829633860","pt":1723379077224,"mc":[{"id":"1.231615888","rc":[{"ltp":8.2,"id":40096576}]}]}
{"op":"mcm","clk":"11829643909","pt":1723379137302,"mc":[{"id":"1.231615888","rc":[{"ltp":13.5,"id":40096576},{"ltp":1.08,"id":40096582}]}]}
{"op":"mcm","clk":"11829654071","pt":1723379197302,"mc":[{"id":"1.231615888","rc":[{"ltp":10.0,"id":40096576},{"ltp":1.1,"id":40096582}]}]}
{"op":"mcm","clk":"11829664155","pt":1723379256837,"mc":[{"id":"1.231615888","rc":[{"ltp":9.6,"id":40096576},{"ltp":1.12,"id":40096582}]}]}
{"op":"mcm","clk":"11829675730","pt":1723379317251,"mc":[{"id":"1.231615888","rc":[{"ltp":22.0,"id":40096576},{"ltp":1.05,"id":40096582}]}]}
{"op":"mcm","clk":"11829686764","pt":1723379377243,"mc":[{"id":"1.231615888","rc":[{"ltp":40.0,"id":40096576},{"ltp":1.02,"id":40096582}]}]}
{"op":"mcm","clk":"11829698696","pt":1723379437297,"mc":[{"id":"1.231615888","rc":[{"ltp":50.0,"id":40096576}]}]}
{"op":"mcm","clk":"11829710013","pt":1723379497127,"mc":[{"id":"1.231615888","rc":[{"ltp":30.0,"id":40096576},{"ltp":1.05,"id":40096582}]}]}
{"op":"mcm","clk":"11829721361","pt":1723379557201,"mc":[{"id":"1.231615888","rc":[{"ltp":34.0,"id":40096576},{"ltp":1.03,"id":40096582}]}]}
{"op":"mcm","clk":"11829755069","pt":1723379737187,"mc":[{"id":"1.231615888","rc":[{"ltp":320.0,"id":40096576},{"ltp":1.01,"id":40096582}]}]}
{"op":"mcm","clk":"11829777206","pt":1723379857235,"mc":[{"id":"1.231615888","rc":[{"ltp":1000.0,"id":40096576}]}]}
{"op":"mcm","clk":"11829831740","pt":1723380148304,"mc":[{"id":"1.231615888","marketDefinition":{"bspMarket":false,"turnInPlayEnabled":true,"persistenceEnabled":true,"marketBaseRate":5.0,"eventId":"33480307","eventTypeId":"4","numberOfWinners":1,"bettingType":"ODDS","marketType":"MATCH_ODDS","marketTime":"2024-08-11T10:00:00.000Z","suspendTime":"2024-08-11T10:00:00.000Z","bspReconciled":false,"complete":true,"inPlay":true,"crossMatching":true,"runnersVoidable":false,"numberOfActiveRunners":2,"betDelay":5,"status":"SUSPENDED","runners":[{"status":"ACTIVE","sortPriority":1,"id":40096582,"name":"Oval Invincibles Women"},{"status":"ACTIVE","sortPriority":2,"id":40096576,"name":"London Spirit Women"}],"regulators":["MR_INT"],"countryCode":"GB","discountAllowed":true,"timezone":"GMT","openDate":"2024-08-11T10:00:00.000Z","version":6069380053,"name":"Match Odds","eventName":"Oval Invincibles Women v London Spirit Women"}}]}
{"op":"mcm","clk":"11829852798","pt":1723380262230,"mc":[{"id":"1.231615888","marketDefinition":{"bspMarket":false,"turnInPlayEnabled":true,"persistenceEnabled":true,"marketBaseRate":5.0,"eventId":"33480307","eventTypeId":"4","numberOfWinners":1,"bettingType":"ODDS","marketType":"MATCH_ODDS","marketTime":"2024-08-11T10:00:00.000Z","suspendTime":"2024-08-11T10:00:00.000Z","bspReconciled":false,"complete":true,"inPlay":true,"crossMatching":false,"runnersVoidable":false,"numberOfActiveRunners":0,"betDelay":5,"status":"CLOSED","settledTime":"2024-08-11T12:43:10.000Z","runners":[{"status":"WINNER","sortPriority":1,"id":40096582,"name":"Oval Invincibles Women"},{"status":"LOSER","sortPriority":2,"id":40096576,"name":"London Spirit Women"}],"regulators":["MR_INT"],"countryCode":"GB","discountAllowed":true,"timezone":"GMT","openDate":"2024-08-11T10:00:00.000Z","version":6069385146,"name":"Match Odds","eventName":"Oval Invincibles Women v London Spirit Women"}}]}
