{"op":"mcm","clk":"11783479410","pt":1722416585149,"mc":[{"id":"1.231282474","marketDefinition":{"bspMarket":false,"turnInPlayEnabled":true,"persistenceEnabled":true,"marketBaseRate":5.0,"eventId":"33457877","eventTypeId":"4","numberOfWinners":1,"bettingType":"ODDS","marketType":"MATCH_ODDS","marketTime":"2024-08-02T09:00:00.000Z","suspendTime":"2024-08-02T09:00:00.000Z","bspReconciled":false,"complete":true,"inPlay":false,"crossMatching":true,"runnersVoidable":false,"numberOfActiveRunners":2,"betDelay":0,"status":"OPEN","runners":[{"status":"ACTIVE","sortPriority":1,"id":7337,"name":"Sri Lanka"},{"status":"ACTIVE","sortPriority":2,"id":414464,"name":"India"}],"regulators":["MR_INT"],"countryCode":"GB","discountAllowed":true,"timezone":"GMT","openDate":"2024-08-02T09:00:00.000Z","version":6048549192,"name":"Match Odds","eventName":"Sri Lanka v India"}}]}
{"op":"mcm","clk":"11783533058","pt":1722417910345,"mc":[{"id":"1.231282474","rc":[{"ltp":1.3,"id":414464},{"ltp":4.4,"id":7337}]}]}
{"op":"mcm","clk":"11783650336","pt":1722420110830,"mc":[{"id":"1.231282474","rc":[{"ltp":1.33,"id":414464}]}]}
{"op":"mcm","clk":"11783958256","pt":1722424911510,"mc":[{"id":"1.231282474","rc":[{"ltp":1.26,"id":414464},{"ltp":4.9,"id":7337}]}]}
{"op":"mcm","clk":"11783987879","pt":1722425401226,"mc":[{"id":"1.231282474","rc":[{"ltp":4.0,"id":7337}]}]}
{"op":"mcm","clk":"11784213561","pt":1722428733359,"mc":[{"id":"1.231282474","rc":[{"ltp":1.3,"id":414464}]}]}
{"op":"mcm","clk":"11784267206","pt":1722429356534,"mc":[{"id":"1.231282474","rc":[{"ltp":1.26,"id":414464}]}]}
{"op":"mcm","clk":"11784328265","pt":1722429925300,"mc":[{"id":"1.231282474","rc":[{"ltp":1.3,"id":414464}]}]}
{"op":"mcm","clk":"11784436667","pt":1722431155404,"mc":[{"id":"1.231282474","rc":[{"ltp":4.6,"id":7337}]}]}
{"op":"mcm","clk":"11784446513","pt":1722431274234,"mc":[{"id":"1.231282474","rc":[{"ltp":1.26,"id":414464},{"ltp":4.9,"id":7337}]}]}
{"op":"mcm","clk":"11784457369","pt":1722431396054,"mc":[{"id":"1.231282474","rc":[{"ltp":1.25,"id":414464}]}]}
{"op":"mcm","clk":"11784471865","pt":1722431576734,"mc":[{"id":"1.231282474","rc":[{"ltp":1.26,"id":414464}]}]}
{"op":"mcm","clk":"11784552556","pt":1722432554304,"mc":[{"id":"1.231282474","rc":[{"ltp":4.7,"id":7337}]}]}
{"op":"mcm","clk":"11784599063","pt":1722433076580,"mc":[{"id":"1.231282474","rc":[{"ltp":4.9,"id":7337}]}]}
{"op":"mcm","clk":"11784603776","pt":1722433133518,"mc":[{"id":"1.231282474","rc":[{"ltp":1.27,"id":414464},{"ltp":4.8,"id":7337}]}]}
{"op":"mcm","clk":"11784703827","pt":1722434337757,"mc":[{"id":"1.231282474","rc":[{"ltp":1.28,"id":414464},{"ltp":4.7,"id":7337}]}]}
{"op":"mcm","clk":"11784723335","pt":1722434565435,"mc":[{"id":"1.231282474","rc":[{"ltp":1.27,"id":414464},{"ltp":4.8,"id":7337}]}]}
{"op":"mcm","clk":"11784798278","pt":1722435387785,"mc":[{"id":"1.231282474","rc":[{"ltp":1.26,"id":414464},{"ltp":4.9,"id":7337}]}]}
{"op":"mcm","clk":"11785059071","pt":1722438313175,"mc":[{"id":"1.231282474","rc":[{"ltp":1.27,"id":414464}]}]}
{"op":"mcm","clk":"11785671957","pt":1722443782900,"mc":[{"id":"1.231282474","rc":[{"ltp":1.26,"id":414464}]}]}
{"op":"mcm","clk":"11786177298","pt":1722447045942,"mc":[{"id":"1.231282474","rc":[{"ltp":1.27,"id":414464}]}]}
{"op":"mcm","clk":"11787000664","pt":1722453055113,"mc":[{"id":"1.231282474","rc":[{"ltp":4.8,"id":7337}]}]}
{"op":"mcm","clk":"11787151113","pt":1722454605676,"mc":[{"id":"1.231282474","rc":[{"ltp":1.29,"id":414464},{"ltp":4.7,"id":7337}]}]}
{"op":"mcm","clk":"11787290889","pt":1722456299257,"mc":[{"id":"1.231282474","rc":[{"ltp":1.3,"id":414464}]}]}
{"op":"mcm","clk":"11787332493","pt":1722456775046,"mc":[{"id":"1.231282474","rc":[{"ltp":1.27,"id":414464}]}]}
{"op":"mcm","clk":"11787362062","pt":1722457242811,"mc":[{"id":"1.231282474","rc":[{"ltp":4.5,"id":7337}]}]}
{"op":"mcm","clk":"11787378222","pt":1722457498138,"mc":[{"id":"1.231282474","rc":[{"ltp":1.3,"id":414464}]}]}
{"op":"mcm","clk":"11787413759","pt":1722458129186,"mc":[{"id":"1.231282474","rc":[{"ltp":1.27,"id":414464}]}]}
{"op":"mcm","clk":"11787495249","pt":1722459841510,"mc":[{"id":"1.231282474","rc":[{"ltp":1.28,"id":414464}]}]}
{"op":"mcm","clk":"11787766788","pt":1722465194904,"mc":[{"id":"1.231282474","rc":[{"ltp":1.27,"id":414464}]}]}
{"op":"mcm","clk":"11787910814","pt":1722467613095,"mc":[{"id":"1.231282474","rc":[{"ltp":4.4,"id":7337}]}]}
{"op":"mcm","clk":"11787979384","pt":1722468782177,"mc":[{"id":"1.231282474","rc":[{"ltp":1.28,"id":414464}]}]}
{"op":"mcm","clk":"11788086142","pt":1722470672085,"mc":[{"id":"1.231282474","rc":[{"ltp":1.29,"id":414464}]}]}
{"op":"mcm","clk":"11788150068","pt":1722471706608,"mc":[{"id":"1.231282474","rc":[{"ltp":4.5,"id":7337}]}]}
{"op":"mcm","clk":"11788753321","pt":1722479965198,"mc":[{"id":"1.231282474","rc":[{"ltp":4.6,"id":7337}]}]}
{"op":"mcm","clk":"11788883249","pt":1722482573151,"mc":[{"id":"1.231282474","rc":[{"ltp":1.28,"id":414464}]}]}
{"op":"mcm","clk":"11788890044","pt":1722482723496,"mc":[{"id":"1.231282474","rc":[{"ltp":4.7,"id":7337}]}]}
{"op":"mcm","clk":"11788957902","pt":1722484535643,"mc":[{"id":"1.231282474","rc":[{"ltp":4.5,"id":7337}]}]}
{"op":"mcm","clk":"11789055441","pt":1722486741768,"mc":[{"id":"1.231282474","rc":[{"ltp":1.27,"id":414464}]}]}
{"op":"mcm","clk":"11789116531","pt":1722488375363,"mc":[{"id":"1.231282474","rc":[{"ltp":4.7,"id":7337}]}]}
{"op":"mcm","clk":"11789226680","pt":1722491038438,"mc":[{"id":"1.231282474","rc":[{"ltp":4.5,"id":7337}]}]}
{"op":"mcm","clk":"11789275173","pt":1722492279963,"mc":[{"id":"1.231282474","rc":[{"ltp":1.28,"id":414464},{"ltp":4.7,"id":7337}]}]}
{"op":"mcm","clk":"11789287874","pt":1722492598984,"mc":[{"id":"1.231282474","rc":[{"ltp":1.29,"id":414464},{"ltp":4.6,"id":7337}]}]}
{"op":"mcm","clk":"11789352526","pt":1722494200305,"mc":[{"id":"1.231282474","rc":[{"ltp":4.5,"id":7337}]}]}
{"op":"mcm","clk":"11789397089","pt":1722495122309,"mc":[{"id":"1.231282474","rc":[{"ltp":1.27,"id":414464},{"ltp":4.8,"id":7337}]}]}
{"op":"mcm","clk":"11789401986","pt":1722495234078,"mc":[{"id":"1.231282474","rc":[{"ltp":1.28,"id":414464}]}]}
{"op":"mcm","clk":"11789450430","pt":1722496332270,"mc":[{"id":"1.231282474","rc":[{"ltp":4.5,"id":7337}]}]}
{"op":"mcm","clk":"11789482615","pt":1722497211511,"mc":[{"id":"1.231282474","rc":[{"ltp":4.7,"id":7337}]}]}
{"op":"mcm","clk":"11789527354","pt":1722498346489,"mc":[{"id":"1.231282474","rc":[{"ltp":1.27,"id":414464}]}]}
{"op":"mcm","clk":"11789534370","pt":1722498552666,"mc":[{"id":"1.231282474","rc":[{"ltp":1.28,"id":414464}]}]}
{"op":"mcm","clk":"11789602509","pt":1722500180704,"mc":[{"id":"1.231282474","rc":[{"ltp":1.27,"id":414464}]}]}
{"op":"mcm","clk":"11789620829","pt":1722500415139,"mc":[{"id":"1.231282474","rc":[{"ltp":1.28,"id":414464}]}]}
{"op":"mcm","clk":"11789700194","pt":1722502441606,"mc":[{"id":"1.231282474","rc":[{"ltp":1.27,"id":414464}]}]}
{"op":"mcm","clk":"11789972438","pt":1722507397094,"mc":[{"id":"1.231282474","rc":[{"ltp":1.26,"id":414464}]}]}
{"op":"mcm","clk":"11790017764","pt":1722508104358,"mc":[{"id":"1.231282474","rc":[{"ltp":4.9,"id":7337}]}]}
{"op":"mcm","clk":"11790061269","pt":1722508778751,"mc":[{"id":"1.231282474","rc":[{"ltp":4.8,"id":7337}]}]}
{"op":"mcm","clk":"11790088506","pt":1722509155032,"mc":[{"id":"1.231282474","rc":[{"ltp":1.27,"id":414464}]}]}
{"op":"mcm","clk":"11790403262","pt":1722513512739,"mc":[{"id":"1.231282474","rc":[{"ltp":1.26,"id":414464}]}]}
{"op":"mcm","clk":"11790430840","pt":1722513836936,"mc":[{"id":"1.231282474","rc":[{"ltp":1.27,"id":414464}]}]}
{"op":"mcm","clk":"11790816409","pt":1722519739848,"mc":[{"id":"1.231282474","rc":[{"ltp":4.7,"id":7337}]}]}
{"op":"mcm","clk":"11790844612","pt":1722520315346,"mc":[{"id":"1.231282474","rc":[{"ltp":1.26,"id":414464},{"ltp":4.9,"id":7337}]}]}
{"op":"mcm","clk":"11790850401","pt":1722520434466,"mc":[{"id":"1.231282474","rc":[{"ltp":1.27,"id":414464}]}]}
{"op":"mcm","clk":"11790898295","pt":1722521401836,"mc":[{"id":"1.231282474","rc":[{"ltp":4.7,"id":7337}]}]}
{"op":"mcm","clk":"11790900651","pt":1722521457580,"mc":[{"id":"1.231282474","rc":[{"ltp":1.28,"id":414464}]}]}
{"op":"mcm","clk":"11790902421","pt":1722521503838,"mc":[{"id":"1.231282474","rc":[{"ltp":1.27,"id":414464}]}]}
{"op":"mcm","clk":"11790971409","pt":1722523138525,"mc":[{"id":"1.231282474","rc":[{"ltp":1.28,"id":414464}]}]}
{"op":"mcm","clk":"11790984125","pt":1722523474434,"mc":[{"id":"1.231282474","rc":[{"ltp":4.6,"id":7337}]}]}
{"op":"mcm","clk":"11791181991","pt":1722528419707,"mc":[{"id":"1.231282474","rc":[{"ltp":4.5,"id":7337}]}]}
{"op":"mcm","clk":"11791211835","pt":1722528925880,"mc":[{"id":"1.231282474","rc":[{"ltp":1.27,"id":414464}]}]}
{"op":"mcm","clk":"11791263049","pt":1722529681843,"mc":[{"id":"1.231282474","rc":[{"ltp":4.6,"id":7337}]}]}
{"op":"mcm","clk":"11791320612","pt":1722530358672,"mc":[{"id":"1.231282474","rc":[{"ltp":1.28,"id":414464}]}]}
{"op":"mcm","clk":"11791350848","pt":1722530695075,"mc":[{"id":"1.231282474","rc":[{"ltp":4.5,"id":7337}]}]}
{"op":"mcm","clk":"11791410814","pt":1722531359890,"mc":[{"id":"1.231282474","rc":[{"ltp":4.6,"id":7337}]}]}
{"op":"mcm","clk":"11791440440","pt":1722531657116,"mc":[{"id":"1.231282474","rc":[{"ltp":1.27,"id":414464}]}]}
{"op":"mcm","clk":"11791465691","pt":1722531837471,"mc":[{"id":"1.231282474","rc":[{"ltp":1.28,"id":414464}]}]}
{"op":"mcm","clk":"11791517005","pt":1722532201357,"mc":[{"id":"1.231282474","rc":[{"ltp":4.5,"id":7337}]}]}
{"op":"mcm","clk":"11791642787","pt":1722533042338,"mc":[{"id":"1.231282474","rc":[{"ltp":1.27,"id":414464}]}]}
{"op":"mcm","clk":"11791657461","pt":1722533144889,"mc":[{"id":"1.231282474","rc":[{"ltp":1.28,"id":414464}]}]}
{"op":"mcm","clk":"11791954386","pt":1722535075905,"mc":[{"id":"1.231282474","rc":[{"ltp":1.29,"id":414464}]}]}
{"op":"mcm","clk":"11792138584","pt":1722536218981,"mc":[{"id":"1.231282474","rc":[{"ltp":1.28,"id":414464}]}]}
{"op":"mcm","clk":"11792198692","pt":1722536619238,"mc":[{"id":"1.231282474","rc":[{"ltp":1.29,"id":414464},{"ltp":4.4,"id":7337}]}]}
{"op":"mcm","clk":"11792205832","pt":1722536668495,"mc":[{"id":"1.231282474","rc":[{"ltp":1.28,"id":414464}]}]}
{"op":"mcm","clk":"11792242630","pt":1722536927031,"mc":[{"id":"1.231282474","rc":[{"ltp":4.6,"id":7337}]}]}
{"op":"mcm","clk":"11792310614","pt":1722537388857,"mc":[{"id":"1.231282474","rc":[{"ltp":1.29,"id":414464}]}]}
{"op":"mcm","clk":"11792335637","pt":1722537556716,"mc":[{"id":"1.231282474","rc":[{"ltp":1.28,"id":414464}]}]}
{"op":"mcm","clk":"11792419332","pt":1722538022151,"mc":[{"id":"1.231282474","rc":[{"ltp":1.29,"id":414464}]}]}
{"op":"mcm","clk":"11792464606","pt":1722538343481,"mc":[{"id":"1.231282474","rc":[{"ltp":1.28,"id":414464}]}]}
{"op":"mcm","clk":"11792512282","pt":1722538786093,"mc":[{"id":"1.231282474","rc":[{"ltp":1.27,"id":414464}]}]}
{"op":"mcm","clk":"11792526319","pt":1722538909626,"mc":[{"id":"1.231282474","rc":[{"ltp":1.28,"id":414464}]}]}
{"op":"mcm","clk":"11792549555","pt":1722539119650,"mc":[{"id":"1.231282474","rc":[{"ltp":1.27,"id":414464}]}]}
{"op":"mcm","clk":"11792566338","pt":1722539263245,"mc":[{"id":"1.231282474","rc":[{"ltp":4.5,"id":7337}]}]}
{"op":"mcm","clk":"11792572511","pt":1722539319098,"mc":[{"id":"1.231282474","rc":[{"ltp":4.7,"id":7337}]}]}
{"op":"mcm","clk":"11792629965","pt":1722539823096,"mc":[{"id":"1.231282474","rc":[{"ltp":1.29,"id":414464}]}]}
{"op":"mcm","clk":"11792641041","pt":1722539922834,"mc":[{"id":"1.231282474","rc":[{"ltp":1.27,"id":414464}]}]}
{"op":"mcm","clk":"11792698473","pt":1722540526621,"mc":[{"id":"1.231282474","rc":[{"ltp":1.28,"id":414464}]}]}
{"op":"mcm","clk":"11792708216","pt":1722540639577,"mc":[{"id":"1.231282474","rc":[{"ltp":1.27,"id":414464}]}]}
{"op":"mcm","clk":"11792729858","pt":1722540900660,"mc":[{"id":"1.231282474","rc":[{"ltp":1.28,"id":414464}]}]}
{"op":"mcm","clk":"11792751251","pt":1722541132645,"mc":[{"id":"1.231282474","rc":[{"ltp":1.27,"id":414464}]}]}
{"op":"mcm","clk":"11792753338","pt":1722541157678,"mc":[{"id":"1.231282474","rc":[{"ltp":1.28,"id":414464},{"ltp":4.5,"id":7337}]}]}
{"op":"mcm","clk":"11792771321","pt":1722541371673,"mc":[{"id":"1.231282474","rc":[{"ltp":1.27,"id":414464}]}]}
{"op":"mcm","clk":"11792817628","pt":1722541940441,"mc":[{"id":"1.231282474","rc":[{"ltp":1.28,"id":414464}]}]}
{"op":"mcm","clk":"11792870904","pt":1722542778138,"mc":[{"id":"1.231282474","rc":[{"ltp":4.6,"id":7337}]}]}
{"op":"mcm","clk":"11792877765","pt":1722542917309,"mc":[{"id":"1.231282474","rc":[{"ltp":4.5,"id":7337}]}]}
{"op":"mcm","clk":"11792975222","pt":1722544899210,"mc":[{"id":"1.231282474","rc":[{"ltp":1.29,"id":414464}]}]}
{"op":"mcm","clk":"11793029130","pt":1722546169296,"mc":[{"id":"1.231282474","rc":[{"ltp":1.28,"id":414464}]}]}
{"op":"mcm","clk":"11793033443","pt":1722546275661,"mc":[{"id":"1.231282474","rc":[{"ltp":1.29,"id":414464}]}]}
{"op":"mcm","clk":"11793157543","pt":1722549160315,"mc":[{"id":"1.231282474","rc":[{"ltp":1.28,"id":414464}]}]}
{"op":"mcm","clk":"11793189540","pt":1722549981845,"mc":[{"id":"1.231282474","rc":[{"ltp":1.29,"id":414464}]}]}
{"op":"mcm","clk":"11793273693","pt":1722552045768,"mc":[{"id":"1.231282474","rc":[{"ltp":1.28,"id":414464}]}]}
{"op":"mcm","clk":"11793343635","pt":1722553742388,"mc":[{"id":"1.231282474","rc":[{"ltp":1.29,"id":414464}]}]}
{"op":"mcm","clk":"11793395192","pt":1722554738583,"mc":[{"id":"1.231282474","rc":[{"ltp":4.6,"id":7337}]}]}
{"op":"mcm","clk":"11793403129","pt":1722554924401,"mc":[{"id":"1.231282474","rc":[{"ltp":4.5,"id":7337}]}]}
{"op":"mcm","clk":"11793420189","pt":1722555320287,"mc":[{"id":"1.231282474","rc":[{"ltp":1.28,"id":414464}]}]}
{"op":"mcm","clk":"11793451021","pt":1722556078824,"mc":[{"id":"1.231282474","rc":[{"ltp":1.29,"id":414464}]}]}
{"op":"mcm","clk":"11793565368","pt":1722558729033,"mc":[{"id":"1.231282474","rc":[{"ltp":1.28,"id":414464}]}]}
{"op":"mcm","clk":"11793609169","pt":1722559548808,"mc":[{"id":"1.231282474","rc":[{"ltp":1.29,"id":414464}]}]}
{"op":"mcm","clk":"11793634498","pt":1722560160131,"mc":[{"id":"1.231282474","rc":[{"ltp":1.28,"id":414464}]}]}
{"op":"mcm","clk":"11793748628","pt":1722562553712,"mc":[{"id":"1.231282474","rc":[{"ltp":1.27,"id":414464}]}]}
{"op":"mcm","clk":"11793779033","pt":1722563159163,"mc":[{"id":"1.231282474","rc":[{"ltp":1.28,"id":414464}]}]}
{"op":"mcm","clk":"11793835430","pt":1722564720955,"mc":[{"id":"1.231282474","rc":[{"ltp":1.29,"id":414464}]}]}
{"op":"mcm","clk":"11793869670","pt":1722565321518,"mc":[{"id":"1.231282474","rc":[{"ltp":4.6,"id":7337}]}]}
{"op":"mcm","clk":"11793881559","pt":1722565758763,"mc":[{"id":"1.231282474","rc":[{"ltp":4.5,"id":7337}]}]}
{"op":"mcm","clk":"11793929274","pt":1722567628399,"mc":[{"id":"1.231282474","rc":[{"ltp":1.28,"id":414464}]}]}
{"op":"mcm","clk":"11793932629","pt":1722567766069,"mc":[{"id":"1.231282474","rc":[{"ltp":1.29,"id":414464}]}]}
{"op":"mcm","clk":"11794005267","pt":1722570482841,"mc":[{"id":"1.231282474","rc":[{"ltp":1.28,"id":414464}]}]}
{"op":"mcm","clk":"11794006461","pt":1722570539034,"mc":[{"id":"1.231282474","rc":[{"ltp":1.29,"id":414464}]}]}
{"op":"mcm","clk":"11794017994","pt":1722570996409,"mc":[{"id":"1.231282474","rc":[{"ltp":4.4,"id":7337}]}]}
{"op":"mcm","clk":"11794026232","pt":1722571285602,"mc":[{"id":"1.231282474","rc":[{"ltp":1.28,"id":414464}]}]}
{"op":"mcm","clk":"11794072394","pt":1722573062137,"mc":[{"id":"1.231282474","rc":[{"ltp":1.29,"id":414464}]}]}
{"op":"mcm","clk":"11794097391","pt":1722573844824,"mc":[{"id":"1.231282474","rc":[{"ltp":1.28,"id":414464}]}]}
{"op":"mcm","clk":"11794106185","pt":1722574254806,"mc":[{"id":"1.231282474","rc":[{"ltp":1.29,"id":414464}]}]}
{"op":"mcm","clk":"11794111285","pt":1722574500301,"mc":[{"id":"1.231282474","rc":[{"ltp":1.28,"id":414464}]}]}
{"op":"mcm","clk":"11794116114","pt":1722574740617,"mc":[{"id":"1.231282474","rc":[{"ltp":1.29,"id":414464}]}]}
{"op":"mcm","clk":"11794116584","pt":1722574766956,"mc":[{"id":"1.231282474","rc":[{"ltp":1.28,"id":414464}]}]}
{"op":"mcm","clk":"11794119221","pt":1722574857718,"mc":[{"id":"1.231282474","rc":[{"ltp":1.29,"id":414464}]}]}
{"op":"mcm","clk":"11794156866","pt":1722575617874,"mc":[{"id":"1.231282474","rc":[{"ltp":1.28,"id":414464}]}]}
{"op":"mcm","clk":"11794171990","pt":1722576033614,"mc":[{"id":"1.231282474","rc":[{"ltp":1.29,"id":414464}]}]}
{"op":"mcm","clk":"11794178665","pt":1722576227073,"mc":[{"id":"1.231282474","rc":[{"ltp":1.28,"id":414464}]}]}
{"op":"mcm","clk":"11794190739","pt":1722576523543,"mc":[{"id":"1.231282474","rc":[{"ltp":4.5,"id":7337}]}]}
{"op":"mcm","clk":"11794210202","pt":1722577091313,"mc":[{"id":"1.231282474","rc":[{"ltp":1.27,"id":414464}]}]}
{"op":"mcm","clk":"11794213265","pt":1722577189170,"mc":[{"id":"1.231282474","rc":[{"ltp":1.28,"id":414464}]}]}
{"op":"mcm","clk":"11794215415","pt":1722577246244,"mc":[{"id":"1.231282474","rc":[{"ltp":1.27,"id":414464}]}]}
{"op":"mcm","clk":"11794233159","pt":1722577678266,"mc":[{"id":"1.231282474","rc":[{"ltp":1.28,"id":414464}]}]}
{"op":"mcm","clk":"11794242104","pt":1722577982621,"mc":[{"id":"1.231282474","rc":[{"ltp":1.27,"id":414464}]}]}
{"op":"mcm","clk":"11794242138","pt":1722577983699,"mc":[{"id":"1.231282474","rc":[{"ltp":1.28,"id":414464}]}]}
{"op":"mcm","clk":"11794245415","pt":1722578092568,"mc":[{"id":"1.231282474","rc":[{"ltp":1.29,"id":414464}]}]}
{"op":"mcm","clk":"11794272732","pt":1722578872735,"mc":[{"id":"1.231282474","rc":[{"ltp":1.28,"id":414464}]}]}
{"op":"mcm","clk":"11794274486","pt":1722578925121,"mc":[{"id":"1.231282474","rc":[{"ltp":4.6,"id":7337}]}]}
{"op":"mcm","clk":"11794280544","pt":1722579097070,"mc":[{"id":"1.231282474","rc":[{"ltp":4.5,"id":7337}]}]}
{"op":"mcm","clk":"11794288362","pt":1722579325318,"mc":[{"id":"1.231282474","rc":[{"ltp":1.27,"id":414464}]}]}
{"op":"mcm","clk":"11794291678","pt":1722579414402,"mc":[{"id":"1.231282474","rc":[{"ltp":1.28,"id":414464}]}]}
{"op":"mcm","clk":"11794306235","pt":1722579775288,"mc":[{"id":"1.231282474","rc":[{"ltp":1.27,"id":414464}]}]}
{"op":"mcm","clk":"11794316094","pt":1722580020540,"mc":[{"id":"1.231282474","rc":[{"ltp":1.28,"id":414464}]}]}
{"op":"mcm","clk":"11794318293","pt":1722580074563,"mc":[{"id":"1.231282474","rc":[{"ltp":1.29,"id":414464}]}]}
{"op":"mcm","clk":"11794334018","pt":1722580442844,"mc":[{"id":"1.231282474","rc":[{"ltp":1.27,"id":414464}]}]}
{"op":"mcm","clk":"11794336577","pt":1722580500393,"mc":[{"id":"1.231282474","rc":[{"ltp":1.29,"id":414464}]}]}
{"op":"mcm","clk":"11794338774","pt":1722580549798,"mc":[{"id":"1.231282474","rc":[{"ltp":1.27,"id":414464}]}]}
{"op":"mcm","clk":"11794341191","pt":1722580621079,"mc":[{"id":"1.231282474","rc":[{"ltp":4.9,"id":7337}]}]}
{"op":"mcm","clk":"11794349138","pt":1722580859119,"mc":[{"id":"1.231282474","rc":[{"ltp":4.7,"id":7337}]}]}
{"op":"mcm","clk":"11794352564","pt":1722580943819,"mc":[{"id":"1.231282474","rc":[{"ltp":1.28,"id":414464}]}]}
{"op":"mcm","clk":"11794365902","pt":1722581027702,"mc":[{"id":"1.231282474","rc":[{"ltp":4.8,"id":7337}]}]}
{"op":"mcm","clk":"11794368310","pt":1722581089452,"mc":[{"id":"1.231282474","rc":[{"ltp":1.29,"id":414464},{"ltp":4.6,"id":7337}]}]}
{"op":"mcm","clk":"11794375776","pt":1722581269984,"mc":[{"id":"1.231282474","rc":[{"ltp":1.28,"id":414464}]}]}
{"op":"mcm","clk":"11794380006","pt":1722581379932,"mc":[{"id":"1.231282474","rc":[{"ltp":4.5,"id":7337}]}]}
{"op":"mcm","clk":"11794382880","pt":1722581459799,"mc":[{"id":"1.231282474","rc":[{"ltp":1.29,"id":414464}]}]}
{"op":"mcm","clk":"11794388299","pt":1722581682094,"mc":[{"id":"1.231282474","rc":[{"ltp":1.28,"id":414464}]}]}
{"op":"mcm","clk":"11794390160","pt":1722581746159,"mc":[{"id":"1.231282474","rc":[{"ltp":1.29,"id":414464},{"ltp":4.4,"id":7337}]}]}
{"op":"mcm","clk":"11794393921","pt":1722581868922,"mc":[{"id":"1.231282474","rc":[{"ltp":1.28,"id":414464}]}]}
{"op":"mcm","clk":"11794395553","pt":1722581921172,"mc":[{"id":"1.231282474","rc":[{"ltp":1.29,"id":414464}]}]}
{"op":"mcm","clk":"11794398150","pt":1722582002602,"mc":[{"id":"1.231282474","rc":[{"ltp":4.5,"id":7337}]}]}
{"op":"mcm","clk":"11794409738","pt":1722582238757,"mc":[{"id":"1.231282474","rc":[{"ltp":1.28,"id":414464}]}]}
{"op":"mcm","clk":"11794411937","pt":1722582278525,"mc":[{"id":"1.231282474","rc":[{"ltp":1.29,"id":414464}]}]}
{"op":"mcm","clk":"11794434223","pt":1722582661420,"mc":[{"id":"1.231282474","rc":[{"ltp":1.28,"id":414464}]}]}
{"op":"mcm","clk":"11794439319","pt":1722582767434,"mc":[{"id":"1.231282474","rc":[{"ltp":1.27,"id":414464}]}]}
{"op":"mcm","clk":"11794443094","pt":1722582839729,"mc":[{"id":"1.231282474","rc":[{"ltp":1.28,"id":414464}]}]}
{"op":"mcm","clk":"11794449208","pt":1722582961289,"mc":[{"id":"1.231282474","rc":[{"ltp":4.6,"id":7337}]}]}
{"op":"mcm","clk":"11794451935","pt":1722583010011,"mc":[{"id":"1.231282474","rc":[{"ltp":1.27,"id":414464}]}]}
{"op":"mcm","clk":"11794455862","pt":1722583090811,"mc":[{"id":"1.231282474","rc":[{"ltp":1.28,"id":414464}]}]}
{"op":"mcm","clk":"11794463360","pt":1722583261373,"mc":[{"id":"1.231282474","rc":[{"ltp":4.5,"id":7337}]}]}
{"op":"mcm","clk":"11794508594","pt":1722584160400,"mc":[{"id":"1.231282474","rc":[{"ltp":1.27,"id":414464}]}]}
{"op":"mcm","clk":"11794511338","pt":1722584221183,"mc":[{"id":"1.231282474","rc":[{"ltp":1.29,"id":414464}]}]}
{"op":"mcm","clk":"11794521053","pt":1722584402313,"mc":[{"id":"1.231282474","rc":[{"ltp":1.28,"id":414464}]}]}
{"op":"mcm","clk":"11794534722","pt":1722584616246,"mc":[{"id":"1.231282474","rc":[{"ltp":1.27,"id":414464}]}]}
{"op":"mcm","clk":"11794538957","pt":1722584690426,"mc":[{"id":"1.231282474","rc":[{"ltp":1.28,"id":414464}]}]}
{"op":"mcm","clk":"11794548202","pt":1722584870133,"mc":[{"id":"1.231282474","rc":[{"ltp":4.7,"id":7337}]}]}
{"op":"mcm","clk":"11794550722","pt":1722584926953,"mc":[{"id":"1.231282474","rc":[{"ltp":4.5,"id":7337}]}]}
{"op":"mcm","clk":"11794562808","pt":1722585178420,"mc":[{"id":"1.231282474","rc":[{"ltp":1.29,"id":414464}]}]}
{"op":"mcm","clk":"11794572101","pt":1722585359611,"mc":[{"id":"1.231282474","rc":[{"ltp":1.28,"id":414464}]}]}
{"op":"mcm","clk":"11794598385","pt":1722585843016,"mc":[{"id":"1.231282474","rc":[{"ltp":1.26,"id":414464},{"ltp":4.9,"id":7337}]}]}
{"op":"mcm","clk":"11794601443","pt":1722585898153,"mc":[{"id":"1.231282474","rc":[{"ltp":1.27,"id":414464},{"ltp":4.8,"id":7337}]}]}
{"op":"mcm","clk":"11794604977","pt":1722585961363,"mc":[{"id":"1.231282474","rc":[{"ltp":1.28,"id":414464},{"ltp":4.6,"id":7337}]}]}
{"op":"mcm","clk":"11794608186","pt":1722586022120,"mc":[{"id":"1.231282474","rc":[{"ltp":4.5,"id":7337}]}]}
{"op":"mcm","clk":"11794611153","pt":1722586080676,"mc":[{"id":"1.231282474","rc":[{"ltp":1.27,"id":414464},{"ltp":4.6,"id":7337}]}]}
{"op":"mcm","clk":"11794611435","pt":1722586086020,"mc":[{"id":"1.231282474","rc":[{"ltp":4.5,"id":7337}]}]}
{"op":"mcm","clk":"11794621661","pt":1722586260421,"mc":[{"id":"1.231282474","rc":[{"ltp":1.28,"id":414464}]}]}
{"op":"mcm","clk":"11794623646","pt":1722586294066,"mc":[{"id":"1.231282474","rc":[{"ltp":1.27,"id":414464}]}]}
{"op":"mcm","clk":"11794628215","pt":1722586372269,"mc":[{"id":"1.231282474","rc":[{"ltp":1.28,"id":414464}]}]}
{"op":"mcm","clk":"11794671025","pt":1722586919657,"mc":[{"id":"1.231282474","rc":[{"ltp":1.27,"id":414464}]}]}
{"op":"mcm","clk":"11794675805","pt":1722587013560,"mc":[{"id":"1.231282474","rc":[{"ltp":1.28,"id":414464}]}]}
{"op":"mcm","clk":"11794686572","pt":1722587212525,"mc":[{"id":"1.231282474","rc":[{"ltp":1.27,"id":414464}]}]}
{"op":"mcm","clk":"11794689863","pt":1722587270288,"mc":[{"id":"1.231282474","rc":[{"ltp":4.6,"id":7337}]}]}
{"op":"mcm","clk":"11794693986","pt":1722587340007,"mc":[{"id":"1.231282474","rc":[{"ltp":1.28,"id":414464},{"ltp":4.5,"id":7337}]}]}
{"op":"mcm","clk":"11794697834","pt":1722587402426,"mc":[{"id":"1.231282474","rc":[{"ltp":4.4,"id":7337}]}]}
{"op":"mcm","clk":"11794702411","pt":1722587463029,"mc":[{"id":"1.231282474","rc":[{"ltp":1.27,"id":414464},{"ltp":4.7,"id":7337}]}]}
{"op":"mcm","clk":"11794710870","pt":1722587582924,"mc":[{"id":"1.231282474","rc":[{"ltp":1.28,"id":414464},{"ltp":4.6,"id":7337}]}]}
{"op":"mcm","clk":"11794714697","pt":1722587643103,"mc":[{"id":"1.231282474","rc":[{"ltp":1.29,"id":414464},{"ltp":4.5,"id":7337}]}]}
{"op":"mcm","clk":"11794718261","pt":1722587702286,"mc":[{"id":"1.231282474","rc":[{"ltp":1.3,"id":414464},{"ltp":4.3,"id":7337}]}]}
{"op":"mcm","clk":"11794722719","pt":1722587763005,"mc":[{"id":"1.231282474","rc":[{"ltp":1.31,"id":414464},{"ltp":4.2,"id":7337}]}]}
{"op":"mcm","clk":"11794727068","pt":1722587822846,"mc":[{"id":"1.231282474","rc":[{"ltp":1.3,"id":414464}]}]}
{"op":"mcm","clk":"11794731104","pt":1722587883043,"mc":[{"id":"1.231282474","rc":[{"ltp":1.31,"id":414464},{"ltp":4.3,"id":7337}]}]}
{"op":"mcm","clk":"11794739211","pt":1722588003079,"mc":[{"id":"1.231282474","rc":[{"ltp":1.32,"id":414464},{"ltp":4.1,"id":7337}]}]}
{"op":"mcm","clk":"11794746553","pt":1722588121628,"mc":[{"id":"1.231282474","rc":[{"ltp":1.31,"id":414464},{"ltp":4.2,"id":7337}]}]}
{"op":"mcm","clk":"11794750284","pt":1722588182008,"mc":[{"id":"1.231282474","rc":[{"ltp":1.3,"id":414464},{"ltp":4.3,"id":7337}]}]}
{"op":"mcm","clk":"11794753652","pt":1722588242956,"mc":[{"id":"1.231282474","rc":[{"ltp":4.4,"id":7337}]}]}
{"op":"mcm","clk":"11794756773","pt":1722588301739,"mc":[{"id":"1.231282474","rc":[{"ltp":1.29,"id":414464}]}]}
{"op":"mcm","clk":"11794760476","pt":1722588362727,"mc":[{"id":"1.231282474","rc":[{"ltp":1.28,"id":414464},{"ltp":4.5,"id":7337}]}]}
{"op":"mcm","clk":"11794770659","pt":1722588542942,"mc":[{"id":"1.231282474","rc":[{"ltp":1.29,"id":414464},{"ltp":4.4,"id":7337}]}]}
{"op":"mcm","clk":"11794773873","pt":1722588602926,"mc":[{"id":"1.231282474","rc":[{"ltp":1.3,"id":414464},{"ltp":4.2,"id":7337}]}]}
{"op":"mcm","clk":"11794776819","pt":1722588661300,"mc":[{"id":"1.231282474","rc":[{"ltp":1.31,"id":414464}]}]}
{"op":"mcm","clk":"11794782692","pt":1722588782475,"mc":[{"id":"1.231282474","rc":[{"ltp":1.32,"id":414464}]}]}
{"op":"mcm","clk":"11794785196","pt":1722588841537,"mc":[{"id":"1.231282474","rc":[{"ltp":1.31,"id":414464}]}]}
{"op":"mcm","clk":"11794792594","pt":1722589022940,"mc":[{"id":"1.231282474","rc":[{"ltp":1.32,"id":414464},{"ltp":4.1,"id":7337}]}]}
{"op":"mcm","clk":"11794797881","pt":1722589143022,"mc":[{"id":"1.231282474","rc":[{"ltp":1.31,"id":414464},{"ltp":4.2,"id":7337}]}]}
{"op":"mcm","clk":"11794800723","pt":1722589203067,"mc":[{"id":"1.231282474","rc":[{"ltp":1.32,"id":414464}]}]}
{"op":"mcm","clk":"11794804314","pt":1722589263014,"mc":[{"id":"1.231282474","marketDefinition":{"bspMarket":false,"turnInPlayEnabled":true,"persistenceEnabled":true,"marketBaseRate":5.0,"eventId":"33457877","eventTypeId":"4","numberOfWinners":1,"bettingType":"ODDS","marketType":"MATCH_ODDS","marketTime":"2024-08-02T09:00:00.000Z","suspendTime":"2024-08-02T09:00:00.000Z","bspReconciled":false,"complete":true,"inPlay":true,"crossMatching":true,"runnersVoidable":false,"numberOfActiveRunners":2,"betDelay":5,"status":"OPEN","runners":[{"status":"ACTIVE","sortPriority":1,"id":7337,"name":"Sri Lanka"},{"status":"ACTIVE","sortPriority":2,"id":414464,"name":"India"}],"regulators":["MR_INT"],"countryCode":"GB","discountAllowed":true,"timezone":"GMT","openDate":"2024-08-02T09:00:00.000Z","version":6051238838,"name":"Match Odds","eventName":"Sri Lanka v India"},"rc":[{"ltp":1.31,"id":414464},{"ltp":4.1,"id":7337}]}]}
{"op":"mcm","clk":"11794808134","pt":1722589323065,"mc":[{"id":"1.231282474","rc":[{"ltp":1.3,"id":414464},{"ltp":4.3,"id":7337}]}]}
{"op":"mcm","clk":"11794812078","pt":1722589383025,"mc":[{"id":"1.231282474","rc":[{"ltp":1.34,"id":414464},{"ltp":4.0,"id":7337}]}]}
{"op":"mcm","clk":"11794816234","pt":1722589443088,"mc":[{"id":"1.231282474","rc":[{"ltp":3.9,"id":7337}]}]}
{"op":"mcm","clk":"11794829394","pt":1722589623050,"mc":[{"id":"1.231282474","rc":[{"ltp":1.35,"id":414464},{"ltp":3.85,"id":7337}]}]}
{"op":"mcm","clk":"11794833875","pt":1722589683039,"mc":[{"id":"1.231282474","rc":[{"ltp":1.34,"id":414464},{"ltp":3.9,"id":7337}]}]}
{"op":"mcm","clk":"11794838285","pt":1722589743089,"mc":[{"id":"1.231282474","rc":[{"ltp":1.35,"id":414464},{"ltp":3.85,"id":7337}]}]}
{"op":"mcm","clk":"11794842610","pt":1722589802953,"mc":[{"id":"1.231282474","rc":[{"ltp":1.34,"id":414464},{"ltp":3.9,"id":7337}]}]}
{"op":"mcm","clk":"11794847012","pt":1722589863093,"mc":[{"id":"1.231282474","rc":[{"ltp":1.25,"id":414464},{"ltp":5.1,"id":7337}]}]}
{"op":"mcm","clk":"11794851605","pt":1722589923091,"mc":[{"id":"1.231282474","rc":[{"ltp":1.23,"id":414464},{"ltp":5.5,"id":7337}]}]}
{"op":"mcm","clk":"11794855844","pt":1722589983034,"mc":[{"id":"1.231282474","rc":[{"ltp":1.22,"id":414464}]}]}
{"op":"mcm","clk":"11794859813","pt":1722590043032,"mc":[{"id":"1.231282474","rc":[{"ltp":5.7,"id":7337}]}]}
{"op":"mcm","clk":"11794863769","pt":1722590103062,"mc":[{"id":"1.231282474","rc":[{"ltp":1.21,"id":414464}]}]}
{"op":"mcm","clk":"11794867855","pt":1722590163045,"mc":[{"id":"1.231282474","rc":[{"ltp":6.0,"id":7337}]}]}
{"op":"mcm","clk":"11794871787","pt":1722590222867,"mc":[{"id":"1.231282474","rc":[{"ltp":5.7,"id":7337}]}]}
{"op":"mcm","clk":"11794877229","pt":1722590283016,"mc":[{"id":"1.231282474","rc":[{"ltp":1.23,"id":414464},{"ltp":5.4,"id":7337}]}]}
{"op":"mcm","clk":"11794881380","pt":1722590343100,"mc":[{"id":"1.231282474","rc":[{"ltp":1.24,"id":414464},{"ltp":5.1,"id":7337}]}]}
{"op":"mcm","clk":"11794885052","pt":1722590403062,"mc":[{"id":"1.231282474","rc":[{"ltp":1.23,"id":414464},{"ltp":5.3,"id":7337}]}]}
{"op":"mcm","clk":"11794888891","pt":1722590463012,"mc":[{"id":"1.231282474","rc":[{"ltp":1.24,"id":414464},{"ltp":5.1,"id":7337}]}]}
{"op":"mcm","clk":"11794892851","pt":1722590523092,"mc":[{"id":"1.231282474","rc":[{"ltp":5.0,"id":7337}]}]}
{"op":"mcm","clk":"11794896891","pt":1722590582970,"mc":[{"id":"1.231282474","rc":[{"ltp":1.25,"id":414464}]}]}
{"op":"mcm","clk":"11794909023","pt":1722590763066,"mc":[{"id":"1.231282474","rc":[{"ltp":1.24,"id":414464},{"ltp":5.1,"id":7337}]}]}
{"op":"mcm","clk":"11794913143","pt":1722590823009,"mc":[{"id":"1.231282474","rc":[{"ltp":1.23,"id":414464},{"ltp":5.2,"id":7337}]}]}
{"op":"mcm","clk":"11794917617","pt":1722590883073,"mc":[{"id":"1.231282474","rc":[{"ltp":1.27,"id":414464},{"ltp":4.9,"id":7337}]}]}
{"op":"mcm","clk":"11794921915","pt":1722590943052,"mc":[{"id":"1.231282474","rc":[{"ltp":1.26,"id":414464}]}]}
{"op":"mcm","clk":"11794925969","pt":1722591003020,"mc":[{"id":"1.231282474","rc":[{"ltp":4.7,"id":7337}]}]}
{"op":"mcm","clk":"11794929954","pt":1722591063045,"mc":[{"id":"1.231282474","rc":[{"ltp":1.27,"id":414464}]}]}
{"op":"mcm","clk":"11794934212","pt":1722591122704,"mc":[{"id":"1.231282474","rc":[{"ltp":4.8,"id":7337}]}]}
{"op":"mcm","clk":"11794938016","pt":1722591183087,"mc":[{"id":"1.231282474","rc":[{"ltp":1.29,"id":414464},{"ltp":4.4,"id":7337}]}]}
{"op":"mcm","clk":"11794944941","pt":1722591303063,"mc":[{"id":"1.231282474","rc":[{"ltp":1.3,"id":414464},{"ltp":4.3,"id":7337}]}]}
{"op":"mcm","clk":"11794948362","pt":1722591363026,"mc":[{"id":"1.231282474","rc":[{"ltp":1.29,"id":414464}]}]}
{"op":"mcm","clk":"11794951903","pt":1722591423013,"mc":[{"id":"1.231282474","rc":[{"ltp":1.27,"id":414464},{"ltp":4.5,"id":7337}]}]}
{"op":"mcm","clk":"11794955411","pt":1722591483071,"mc":[{"id":"1.231282474","rc":[{"ltp":1.28,"id":414464},{"ltp":4.6,"id":7337}]}]}
{"op":"mcm","clk":"11794959161","pt":1722591543068,"mc":[{"id":"1.231282474","rc":[{"ltp":1.27,"id":414464},{"ltp":4.7,"id":7337}]}]}
{"op":"mcm","clk":"11794967272","pt":1722591663097,"mc":[{"id":"1.231282474","rc":[{"ltp":1.28,"id":414464},{"ltp":4.8,"id":7337}]}]}
{"op":"mcm","clk":"11794971334","pt":1722591723079,"mc":[{"id":"1.231282474","rc":[{"ltp":1.27,"id":414464},{"ltp":4.7,"id":7337}]}]}
{"op":"mcm","clk":"11794985148","pt":1722591783003,"mc":[{"id":"1.231282474","rc":[{"ltp":1.26,"id":414464}]}]}
{"op":"mcm","clk":"11794989224","pt":1722591843065,"mc":[{"id":"1.231282474","rc":[{"ltp":1.28,"id":414464},{"ltp":4.5,"id":7337}]}]}
{"op":"mcm","clk":"11794993124","pt":1722591903067,"mc":[{"id":"1.231282474","rc":[{"ltp":1.26,"id":414464},{"ltp":4.7,"id":7337}]}]}
{"op":"mcm","clk":"11794997074","pt":1722591962948,"mc":[{"id":"1.231282474","rc":[{"ltp":1.27,"id":414464},{"ltp":4.8,"id":7337}]}]}
{"op":"mcm","clk":"11795001122","pt":1722592023008,"mc":[{"id":"1.231282474","rc":[{"ltp":4.7,"id":7337}]}]}
{"op":"mcm","clk":"11795012773","pt":1722592203007,"mc":[{"id":"1.231282474","rc":[{"ltp":1.26,"id":414464},{"ltp":4.9,"id":7337}]}]}
{"op":"mcm","clk":"11795016668","pt":1722592263095,"mc":[{"id":"1.231282474","rc":[{"ltp":1.25,"id":414464}]}]}
{"op":"mcm","clk":"11795020211","pt":1722592322888,"mc":[{"id":"1.231282474","rc":[{"ltp":1.27,"id":414464},{"ltp":4.7,"id":7337}]}]}
{"op":"mcm","clk":"11795027335","pt":1722592443050,"mc":[{"id":"1.231282474","rc":[{"ltp":1.29,"id":414464},{"ltp":4.5,"id":7337}]}]}
{"op":"mcm","clk":"11795030227","pt":1722592503043,"mc":[{"id":"1.231282474","rc":[{"ltp":1.28,"id":414464}]}]}
{"op":"mcm","clk":"11795033715","pt":1722592563000,"mc":[{"id":"1.231282474","rc":[{"ltp":1.29,"id":414464},{"ltp":4.3,"id":7337}]}]}
{"op":"mcm","clk":"11795037247","pt":1722592622992,"mc":[{"id":"1.231282474","rc":[{"ltp":1.3,"id":414464},{"ltp":4.4,"id":7337}]}]}
{"op":"mcm","clk":"11795040615","pt":1722592683055,"mc":[{"id":"1.231282474","rc":[{"ltp":1.29,"id":414464},{"ltp":4.3,"id":7337}]}]}
{"op":"mcm","clk":"11795044105","pt":1722592743018,"mc":[{"id":"1.231282474","rc":[{"ltp":1.3,"id":414464}]}]}
{"op":"mcm","clk":"11795047727","pt":1722592803097,"mc":[{"id":"1.231282474","rc":[{"ltp":1.23,"id":414464},{"ltp":5.3,"id":7337}]}]}
{"op":"mcm","clk":"11795051932","pt":1722592862994,"mc":[{"id":"1.231282474","rc":[{"ltp":1.19,"id":414464},{"ltp":6.2,"id":7337}]}]}
{"op":"mcm","clk":"11795065357","pt":1722593043073,"mc":[{"id":"1.231282474","rc":[{"ltp":1.18,"id":414464},{"ltp":6.4,"id":7337}]}]}
{"op":"mcm","clk":"11795070726","pt":1722593103044,"mc":[{"id":"1.231282474","rc":[{"ltp":6.2,"id":7337}]}]}
{"op":"mcm","clk":"11795074899","pt":1722593163019,"mc":[{"id":"1.231282474","rc":[{"ltp":1.19,"id":414464},{"ltp":6.4,"id":7337}]}]}
{"op":"mcm","clk":"11795083435","pt":1722593283076,"mc":[{"id":"1.231282474","rc":[{"ltp":1.18,"id":414464}]}]}
{"op":"mcm","clk":"11795088167","pt":1722593342697,"mc":[{"id":"1.231282474","rc":[{"ltp":1.19,"id":414464},{"ltp":6.2,"id":7337}]}]}
{"op":"mcm","clk":"11795102598","pt":1722593523026,"mc":[{"id":"1.231282474","rc":[{"ltp":1.2,"id":414464}]}]}
{"op":"mcm","clk":"11795107378","pt":1722593582884,"mc":[{"id":"1.231282474","rc":[{"ltp":1.19,"id":414464},{"ltp":6.0,"id":7337}]}]}
{"op":"mcm","clk":"11795112238","pt":1722593642840,"mc":[{"id":"1.231282474","rc":[{"ltp":1.2,"id":414464}]}]}
{"op":"mcm","clk":"11795116981","pt":1722593703051,"mc":[{"id":"1.231282474","rc":[{"ltp":1.19,"id":414464}]}]}
{"op":"mcm","clk":"11795121853","pt":1722593762911,"mc":[{"id":"1.231282474","rc":[{"ltp":6.2,"id":7337}]}]}
{"op":"mcm","clk":"11795131919","pt":1722593883060,"mc":[{"id":"1.231282474","rc":[{"ltp":6.4,"id":7337}]}]}
{"op":"mcm","clk":"11795136778","pt":1722593943024,"mc":[{"id":"1.231282474","rc":[{"ltp":1.18,"id":414464}]}]}
{"op":"mcm","clk":"11795141460","pt":1722594002921,"mc":[{"id":"1.231282474","rc":[{"ltp":1.19,"id":414464},{"ltp":6.2,"id":7337}]}]}
{"op":"mcm","clk":"11795146146","pt":1722594063085,"mc":[{"id":"1.231282474","rc":[{"ltp":6.4,"id":7337}]}]}
{"op":"mcm","clk":"11795155191","pt":1722594182912,"mc":[{"id":"1.231282474","rc":[{"ltp":1.18,"id":414464},{"ltp":6.6,"id":7337}]}]}
{"op":"mcm","clk":"11795159819","pt":1722594242986,"mc":[{"id":"1.231282474","rc":[{"ltp":1.13,"id":414464},{"ltp":8.8,"id":7337}]}]}
{"op":"mcm","clk":"11795164137","pt":1722594303037,"mc":[{"id":"1.231282474","rc":[{"ltp":8.6,"id":7337}]}]}
{"op":"mcm","clk":"11795168782","pt":1722594363002,"mc":[{"id":"1.231282474","rc":[{"ltp":1.15,"id":414464},{"ltp":7.8,"id":7337}]}]}
{"op":"mcm","clk":"11795173703","pt":1722594423083,"mc":[{"id":"1.231282474","rc":[{"ltp":1.17,"id":414464},{"ltp":7.0,"id":7337}]}]}
{"op":"mcm","clk":"11795178698","pt":1722594483023,"mc":[{"id":"1.231282474","rc":[{"ltp":1.15,"id":414464},{"ltp":7.2,"id":7337}]}]}
{"op":"mcm","clk":"11795183509","pt":1722594543103,"mc":[{"id":"1.231282474","rc":[{"ltp":1.16,"id":414464}]}]}
{"op":"mcm","clk":"11795187793","pt":1722594603005,"mc":[{"id":"1.231282474","rc":[{"ltp":7.4,"id":7337}]}]}
{"op":"mcm","clk":"11795192483","pt":1722594663062,"mc":[{"id":"1.231282474","rc":[{"ltp":1.14,"id":414464},{"ltp":7.6,"id":7337}]}]}
{"op":"mcm","clk":"11795197110","pt":1722594723021,"mc":[{"id":"1.231282474","rc":[{"ltp":1.17,"id":414464},{"ltp":7.4,"id":7337}]}]}
{"op":"mcm","clk":"11795201568","pt":1722594782841,"mc":[{"id":"1.231282474","rc":[{"ltp":1.16,"id":414464},{"ltp":6.8,"id":7337}]}]}
{"op":"mcm","clk":"11795206377","pt":1722594843041,"mc":[{"id":"1.231282474","rc":[{"ltp":1.17,"id":414464},{"ltp":7.0,"id":7337}]}]}
{"op":"mcm","clk":"11795216228","pt":1722594962975,"mc":[{"id":"1.231282474","rc":[{"ltp":1.18,"id":414464},{"ltp":6.8,"id":7337}]}]}
{"op":"mcm","clk":"11795220945","pt":1722595023060,"mc":[{"id":"1.231282474","rc":[{"ltp":1.17,"id":414464}]}]}
{"op":"mcm","clk":"11795225884","pt":1722595083044,"mc":[{"id":"1.231282474","rc":[{"ltp":1.16,"id":414464}]}]}
{"op":"mcm","clk":"11795230252","pt":1722595142934,"mc":[{"id":"1.231282474","rc":[{"ltp":1.17,"id":414464}]}]}
{"op":"mcm","clk":"11795234772","pt":1722595203084,"mc":[{"id":"1.231282474","rc":[{"ltp":6.4,"id":7337}]}]}
{"op":"mcm","clk":"11795239028","pt":1722595263085,"mc":[{"id":"1.231282474","rc":[{"ltp":1.2,"id":414464},{"ltp":6.0,"id":7337}]}]}
{"op":"mcm","clk":"11795243249","pt":1722595322725,"mc":[{"id":"1.231282474","rc":[{"ltp":1.19,"id":414464},{"ltp":6.2,"id":7337}]}]}
{"op":"mcm","clk":"11795253046","pt":1722595443085,"mc":[{"id":"1.231282474","rc":[{"ltp":6.0,"id":7337}]}]}
{"op":"mcm","clk":"11795258022","pt":1722595503062,"mc":[{"id":"1.231282474","rc":[{"ltp":1.13,"id":414464},{"ltp":8.0,"id":7337}]}]}
{"op":"mcm","clk":"11795263130","pt":1722595563024,"mc":[{"id":"1.231282474","rc":[{"ltp":8.2,"id":7337}]}]}
{"op":"mcm","clk":"11795268016","pt":1722595622987,"mc":[{"id":"1.231282474","rc":[{"ltp":1.15,"id":414464},{"ltp":7.6,"id":7337}]}]}
{"op":"mcm","clk":"11795273157","pt":1722595683052,"mc":[{"id":"1.231282474","rc":[{"ltp":1.14,"id":414464}]}]}
{"op":"mcm","clk":"11795278556","pt":1722595743063,"mc":[{"id":"1.231282474","rc":[{"ltp":1.16,"id":414464}]}]}
{"op":"mcm","clk":"11795284199","pt":1722595803066,"mc":[{"id":"1.231282474","rc":[{"ltp":1.15,"id":414464},{"ltp":7.4,"id":7337}]}]}
{"op":"mcm","clk":"11795289889","pt":1722595862220,"mc":[{"id":"1.231282474","rc":[{"ltp":1.14,"id":414464},{"ltp":7.8,"id":7337}]}]}
{"op":"mcm","clk":"11795295868","pt":1722595922977,"mc":[{"id":"1.231282474","rc":[{"ltp":1.16,"id":414464},{"ltp":7.4,"id":7337}]}]}
{"op":"mcm","clk":"11795301542","pt":1722595983076,"mc":[{"id":"1.231282474","rc":[{"ltp":1.15,"id":414464},{"ltp":7.2,"id":7337}]}]}
{"op":"mcm","clk":"11795306912","pt":1722596043096,"mc":[{"id":"1.231282474","rc":[{"ltp":1.16,"id":414464},{"ltp":7.8,"id":7337}]}]}
{"op":"mcm","clk":"11795311200","pt":1722596103009,"mc":[{"id":"1.231282474","rc":[{"ltp":1.15,"id":414464},{"ltp":7.6,"id":7337}]}]}
{"op":"mcm","clk":"11795315427","pt":1722596162936,"mc":[{"id":"1.231282474","rc":[{"ltp":1.11,"id":414464},{"ltp":9.2,"id":7337}]}]}
{"op":"mcm","clk":"11795319986","pt":1722596223034,"mc":[{"id":"1.231282474","rc":[{"ltp":1.1,"id":414464},{"ltp":11.0,"id":7337}]}]}
{"op":"mcm","clk":"11795324521","pt":1722596283087,"mc":[{"id":"1.231282474","rc":[{"ltp":1.09,"id":414464}]}]}
{"op":"mcm","clk":"11795328941","pt":1722596343014,"mc":[{"id":"1.231282474","rc":[{"ltp":1.08,"id":414464},{"ltp":14.0,"id":7337}]}]}
{"op":"mcm","clk":"11795333309","pt":1722596403020,"mc":[{"id":"1.231282474","rc":[{"ltp":1.1,"id":414464},{"ltp":11.0,"id":7337}]}]}
{"op":"mcm","clk":"11795337968","pt":1722596462843,"mc":[{"id":"1.231282474","rc":[{"ltp":1.09,"id":414464},{"ltp":12.0,"id":7337}]}]}
{"op":"mcm","clk":"11795342346","pt":1722596523046,"mc":[{"id":"1.231282474","rc":[{"ltp":1.1,"id":414464},{"ltp":11.5,"id":7337}]}]}
{"op":"mcm","clk":"11795346883","pt":1722596583025,"mc":[{"id":"1.231282474","rc":[{"ltp":1.09,"id":414464},{"ltp":12.0,"id":7337}]}]}
{"op":"mcm","clk":"11795351457","pt":1722596642994,"mc":[{"id":"1.231282474","rc":[{"ltp":12.5,"id":7337}]}]}
{"op":"mcm","clk":"11795355846","pt":1722596703071,"mc":[{"id":"1.231282474","rc":[{"ltp":1.08,"id":414464},{"ltp":14.5,"id":7337}]}]}
{"op":"mcm","clk":"11795360553","pt":1722596762727,"mc":[{"id":"1.231282474","rc":[{"ltp":13.5,"id":7337}]}]}
{"op":"mcm","clk":"11795365110","pt":1722596823021,"mc":[{"id":"1.231282474","rc":[{"ltp":12.5,"id":7337}]}]}
{"op":"mcm","clk":"11795369964","pt":1722596883078,"mc":[{"id":"1.231282474","rc":[{"ltp":1.09,"id":414464},{"ltp":12.0,"id":7337}]}]}
{"op":"mcm","clk":"11795383510","pt":1722597062976,"mc":[{"id":"1.231282474","rc":[{"ltp":11.5,"id":7337}]}]}
{"op":"mcm","clk":"11795388027","pt":1722597123042,"mc":[{"id":"1.231282474","rc":[{"ltp":1.1,"id":414464}]}]}
{"op":"mcm","clk":"11795402727","pt":1722597183082,"mc":[{"id":"1.231282474","rc":[{"ltp":11.0,"id":7337}]}]}
{"op":"mcm","clk":"11795407092","pt":1722597243088,"mc":[{"id":"1.231282474","rc":[{"ltp":10.5,"id":7337}]}]}
{"op":"mcm","clk":"11795411742","pt":1722597303076,"mc":[{"id":"1.231282474","rc":[{"ltp":11.0,"id":7337}]}]}
{"op":"mcm","clk":"11795425366","pt":1722597482979,"mc":[{"id":"1.231282474","rc":[{"ltp":1.13,"id":414464},{"ltp":9.4,"id":7337}]}]}
{"op":"mcm","clk":"11795429461","pt":1722597543062,"mc":[{"id":"1.231282474","rc":[{"ltp":1.12,"id":414464},{"ltp":9.2,"id":7337}]}]}
{"op":"mcm","clk":"11795433563","pt":1722597602891,"mc":[{"id":"1.231282474","rc":[{"ltp":8.8,"id":7337}]}]}
{"op":"mcm","clk":"11795437990","pt":1722597663071,"mc":[{"id":"1.231282474","rc":[{"ltp":1.14,"id":414464},{"ltp":8.0,"id":7337}]}]}
{"op":"mcm","clk":"11795442290","pt":1722597722721,"mc":[{"id":"1.231282474","rc":[{"ltp":1.15,"id":414464}]}]}
{"op":"mcm","clk":"11795446868","pt":1722597783035,"mc":[{"id":"1.231282474","rc":[{"ltp":1.14,"id":414464}]}]}
{"op":"mcm","clk":"11795461838","pt":1722597962645,"mc":[{"id":"1.231282474","rc":[{"ltp":1.15,"id":414464},{"ltp":7.8,"id":7337}]}]}
{"op":"mcm","clk":"11795467066","pt":1722598023104,"mc":[{"id":"1.231282474","rc":[{"ltp":1.16,"id":414464},{"ltp":7.4,"id":7337}]}]}
{"op":"mcm","clk":"11795472176","pt":1722598082765,"mc":[{"id":"1.231282474","rc":[{"ltp":1.15,"id":414464},{"ltp":7.2,"id":7337}]}]}
{"op":"mcm","clk":"11795477322","pt":1722598143024,"mc":[{"id":"1.231282474","rc":[{"ltp":1.16,"id":414464}]}]}
{"op":"mcm","clk":"11795481364","pt":1722598203036,"mc":[{"id":"1.231282474","rc":[{"ltp":1.12,"id":414464},{"ltp":9.4,"id":7337}]}]}
{"op":"mcm","clk":"11795485554","pt":1722598263072,"mc":[{"id":"1.231282474","rc":[{"ltp":10.0,"id":7337}]}]}
{"op":"mcm","clk":"11795490018","pt":1722598322962,"mc":[{"id":"1.231282474","rc":[{"ltp":9.2,"id":7337}]}]}
{"op":"mcm","clk":"11795498584","pt":1722598442928,"mc":[{"id":"1.231282474","rc":[{"ltp":1.11,"id":414464},{"ltp":9.8,"id":7337}]}]}
{"op":"mcm","clk":"11795512228","pt":1722598622923,"mc":[{"id":"1.231282474","rc":[{"ltp":1.12,"id":414464}]}]}
{"op":"mcm","clk":"11795516857","pt":1722598683075,"mc":[{"id":"1.231282474","rc":[{"ltp":1.14,"id":414464},{"ltp":7.8,"id":7337}]}]}
{"op":"mcm","clk":"11795521349","pt":1722598742880,"mc":[{"id":"1.231282474","rc":[{"ltp":8.0,"id":7337}]}]}
{"op":"mcm","clk":"11795525650","pt":1722598803103,"mc":[{"id":"1.231282474","rc":[{"ltp":1.15,"id":414464},{"ltp":7.8,"id":7337}]}]}
{"op":"mcm","clk":"11795530368","pt":1722598862373,"mc":[{"id":"1.231282474","rc":[{"ltp":1.13,"id":414464},{"ltp":8.0,"id":7337}]}]}
{"op":"mcm","clk":"11795540249","pt":1722598982935,"mc":[{"id":"1.231282474","rc":[{"ltp":1.14,"id":414464}]}]}
{"op":"mcm","clk":"11795549704","pt":1722599103097,"mc":[{"id":"1.231282474","rc":[{"ltp":8.6,"id":7337}]}]}
{"op":"mcm","clk":"11795554694","pt":1722599162941,"mc":[{"id":"1.231282474","rc":[{"ltp":8.2,"id":7337}]}]}
{"op":"mcm","clk":"11795559484","pt":1722599222982,"mc":[{"id":"1.231282474","rc":[{"ltp":8.0,"id":7337}]}]}
{"op":"mcm","clk":"11795564048","pt":1722599283082,"mc":[{"id":"1.231282474","rc":[{"ltp":8.2,"id":7337}]}]}
{"op":"mcm","clk":"11795568861","pt":1722599343050,"mc":[{"id":"1.231282474","rc":[{"ltp":1.17,"id":414464},{"ltp":7.0,"id":7337}]}]}
{"op":"mcm","clk":"11795573445","pt":1722599403038,"mc":[{"id":"1.231282474","rc":[{"ltp":7.2,"id":7337}]}]}
{"op":"mcm","clk":"11795577760","pt":1722599462802,"mc":[{"id":"1.231282474","rc":[{"ltp":1.16,"id":414464},{"ltp":7.0,"id":7337}]}]}
{"op":"mcm","clk":"11795582123","pt":1722599523068,"mc":[{"id":"1.231282474","rc":[{"ltp":1.18,"id":414464},{"ltp":6.2,"id":7337}]}]}
{"op":"mcm","clk":"11795587006","pt":1722599583007,"mc":[{"id":"1.231282474","rc":[{"ltp":1.17,"id":414464},{"ltp":6.8,"id":7337}]}]}
{"op":"mcm","clk":"11795591772","pt":1722599642975,"mc":[{"id":"1.231282474","rc":[{"ltp":1.18,"id":414464},{"ltp":6.4,"id":7337}]}]}
{"op":"mcm","clk":"11795601895","pt":1722599762897,"mc":[{"id":"1.231282474","rc":[{"ltp":1.17,"id":414464}]}]}
{"op":"mcm","clk":"11795607059","pt":1722599822882,"mc":[{"id":"1.231282474","rc":[{"ltp":6.8,"id":7337}]}]}
{"op":"mcm","clk":"11795611942","pt":1722599882847,"mc":[{"id":"1.231282474","rc":[{"ltp":1.18,"id":414464},{"ltp":7.0,"id":7337}]}]}
{"op":"mcm","clk":"11795617376","pt":1722599942791,"mc":[{"id":"1.231282474","rc":[{"ltp":1.17,"id":414464},{"ltp":6.6,"id":7337}]}]}
{"op":"mcm","clk":"11795623036","pt":1722600002643,"mc":[{"id":"1.231282474","rc":[{"ltp":1.18,"id":414464}]}]}
{"op":"mcm","clk":"11795629176","pt":1722600063075,"mc":[{"id":"1.231282474","rc":[{"ltp":1.19,"id":414464}]}]}
{"op":"mcm","clk":"11795634686","pt":1722600122529,"mc":[{"id":"1.231282474","rc":[{"ltp":1.17,"id":414464},{"ltp":6.8,"id":7337}]}]}
{"op":"mcm","clk":"11795640346","pt":1722600183013,"mc":[{"id":"1.231282474","rc":[{"ltp":1.15,"id":414464},{"ltp":7.6,"id":7337}]}]}
{"op":"mcm","clk":"11795645561","pt":1722600243035,"mc":[{"id":"1.231282474","rc":[{"ltp":1.13,"id":414464},{"ltp":9.0,"id":7337}]}]}
{"op":"mcm","clk":"11795650310","pt":1722600302912,"mc":[{"id":"1.231282474","rc":[{"ltp":1.12,"id":414464}]}]}
{"op":"mcm","clk":"11795655023","pt":1722600363066,"mc":[{"id":"1.231282474","rc":[{"ltp":1.13,"id":414464},{"ltp":8.8,"id":7337}]}]}
{"op":"mcm","clk":"11795659662","pt":1722600423051,"mc":[{"id":"1.231282474","rc":[{"ltp":8.6,"id":7337}]}]}
{"op":"mcm","clk":"11795677228","pt":1722600663023,"mc":[{"id":"1.231282474","rc":[{"ltp":8.8,"id":7337}]}]}
{"op":"mcm","clk":"11795682115","pt":1722600722920,"mc":[{"id":"1.231282474","rc":[{"ltp":8.6,"id":7337}]}]}
{"op":"mcm","clk":"11795686803","pt":1722600783090,"mc":[{"id":"1.231282474","rc":[{"ltp":1.15,"id":414464},{"ltp":7.8,"id":7337}]}]}
{"op":"mcm","clk":"11795691693","pt":1722600843059,"mc":[{"id":"1.231282474","rc":[{"ltp":1.14,"id":414464},{"ltp":8.0,"id":7337}]}]}
{"op":"mcm","clk":"11795696773","pt":1722600902705,"mc":[{"id":"1.231282474","rc":[{"ltp":1.15,"id":414464}]}]}
{"op":"mcm","clk":"11795701975","pt":1722600962108,"mc":[{"id":"1.231282474","rc":[{"ltp":8.2,"id":7337}]}]}
{"op":"mcm","clk":"11795707403","pt":1722601022705,"mc":[{"id":"1.231282474","rc":[{"ltp":1.16,"id":414464},{"ltp":7.4,"id":7337}]}]}
{"op":"mcm","clk":"11795712748","pt":1722601083089,"mc":[{"id":"1.231282474","rc":[{"ltp":1.15,"id":414464},{"ltp":7.8,"id":7337}]}]}
{"op":"mcm","clk":"11795718237","pt":1722601142534,"mc":[{"id":"1.231282474","rc":[{"ltp":1.17,"id":414464},{"ltp":6.6,"id":7337}]}]}
{"op":"mcm","clk":"11795728702","pt":1722601262838,"mc":[{"id":"1.231282474","rc":[{"ltp":7.0,"id":7337}]}]}
{"op":"mcm","clk":"11795738874","pt":1722601383101,"mc":[{"id":"1.231282474","rc":[{"ltp":1.15,"id":414464},{"ltp":7.6,"id":7337}]}]}
{"op":"mcm","clk":"11795743970","pt":1722601443103,"mc":[{"id":"1.231282474","rc":[{"ltp":1.16,"id":414464},{"ltp":7.2,"id":7337}]}]}
{"op":"mcm","clk":"11795749044","pt":1722601503066,"mc":[{"id":"1.231282474","rc":[{"ltp":7.0,"id":7337}]}]}
{"op":"mcm","clk":"11795753965","pt":1722601563104,"mc":[{"id":"1.231282474","rc":[{"ltp":6.8,"id":7337}]}]}
{"op":"mcm","clk":"11795758987","pt":1722601623045,"mc":[{"id":"1.231282474","rc":[{"ltp":7.2,"id":7337}]}]}
{"op":"mcm","clk":"11795763719","pt":1722601683056,"mc":[{"id":"1.231282474","rc":[{"ltp":1.17,"id":414464},{"ltp":6.8,"id":7337}]}]}
{"op":"mcm","clk":"11795772860","pt":1722601802868,"mc":[{"id":"1.231282474","rc":[{"ltp":1.18,"id":414464}]}]}
{"op":"mcm","clk":"11795777149","pt":1722601863032,"mc":[{"id":"1.231282474","rc":[{"ltp":6.6,"id":7337}]}]}
{"op":"mcm","clk":"11795781855","pt":1722601922981,"mc":[{"id":"1.231282474","rc":[{"ltp":1.2,"id":414464},{"ltp":6.0,"id":7337}]}]}
{"op":"mcm","clk":"11795786484","pt":1722601982849,"mc":[{"id":"1.231282474","rc":[{"ltp":1.18,"id":414464},{"ltp":6.2,"id":7337}]}]}
{"op":"mcm","clk":"11795791628","pt":1722602043020,"mc":[{"id":"1.231282474","rc":[{"ltp":6.4,"id":7337}]}]}
{"op":"mcm","clk":"11795796837","pt":1722602102731,"mc":[{"id":"1.231282474","rc":[{"ltp":1.17,"id":414464},{"ltp":6.8,"id":7337}]}]}
{"op":"mcm","clk":"11795802254","pt":1722602162758,"mc":[{"id":"1.231282474","rc":[{"ltp":6.4,"id":7337}]}]}
{"op":"mcm","clk":"11795807606","pt":1722602222720,"mc":[{"id":"1.231282474","rc":[{"ltp":1.18,"id":414464}]}]}
{"op":"mcm","clk":"11795817732","pt":1722602343076,"mc":[{"id":"1.231282474","rc":[{"ltp":6.6,"id":7337}]}]}
{"op":"mcm","clk":"11795823133","pt":1722602402951,"mc":[{"id":"1.231282474","rc":[{"ltp":1.19,"id":414464},{"ltp":6.4,"id":7337}]}]}
{"op":"mcm","clk":"11795828346","pt":1722602462505,"mc":[{"id":"1.231282474","rc":[{"ltp":1.18,"id":414464}]}]}
{"op":"mcm","clk":"11795848470","pt":1722602582972,"mc":[{"id":"1.231282474","rc":[{"ltp":1.19,"id":414464}]}]}
{"op":"mcm","clk":"11795852723","pt":1722602642834,"mc":[{"id":"1.231282474","rc":[{"ltp":1.18,"id":414464},{"ltp":6.6,"id":7337}]}]}
{"op":"mcm","clk":"11795857173","pt":1722602702809,"mc":[{"id":"1.231282474","rc":[{"ltp":6.8,"id":7337}]}]}
{"op":"mcm","clk":"11795861187","pt":1722602763084,"mc":[{"id":"1.231282474","rc":[{"ltp":1.17,"id":414464}]}]}
{"op":"mcm","clk":"11795864962","pt":1722602822895,"mc":[{"id":"1.231282474","rc":[{"ltp":1.18,"id":414464}]}]}
{"op":"mcm","clk":"11795868916","pt":1722602882669,"mc":[{"id":"1.231282474","rc":[{"ltp":1.17,"id":414464},{"ltp":6.6,"id":7337}]}]}
{"op":"mcm","clk":"11795872882","pt":1722602943024,"mc":[{"id":"1.231282474","rc":[{"ltp":1.18,"id":414464},{"ltp":6.4,"id":7337}]}]}
{"op":"mcm","clk":"11795877256","pt":1722603003092,"mc":[{"id":"1.231282474","rc":[{"ltp":1.17,"id":414464},{"ltp":6.6,"id":7337}]}]}
{"op":"mcm","clk":"11795881180","pt":1722603062987,"mc":[{"id":"1.231282474","rc":[{"ltp":7.0,"id":7337}]}]}
{"op":"mcm","clk":"11795885212","pt":1722603123059,"mc":[{"id":"1.231282474","rc":[{"ltp":6.8,"id":7337}]}]}
{"op":"mcm","clk":"11795889485","pt":1722603182096,"mc":[{"id":"1.231282474","rc":[{"ltp":1.18,"id":414464}]}]}
{"op":"mcm","clk":"11795893646","pt":1722603243098,"mc":[{"id":"1.231282474","rc":[{"ltp":1.17,"id":414464}]}]}
{"op":"mcm","clk":"11795906568","pt":1722603423100,"mc":[{"id":"1.231282474","rc":[{"ltp":1.16,"id":414464}]}]}
{"op":"mcm","clk":"11795911663","pt":1722603482453,"mc":[{"id":"1.231282474","rc":[{"ltp":1.17,"id":414464}]}]}
{"op":"mcm","clk":"11795926274","pt":1722603662933,"mc":[{"id":"1.231282474","rc":[{"ltp":1.18,"id":414464}]}]}
{"op":"mcm","clk":"11795935699","pt":1722603782814,"mc":[{"id":"1.231282474","rc":[{"ltp":6.6,"id":7337}]}]}
{"op":"mcm","clk":"11795944900","pt":1722603902978,"mc":[{"id":"1.231282474","rc":[{"ltp":6.8,"id":7337}]}]}
{"op":"mcm","clk":"11795949253","pt":1722603962914,"mc":[{"id":"1.231282474","rc":[{"ltp":1.17,"id":414464}]}]}
{"op":"mcm","clk":"11795953403","pt":1722604022924,"mc":[{"id":"1.231282474","rc":[{"ltp":1.18,"id":414464},{"ltp":6.6,"id":7337}]}]}
{"op":"mcm","clk":"11795957558","pt":1722604083072,"mc":[{"id":"1.231282474","rc":[{"ltp":1.13,"id":414464},{"ltp":8.6,"id":7337}]}]}
{"op":"mcm","clk":"11795961813","pt":1722604143046,"mc":[{"id":"1.231282474","rc":[{"ltp":1.14,"id":414464},{"ltp":8.2,"id":7337}]}]}
{"op":"mcm","clk":"11795966103","pt":1722604203041,"mc":[{"id":"1.231282474","rc":[{"ltp":8.0,"id":7337}]}]}
{"op":"mcm","clk":"11795970436","pt":1722604263067,"mc":[{"id":"1.231282474","rc":[{"ltp":1.13,"id":414464},{"ltp":8.8,"id":7337}]}]}
{"op":"mcm","clk":"11795974779","pt":1722604322661,"mc":[{"id":"1.231282474","rc":[{"ltp":8.0,"id":7337}]}]}
{"op":"mcm","clk":"11795979235","pt":1722604382852,"mc":[{"id":"1.231282474","rc":[{"ltp":8.4,"id":7337}]}]}
{"op":"mcm","clk":"11795987939","pt":1722604503036,"mc":[{"id":"1.231282474","rc":[{"ltp":1.12,"id":414464},{"ltp":9.2,"id":7337}]}]}
{"op":"mcm","clk":"11795997427","pt":1722604623008,"mc":[{"id":"1.231282474","rc":[{"ltp":1.19,"id":414464},{"ltp":6.2,"id":7337}]}]}
{"op":"mcm","clk":"11796001976","pt":1722604682959,"mc":[{"id":"1.231282474","rc":[{"ltp":1.13,"id":414464},{"ltp":8.6,"id":7337}]}]}
{"op":"mcm","clk":"11796006391","pt":1722604743002,"mc":[{"id":"1.231282474","rc":[{"ltp":1.12,"id":414464},{"ltp":9.4,"id":7337}]}]}
{"op":"mcm","clk":"11796011459","pt":1722604802997,"mc":[{"id":"1.231282474","rc":[{"ltp":9.6,"id":7337}]}]}
{"op":"mcm","clk":"11796016422","pt":1722604863081,"mc":[{"id":"1.231282474","rc":[{"ltp":1.11,"id":414464},{"ltp":10.0,"id":7337}]}]}
{"op":"mcm","clk":"11796021058","pt":1722604923033,"mc":[{"id":"1.231282474","rc":[{"ltp":1.1,"id":414464},{"ltp":11.0,"id":7337}]}]}
{"op":"mcm","clk":"11796025831","pt":1722604983023,"mc":[{"id":"1.231282474","rc":[{"ltp":1.09,"id":414464},{"ltp":12.5,"id":7337}]}]}
{"op":"mcm","clk":"11796029947","pt":1722605043105,"mc":[{"id":"1.231282474","rc":[{"ltp":13.0,"id":7337}]}]}
{"op":"mcm","clk":"11796034264","pt":1722605103105,"mc":[{"id":"1.231282474","rc":[{"ltp":1.07,"id":414464},{"ltp":15.0,"id":7337}]}]}
{"op":"mcm","clk":"11796038649","pt":1722605163079,"mc":[{"id":"1.231282474","rc":[{"ltp":1.06,"id":414464},{"ltp":15.5,"id":7337}]}]}
{"op":"mcm","clk":"11796043139","pt":1722605222948,"mc":[{"id":"1.231282474","rc":[{"ltp":1.07,"id":414464},{"ltp":15.0,"id":7337}]}]}
{"op":"mcm","clk":"11796047833","pt":1722605283044,"mc":[{"id":"1.231282474","rc":[{"ltp":1.06,"id":414464},{"ltp":17.5,"id":7337}]}]}
{"op":"mcm","clk":"11796051885","pt":1722605343104,"mc":[{"id":"1.231282474","rc":[{"ltp":1.05,"id":414464},{"ltp":22.0,"id":7337}]}]}
{"op":"mcm","clk":"11796055884","pt":1722605403085,"mc":[{"id":"1.231282474","rc":[{"ltp":24.0,"id":7337}]}]}
{"op":"mcm","clk":"11796060485","pt":1722605463058,"mc":[{"id":"1.231282474","rc":[{"ltp":21.0,"id":7337}]}]}
{"op":"mcm","clk":"11796065320","pt":1722605523050,"mc":[{"id":"1.231282474","rc":[{"ltp":18.5,"id":7337}]}]}
{"op":"mcm","clk":"11796070062","pt":1722605582993,"mc":[{"id":"1.231282474","rc":[{"ltp":20.0,"id":7337}]}]}
{"op":"mcm","clk":"11796079417","pt":1722605703105,"mc":[{"id":"1.231282474","rc":[{"ltp":22.0,"id":7337}]}]}
{"op":"mcm","clk":"11796084216","pt":1722605762924,"mc":[{"id":"1.231282474","rc":[{"ltp":21.0,"id":7337}]}]}
{"op":"mcm","clk":"11796088874","pt":1722605823082,"mc":[{"id":"1.231282474","rc":[{"ltp":22.0,"id":7337}]}]}
{"op":"mcm","clk":"11796098326","pt":1722605943028,"mc":[{"id":"1.231282474","rc":[{"ltp":21.0,"id":7337}]}]}
{"op":"mcm","clk":"11796103155","pt":1722606003071,"mc":[{"id":"1.231282474","rc":[{"ltp":1.06,"id":414464},{"ltp":19.0,"id":7337}]}]}
{"op":"mcm","clk":"11796107789","pt":1722606062722,"mc":[{"id":"1.231282474","rc":[{"ltp":1.05,"id":414464},{"ltp":18.5,"id":7337}]}]}
{"op":"mcm","clk":"11796111322","pt":1722606123036,"mc":[{"id":"1.231282474","rc":[{"ltp":20.0,"id":7337}]}]}
{"op":"mcm","clk":"11796114744","pt":1722606183084,"mc":[{"id":"1.231282474","rc":[{"ltp":1.06,"id":414464},{"ltp":19.5,"id":7337}]}]}
{"op":"mcm","clk":"11796122344","pt":1722606303020,"mc":[{"id":"1.231282474","rc":[{"ltp":1.03,"id":414464},{"ltp":34.0,"id":7337}]}]}
{"op":"mcm","clk":"11796126184","pt":1722606362895,"mc":[{"id":"1.231282474","rc":[{"ltp":40.0,"id":7337}]}]}
{"op":"mcm","clk":"11796130455","pt":1722606423056,"mc":[{"id":"1.231282474","rc":[{"ltp":34.0,"id":7337}]}]}
{"op":"mcm","clk":"11796134798","pt":1722606482914,"mc":[{"id":"1.231282474","rc":[{"ltp":38.0,"id":7337}]}]}
{"op":"mcm","clk":"11796138992","pt":1722606543078,"mc":[{"id":"1.231282474","rc":[{"ltp":36.0,"id":7337}]}]}
{"op":"mcm","clk":"11796147911","pt":1722606662943,"mc":[{"id":"1.231282474","rc":[{"ltp":38.0,"id":7337}]}]}
{"op":"mcm","clk":"11796151991","pt":1722606722869,"mc":[{"id":"1.231282474","rc":[{"ltp":34.0,"id":7337}]}]}
{"op":"mcm","clk":"11796164125","pt":1722606903043,"mc":[{"id":"1.231282474","rc":[{"ltp":32.0,"id":7337}]}]}
{"op":"mcm","clk":"11796167679","pt":1722606963021,"mc":[{"id":"1.231282474","rc":[{"ltp":1.06,"id":414464},{"ltp":18.0,"id":7337}]}]}
{"op":"mcm","clk":"11796171953","pt":1722607022989,"mc":[{"id":"1.231282474","rc":[{"ltp":1.07,"id":414464},{"ltp":14.5,"id":7337}]}]}
{"op":"mcm","clk":"11796175972","pt":1722607082926,"mc":[{"id":"1.231282474","rc":[{"ltp":1.06,"id":414464},{"ltp":16.5,"id":7337}]}]}
{"op":"mcm","clk":"11796184357","pt":1722607203092,"mc":[{"id":"1.231282474","rc":[{"ltp":17.5,"id":7337}]}]}
{"op":"mcm","clk":"11796198266","pt":1722607383082,"mc":[{"id":"1.231282474","rc":[{"ltp":1.13,"id":414464},{"ltp":8.8,"id":7337}]}]}
{"op":"mcm","clk":"11796202862","pt":1722607443072,"mc":[{"id":"1.231282474","rc":[{"ltp":1.15,"id":414464},{"ltp":7.8,"id":7337}]}]}
{"op":"mcm","clk":"11796207492","pt":1722607503023,"mc":[{"id":"1.231282474","rc":[{"ltp":7.6,"id":7337}]}]}
{"op":"mcm","clk":"11796211396","pt":1722607562992,"mc":[{"id":"1.231282474","rc":[{"ltp":1.12,"id":414464},{"ltp":9.2,"id":7337}]}]}
{"op":"mcm","clk":"11796215613","pt":1722607622988,"mc":[{"id":"1.231282474","rc":[{"ltp":1.13,"id":414464},{"ltp":8.8,"id":7337}]}]}
{"op":"mcm","clk":"11796219806","pt":1722607683072,"mc":[{"id":"1.231282474","rc":[{"ltp":8.0,"id":7337}]}]}
{"op":"mcm","clk":"11796224331","pt":1722607743023,"mc":[{"id":"1.231282474","rc":[{"ltp":1.19,"id":414464},{"ltp":6.0,"id":7337}]}]}
{"op":"mcm","clk":"11796229122","pt":1722607803090,"mc":[{"id":"1.231282474","rc":[{"ltp":1.22,"id":414464},{"ltp":5.5,"id":7337}]}]}
{"op":"mcm","clk":"11796234010","pt":1722607863042,"mc":[{"id":"1.231282474","rc":[{"ltp":1.21,"id":414464},{"ltp":5.7,"id":7337}]}]}
{"op":"mcm","clk":"11796239159","pt":1722607923090,"mc":[{"id":"1.231282474","rc":[{"ltp":1.23,"id":414464},{"ltp":5.4,"id":7337}]}]}
{"op":"mcm","clk":"11796255543","pt":1722607983077,"mc":[{"id":"1.231282474","rc":[{"ltp":1.22,"id":414464},{"ltp":5.5,"id":7337}]}]}
{"op":"mcm","clk":"11796259798","pt":1722608043021,"mc":[{"id":"1.231282474","rc":[{"ltp":1.2,"id":414464},{"ltp":5.8,"id":7337}]}]}
{"op":"mcm","clk":"11796264136","pt":1722608103083,"mc":[{"id":"1.231282474","rc":[{"ltp":1.17,"id":414464},{"ltp":7.0,"id":7337}]}]}
{"op":"mcm","clk":"11796268594","pt":1722608163077,"mc":[{"id":"1.231282474","rc":[{"ltp":6.8,"id":7337}]}]}
{"op":"mcm","clk":"11796273397","pt":1722608223018,"mc":[{"id":"1.231282474","rc":[{"ltp":1.16,"id":414464},{"ltp":7.4,"id":7337}]}]}
{"op":"mcm","clk":"11796278509","pt":1722608283105,"mc":[{"id":"1.231282474","rc":[{"ltp":7.2,"id":7337}]}]}
{"op":"mcm","clk":"11796293063","pt":1722608463018,"mc":[{"id":"1.231282474","rc":[{"ltp":1.17,"id":414464},{"ltp":6.6,"id":7337}]}]}
{"op":"mcm","clk":"11796297964","pt":1722608523013,"mc":[{"id":"1.231282474","rc":[{"ltp":1.15,"id":414464},{"ltp":7.6,"id":7337}]}]}
{"op":"mcm","clk":"11796303131","pt":1722608583077,"mc":[{"id":"1.231282474","rc":[{"ltp":1.13,"id":414464},{"ltp":8.6,"id":7337}]}]}
{"op":"mcm","clk":"11796308424","pt":1722608643082,"mc":[{"id":"1.231282474","rc":[{"ltp":1.12,"id":414464},{"ltp":9.2,"id":7337}]}]}
{"op":"mcm","clk":"11796313733","pt":1722608703061,"mc":[{"id":"1.231282474","rc":[{"ltp":1.1,"id":414464},{"ltp":10.5,"id":7337}]}]}
{"op":"mcm","clk":"11796319788","pt":1722608763014,"mc":[{"id":"1.231282474","rc":[{"ltp":1.12,"id":414464},{"ltp":9.4,"id":7337}]}]}
{"op":"mcm","clk":"11796324706","pt":1722608823094,"mc":[{"id":"1.231282474","rc":[{"ltp":9.2,"id":7337}]}]}
{"op":"mcm","clk":"11796334668","pt":1722608942634,"mc":[{"id":"1.231282474","rc":[{"ltp":1.11,"id":414464},{"ltp":9.4,"id":7337}]}]}
{"op":"mcm","clk":"11796339510","pt":1722609003080,"mc":[{"id":"1.231282474","rc":[{"ltp":1.09,"id":414464},{"ltp":12.0,"id":7337}]}]}
{"op":"mcm","clk":"11796344656","pt":1722609062927,"mc":[{"id":"1.231282474","rc":[{"ltp":1.08,"id":414464},{"ltp":13.5,"id":7337}]}]}
{"op":"mcm","clk":"11796349467","pt":1722609123092,"mc":[{"id":"1.231282474","rc":[{"ltp":1.07,"id":414464}]}]}
{"op":"mcm","clk":"11796353532","pt":1722609182819,"mc":[{"id":"1.231282474","rc":[{"ltp":1.08,"id":414464},{"ltp":14.0,"id":7337}]}]}
{"op":"mcm","clk":"11796358466","pt":1722609242930,"mc":[{"id":"1.231282474","rc":[{"ltp":1.07,"id":414464},{"ltp":14.5,"id":7337}]}]}
{"op":"mcm","clk":"11796363601","pt":1722609302989,"mc":[{"id":"1.231282474","rc":[{"ltp":1.06,"id":414464},{"ltp":18.0,"id":7337}]}]}
{"op":"mcm","clk":"11796368087","pt":1722609363061,"mc":[{"id":"1.231282474","rc":[{"ltp":18.5,"id":7337}]}]}
{"op":"mcm","clk":"11796372489","pt":1722609423015,"mc":[{"id":"1.231282474","rc":[{"ltp":1.05,"id":414464},{"ltp":18.0,"id":7337}]}]}
{"op":"mcm","clk":"11796376980","pt":1722609483052,"mc":[{"id":"1.231282474","rc":[{"ltp":1.13,"id":414464},{"ltp":7.8,"id":7337}]}]}
{"op":"mcm","clk":"11796380873","pt":1722609543045,"mc":[{"id":"1.231282474","rc":[{"ltp":1.18,"id":414464},{"ltp":6.2,"id":7337}]}]}
{"op":"mcm","clk":"11796384801","pt":1722609603089,"mc":[{"id":"1.231282474","rc":[{"ltp":1.19,"id":414464}]}]}
{"op":"mcm","clk":"11796388671","pt":1722609662864,"mc":[{"id":"1.231282474","rc":[{"ltp":1.17,"id":414464},{"ltp":6.8,"id":7337}]}]}
{"op":"mcm","clk":"11796392435","pt":1722609723054,"mc":[{"id":"1.231282474","rc":[{"ltp":1.18,"id":414464},{"ltp":6.6,"id":7337}]}]}
{"op":"mcm","clk":"11796396403","pt":1722609783026,"mc":[{"id":"1.231282474","rc":[{"ltp":6.4,"id":7337}]}]}
{"op":"mcm","clk":"11796400331","pt":1722609843091,"mc":[{"id":"1.231282474","rc":[{"ltp":1.17,"id":414464}]}]}
{"op":"mcm","clk":"11796404016","pt":1722609903091,"mc":[{"id":"1.231282474","rc":[{"ltp":1.44,"id":414464},{"ltp":3.4,"id":7337}]}]}
{"op":"mcm","clk":"11796408098","pt":1722609963014,"mc":[{"id":"1.231282474","rc":[{"ltp":1.53,"id":414464},{"ltp":2.88,"id":7337}]}]}
{"op":"mcm","clk":"11796412523","pt":1722610023101,"mc":[{"id":"1.231282474","rc":[{"ltp":1.55,"id":414464},{"ltp":2.82,"id":7337}]}]}
{"op":"mcm","clk":"11796416696","pt":1722610083100,"mc":[{"id":"1.231282474","rc":[{"ltp":1.54,"id":414464},{"ltp":2.84,"id":7337}]}]}
{"op":"mcm","clk":"11796421227","pt":1722610143058,"mc":[{"id":"1.231282474","rc":[{"ltp":1.5,"id":414464},{"ltp":3.0,"id":7337}]}]}
{"op":"mcm","clk":"11796425814","pt":1722610203043,"mc":[{"id":"1.231282474","rc":[{"ltp":1.49,"id":414464}]}]}
{"op":"mcm","clk":"11796430321","pt":1722610263105,"mc":[{"id":"1.231282474","rc":[{"ltp":1.43,"id":414464},{"ltp":3.25,"id":7337}]}]}
{"op":"mcm","clk":"11796434466","pt":1722610323059,"mc":[{"id":"1.231282474","rc":[{"ltp":1.45,"id":414464}]}]}
{"op":"mcm","clk":"11796438657","pt":1722610383049,"mc":[{"id":"1.231282474","rc":[{"ltp":1.43,"id":414464}]}]}
{"op":"mcm","clk":"11796442959","pt":1722610443072,"mc":[{"id":"1.231282474","rc":[{"ltp":1.44,"id":414464},{"ltp":3.2,"id":7337}]}]}
{"op":"mcm","clk":"11796447252","pt":1722610502971,"mc":[{"id":"1.231282474","rc":[{"ltp":1.47,"id":414464},{"ltp":3.1,"id":7337}]}]}
{"op":"mcm","clk":"11796451554","pt":1722610563015,"mc":[{"id":"1.231282474","rc":[{"ltp":3.15,"id":7337}]}]}
{"op":"mcm","clk":"11796455515","pt":1722610623096,"mc":[{"id":"1.231282474","rc":[{"ltp":1.46,"id":414464},{"ltp":3.1,"id":7337}]}]}
{"op":"mcm","clk":"11796464086","pt":1722610743060,"mc":[{"id":"1.231282474","rc":[{"ltp":1.5,"id":414464},{"ltp":3.0,"id":7337}]}]}
{"op":"mcm","clk":"11796468481","pt":1722610802939,"mc":[{"id":"1.231282474","rc":[{"ltp":1.44,"id":414464},{"ltp":3.25,"id":7337}]}]}
{"op":"mcm","clk":"11796473300","pt":1722610863048,"mc":[{"id":"1.231282474","rc":[{"ltp":1.36,"id":414464},{"ltp":3.75,"id":7337}]}]}
{"op":"mcm","clk":"11796477820","pt":1722610923088,"mc":[{"id":"1.231282474","rc":[{"ltp":1.37,"id":414464},{"ltp":3.6,"id":7337}]}]}
{"op":"mcm","clk":"11796482222","pt":1722610982938,"mc":[{"id":"1.231282474","rc":[{"ltp":1.34,"id":414464},{"ltp":3.9,"id":7337}]}]}
{"op":"mcm","clk":"11796486404","pt":1722611043104,"mc":[{"id":"1.231282474","rc":[{"ltp":1.31,"id":414464},{"ltp":4.3,"id":7337}]}]}
{"op":"mcm","clk":"11796491342","pt":1722611103083,"mc":[{"id":"1.231282474","rc":[{"ltp":1.27,"id":414464},{"ltp":4.6,"id":7337}]}]}
{"op":"mcm","clk":"11796496111","pt":1722611163081,"mc":[{"id":"1.231282474","rc":[{"ltp":1.28,"id":414464},{"ltp":4.4,"id":7337}]}]}
{"op":"mcm","clk":"11796500306","pt":1722611223035,"mc":[{"id":"1.231282474","rc":[{"ltp":1.31,"id":414464},{"ltp":4.3,"id":7337}]}]}
{"op":"mcm","clk":"11796504435","pt":1722611283083,"mc":[{"id":"1.231282474","rc":[{"ltp":1.3,"id":414464}]}]}
{"op":"mcm","clk":"11796512383","pt":1722611402972,"mc":[{"id":"1.231282474","rc":[{"ltp":1.32,"id":414464}]}]}
{"op":"mcm","clk":"11796516240","pt":1722611463028,"mc":[{"id":"1.231282474","rc":[{"ltp":1.31,"id":414464},{"ltp":4.2,"id":7337}]}]}
{"op":"mcm","clk":"11796520296","pt":1722611523021,"mc":[{"id":"1.231282474","rc":[{"ltp":1.29,"id":414464},{"ltp":4.4,"id":7337}]}]}
{"op":"mcm","clk":"11796524107","pt":1722611582904,"mc":[{"id":"1.231282474","rc":[{"ltp":1.28,"id":414464},{"ltp":4.5,"id":7337}]}]}
{"op":"mcm","clk":"11796528417","pt":1722611643092,"mc":[{"id":"1.231282474","rc":[{"ltp":1.29,"id":414464},{"ltp":4.6,"id":7337}]}]}
{"op":"mcm","clk":"11796532853","pt":1722611702985,"mc":[{"id":"1.231282474","rc":[{"ltp":1.31,"id":414464},{"ltp":4.2,"id":7337}]}]}
{"op":"mcm","clk":"11796537266","pt":1722611763088,"mc":[{"id":"1.231282474","rc":[{"ltp":1.3,"id":414464}]}]}
{"op":"mcm","clk":"11796541038","pt":1722611823060,"mc":[{"id":"1.231282474","rc":[{"ltp":4.3,"id":7337}]}]}
{"op":"mcm","clk":"11796548963","pt":1722611943095,"mc":[{"id":"1.231282474","rc":[{"ltp":1.27,"id":414464},{"ltp":4.7,"id":7337}]}]}
{"op":"mcm","clk":"11796553025","pt":1722612003087,"mc":[{"id":"1.231282474","rc":[{"ltp":1.28,"id":414464},{"ltp":4.5,"id":7337}]}]}
{"op":"mcm","clk":"11796557045","pt":1722612063059,"mc":[{"id":"1.231282474","rc":[{"ltp":1.29,"id":414464},{"ltp":4.4,"id":7337}]}]}
{"op":"mcm","clk":"11796561106","pt":1722612122944,"mc":[{"id":"1.231282474","rc":[{"ltp":1.28,"id":414464}]}]}
{"op":"mcm","clk":"11796565478","pt":1722612183077,"mc":[{"id":"1.231282474","rc":[{"ltp":1.27,"id":414464},{"ltp":4.7,"id":7337}]}]}
{"op":"mcm","clk":"11796569729","pt":1722612243078,"mc":[{"id":"1.231282474","rc":[{"ltp":1.28,"id":414464},{"ltp":4.6,"id":7337}]}]}
{"op":"mcm","clk":"11796574127","pt":1722612303063,"mc":[{"id":"1.231282474","rc":[{"ltp":1.29,"id":414464},{"ltp":4.4,"id":7337}]}]}
{"op":"mcm","clk":"11796578901","pt":1722612362913,"mc":[{"id":"1.231282474","rc":[{"ltp":1.28,"id":414464}]}]}
{"op":"mcm","clk":"11796583671","pt":1722612422965,"mc":[{"id":"1.231282474","rc":[{"ltp":1.24,"id":414464},{"ltp":5.0,"id":7337}]}]}
{"op":"mcm","clk":"11796588466","pt":1722612483056,"mc":[{"id":"1.231282474","rc":[{"ltp":1.26,"id":414464},{"ltp":4.8,"id":7337}]}]}
{"op":"mcm","clk":"11796592868","pt":1722612543019,"mc":[{"id":"1.231282474","rc":[{"ltp":1.24,"id":414464},{"ltp":5.1,"id":7337}]}]}
{"op":"mcm","clk":"11796602519","pt":1722612663096,"mc":[{"id":"1.231282474","rc":[{"ltp":1.25,"id":414464},{"ltp":5.0,"id":7337}]}]}
{"op":"mcm","clk":"11796607163","pt":1722612723082,"mc":[{"id":"1.231282474","rc":[{"ltp":1.23,"id":414464},{"ltp":5.3,"id":7337}]}]}
{"op":"mcm","clk":"11796611989","pt":1722612782938,"mc":[{"id":"1.231282474","rc":[{"ltp":1.26,"id":414464},{"ltp":4.7,"id":7337}]}]}
{"op":"mcm","clk":"11796616895","pt":1722612843060,"mc":[{"id":"1.231282474","rc":[{"ltp":1.23,"id":414464},{"ltp":5.3,"id":7337}]}]}
{"op":"mcm","clk":"11796625710","pt":1722612963016,"mc":[{"id":"1.231282474","rc":[{"ltp":1.2,"id":414464},{"ltp":5.5,"id":7337}]}]}
{"op":"mcm","clk":"11796629956","pt":1722613023085,"mc":[{"id":"1.231282474","rc":[{"ltp":1.17,"id":414464},{"ltp":7.0,"id":7337}]}]}
{"op":"mcm","clk":"11796634482","pt":1722613083010,"mc":[{"id":"1.231282474","rc":[{"ltp":1.15,"id":414464},{"ltp":7.8,"id":7337}]}]}
{"op":"mcm","clk":"11796639050","pt":1722613143021,"mc":[{"id":"1.231282474","rc":[{"ltp":1.14,"id":414464}]}]}
{"op":"mcm","clk":"11796643987","pt":1722613203056,"mc":[{"id":"1.231282474","rc":[{"ltp":1.1,"id":414464},{"ltp":11.0,"id":7337}]}]}
{"op":"mcm","clk":"11796652708","pt":1722613322912,"mc":[{"id":"1.231282474","rc":[{"ltp":1.09,"id":414464},{"ltp":12.5,"id":7337}]}]}
{"op":"mcm","clk":"11796669583","pt":1722613383067,"mc":[{"id":"1.231282474","rc":[{"ltp":12.0,"id":7337}]}]}
{"op":"mcm","clk":"11796678484","pt":1722613503041,"mc":[{"id":"1.231282474","rc":[{"ltp":1.1,"id":414464},{"ltp":11.5,"id":7337}]}]}
{"op":"mcm","clk":"11796683431","pt":1722613563016,"mc":[{"id":"1.231282474","rc":[{"ltp":1.11,"id":414464},{"ltp":11.0,"id":7337}]}]}
{"op":"mcm","clk":"11796688451","pt":1722613622977,"mc":[{"id":"1.231282474","rc":[{"ltp":1.07,"id":414464},{"ltp":15.0,"id":7337}]}]}
{"op":"mcm","clk":"11796692888","pt":1722613683076,"mc":[{"id":"1.231282474","rc":[{"ltp":1.18,"id":414464},{"ltp":6.4,"id":7337}]}]}
{"op":"mcm","clk":"11796697547","pt":1722613743062,"mc":[{"id":"1.231282474","rc":[{"ltp":1.23,"id":414464},{"ltp":5.4,"id":7337}]}]}
{"op":"mcm","clk":"11796702630","pt":1722613803009,"mc":[{"id":"1.231282474","rc":[{"ltp":1.25,"id":414464},{"ltp":5.0,"id":7337}]}]}
{"op":"mcm","clk":"11796707759","pt":1722613863098,"mc":[{"id":"1.231282474","rc":[{"ltp":1.1,"id":414464},{"ltp":11.0,"id":7337}]}]}
{"op":"mcm","clk":"11796713184","pt":1722613923056,"mc":[{"id":"1.231282474","rc":[{"ltp":1.13,"id":414464},{"ltp":9.4,"id":7337}]}]}
{"op":"mcm","clk":"11796718392","pt":1722613983046,"mc":[{"id":"1.231282474","rc":[{"ltp":1.15,"id":414464},{"ltp":8.0,"id":7337}]}]}
{"op":"mcm","clk":"11796727880","pt":1722614103047,"mc":[{"id":"1.231282474","rc":[{"ltp":1.67,"id":414464},{"ltp":2.5,"id":7337}]}]}
{"op":"mcm","clk":"11796733424","pt":1722614163092,"mc":[{"id":"1.231282474","rc":[{"ltp":1.61,"id":414464},{"ltp":2.62,"id":7337}]}]}
{"op":"mcm","clk":"11796738584","pt":1722614223096,"mc":[{"id":"1.231282474","rc":[{"ltp":1.57,"id":414464},{"ltp":2.74,"id":7337}]}]}
{"op":"mcm","clk":"11796743173","pt":1722614283018,"mc":[{"id":"1.231282474","rc":[{"ltp":1.55,"id":414464},{"ltp":2.78,"id":7337}]}]}
{"op":"mcm","clk":"11796747878","pt":1722614343009,"mc":[{"id":"1.231282474","rc":[{"ltp":1.35,"id":414464},{"ltp":3.9,"id":7337}]}]}
{"op":"mcm","clk":"11796753371","pt":1722614403003,"mc":[{"id":"1.231282474","rc":[{"ltp":3.85,"id":7337}]}]}
{"op":"mcm","clk":"11796759195","pt":1722614463091,"mc":[{"id":"1.231282474","rc":[{"ltp":1.33,"id":414464},{"ltp":4.0,"id":7337}]}]}
{"op":"mcm","clk":"11796765504","pt":1722614523021,"mc":[{"id":"1.231282474","rc":[{"ltp":1.32,"id":414464}]}]}
{"op":"mcm","clk":"11796772814","pt":1722614583000,"mc":[{"id":"1.231282474","rc":[{"ltp":1.33,"id":414464}]}]}
{"op":"mcm","clk":"11796780386","pt":1722614643081,"mc":[{"id":"1.231282474","rc":[{"ltp":1.3,"id":414464},{"ltp":4.3,"id":7337}]}]}
{"op":"mcm","clk":"11796788038","pt":1722614703076,"mc":[{"id":"1.231282474","rc":[{"ltp":1.2,"id":414464},{"ltp":6.0,"id":7337}]}]}
{"op":"mcm","clk":"11796795742","pt":1722614763022,"mc":[{"id":"1.231282474","rc":[{"ltp":1.17,"id":414464},{"ltp":7.2,"id":7337}]}]}
{"op":"mcm","clk":"11796802982","pt":1722614823007,"mc":[{"id":"1.231282474","rc":[{"ltp":6.4,"id":7337}]}]}
{"op":"mcm","clk":"11796810688","pt":1722614883032,"mc":[{"id":"1.231282474","rc":[{"ltp":1.6,"id":414464},{"ltp":2.46,"id":7337}]}]}
{"op":"mcm","clk":"11796818023","pt":1722614943047,"mc":[{"id":"1.231282474","rc":[{"ltp":1.54,"id":414464},{"ltp":2.9,"id":7337}]}]}
{"op":"mcm","clk":"11796825443","pt":1722615003000,"mc":[{"id":"1.231282474","rc":[{"ltp":2.86,"id":7337}]}]}
{"op":"mcm","clk":"11796833101","pt":1722615063071,"mc":[{"id":"1.231282474","rc":[{"ltp":1.42,"id":414464},{"ltp":3.35,"id":7337}]}]}
{"op":"mcm","clk":"11796840145","pt":1722615123102,"mc":[{"id":"1.231282474","rc":[{"ltp":1.39,"id":414464},{"ltp":3.5,"id":7337}]}]}
{"op":"mcm","clk":"11796847143","pt":1722615183070,"mc":[{"id":"1.231282474","rc":[{"ltp":1.44,"id":414464},{"ltp":3.25,"id":7337}]}]}
{"op":"mcm","clk":"11796853514","pt":1722615242927,"mc":[{"id":"1.231282474","rc":[{"ltp":3.15,"id":7337}]}]}
{"op":"mcm","clk":"11796860354","pt":1722615303099,"mc":[{"id":"1.231282474","rc":[{"ltp":1.37,"id":414464},{"ltp":3.7,"id":7337}]}]}
{"op":"mcm","clk":"11796867265","pt":1722615363048,"mc":[{"id":"1.231282474","rc":[{"ltp":1.34,"id":414464},{"ltp":3.85,"id":7337}]}]}
{"op":"mcm","clk":"11796874499","pt":1722615423017,"mc":[{"id":"1.231282474","rc":[{"ltp":1.31,"id":414464},{"ltp":4.2,"id":7337}]}]}
{"op":"mcm","clk":"11796881590","pt":1722615482998,"mc":[{"id":"1.231282474","rc":[{"ltp":1.1,"id":414464},{"ltp":11.0,"id":7337}]}]}
{"op":"mcm","clk":"11796888765","pt":1722615543052,"mc":[{"id":"1.231282474","rc":[{"ltp":1.06,"id":414464},{"ltp":17.5,"id":7337}]}]}
{"op":"mcm","clk":"11796896568","pt":1722615603065,"mc":[{"id":"1.231282474","rc":[{"ltp":1.05,"id":414464},{"ltp":21.0,"id":7337}]}]}
{"op":"mcm","clk":"11796904012","pt":1722615663052,"mc":[{"id":"1.231282474","rc":[{"ltp":1.04,"id":414464},{"ltp":26.0,"id":7337}]}]}
{"op":"mcm","clk":"11796911192","pt":1722615723092,"mc":[{"id":"1.231282474","rc":[{"ltp":1.01,"id":414464},{"ltp":1000.0,"id":7337}]}]}
{"op":"mcm","clk":"11796945649","pt":1722616014408,"mc":[{"id":"1.231282474","marketDefinition":{"bspMarket":false,"turnInPlayEnabled":true,"persistenceEnabled":true,"marketBaseRate":5.0,"eventId":"33457877","eventTypeId":"4","numberOfWinners":1,"bettingType":"ODDS","marketType":"MATCH_ODDS","marketTime":"2024-08-02T09:00:00.000Z","suspendTime":"2024-08-02T09:00:00.000Z","bspReconciled":false,"complete":true,"inPlay":true,"crossMatching":true,"runnersVoidable":false,"numberOfActiveRunners":2,"betDelay":5,"status":"SUSPENDED","runners":[{"status":"ACTIVE","sortPriority":1,"id":7337,"name":"Sri Lanka"},{"status":"ACTIVE","sortPriority":2,"id":414464,"name":"India"}],"regulators":["MR_INT"],"countryCode":"GB","discountAllowed":true,"timezone":"GMT","openDate":"2024-08-02T09:00:00.000Z","version":6051695570,"name":"Match Odds","eventName":"Sri Lanka v India"},"rc":[{"ltp":430.0,"id":7337}]}]}
{"op":"mcm","clk":"11796995806","pt":1722616415278,"mc":[{"id":"1.231282474","marketDefinition":{"bspMarket":false,"turnInPlayEnabled":true,"persistenceEnabled":true,"marketBaseRate":5.0,"eventId":"33457877","eventTypeId":"4","numberOfWinners":1,"bettingType":"ODDS","marketType":"MATCH_ODDS","marketTime":"2024-08-02T09:00:00.000Z","suspendTime":"2024-08-02T09:00:00.000Z","bspReconciled":false,"complete":true,"inPlay":true,"crossMatching":false,"runnersVoidable":false,"numberOfActiveRunners":0,"betDelay":5,"status":"CLOSED","settledTime":"2024-08-02T16:31:49.000Z","runners":[{"status":"REMOVED","sortPriority":1,"removalDate":"2024-08-02T16:31:49.000Z","id":7337,"name":"Sri Lanka"},{"status":"REMOVED","sortPriority":2,"removalDate":"2024-08-02T16:31:49.000Z","id":414464,"name":"India"}],"regulators":["MR_INT"],"countryCode":"GB","discountAllowed":true,"timezone":"GMT","openDate":"2024-08-02T09:00:00.000Z","version":6051708636,"name":"Match Odds","eventName":"Sri Lanka v India"}}]}
