{"op":"mcm","clk":"11780580316","pt":1722764272393,"mc":[{"id":"1.231432692","marketDefinition":{"bspMarket":false,"turnInPlayEnabled":true,"persistenceEnabled":true,"marketBaseRate":5.0,"eventId":"33467092","eventTypeId":"4","numberOfWinners":1,"bettingType":"ODDS","marketType":"MATCH_ODDS","marketTime":"2024-08-07T17:30:00.000Z","suspendTime":"2024-08-07T17:30:00.000Z","bspReconciled":false,"complete":true,"inPlay":false,"crossMatching":true,"runnersVoidable":false,"numberOfActiveRunners":2,"betDelay":0,"status":"OPEN","runners":[{"status":"ACTIVE","sortPriority":1,"id":26354925,"name":"Trent Rockets"},{"status":"ACTIVE","sortPriority":2,"id":26354928,"name":"London Spirit"}],"regulators":["MR_INT"],"countryCode":"GB","discountAllowed":true,"timezone":"GMT","openDate":"2024-08-07T17:30:00.000Z","version":6056069457,"name":"Match Odds","eventName":"Trent Rockets v London Spirit"}}]}
{"op":"mcm","clk":"11790815651","pt":1722886008677,"mc":[{"id":"1.231432692","rc":[{"ltp":1.71,"id":26354925}]}]}
{"op":"mcm","clk":"11795272924","pt":1722972506639,"mc":[{"id":"1.231432692","rc":[{"ltp":1.7,"id":26354925}]}]}
{"op":"mcm","clk":"11795695864","pt":1722978026013,"mc":[{"id":"1.231432692","rc":[{"ltp":2.34,"id":26354928},{"ltp":1.74,"id":26354925}]}]}
{"op":"mcm","clk":"11795832647","pt":1722980727024,"mc":[{"id":"1.231432692","rc":[{"ltp":2.3,"id":26354928}]}]}
{"op":"mcm","clk":"11795920463","pt":1722982722769,"mc":[{"id":"1.231432692","rc":[{"ltp":2.34,"id":26354928},{"ltp":1.73,"id":26354925}]}]}
{"op":"mcm","clk":"11795922297","pt":1722982776124,"mc":[{"id":"1.231432692","rc":[{"ltp":2.32,"id":26354928},{"ltp":1.76,"id":26354925}]}]}
{"op":"mcm","clk":"11795924655","pt":1722982850120,"mc":[{"id":"1.231432692","rc":[{"ltp":1.75,"id":26354925}]}]}
{"op":"mcm","clk":"11796066019","pt":1722986594085,"mc":[{"id":"1.231432692","rc":[{"ltp":2.34,"id":26354928}]}]}
{"op":"mcm","clk":"11796106322","pt":1722987407688,"mc":[{"id":"1.231432692","rc":[{"ltp":2.32,"id":26354928},{"ltp":1.76,"id":26354925}]}]}
{"op":"mcm","clk":"11796608032","pt":1723000213599,"mc":[{"id":"1.231432692","rc":[{"ltp":2.28,"id":26354928}]}]}
{"op":"mcm","clk":"11796639015","pt":1723001343608,"mc":[{"id":"1.231432692","rc":[{"ltp":1.72,"id":26354925}]}]}
{"op":"mcm","clk":"11796736023","pt":1723006542084,"mc":[{"id":"1.231432692","rc":[{"ltp":1.74,"id":26354925}]}]}
{"op":"mcm","clk":"11796775136","pt":1723008091417,"mc":[{"id":"1.231432692","rc":[{"ltp":1.75,"id":26354925}]}]}
{"op":"mcm","clk":"11796852796","pt":1723011486320,"mc":[{"id":"1.231432692","rc":[{"ltp":1.76,"id":26354925}]}]}
{"op":"mcm","clk":"11796869583","pt":1723012216405,"mc":[{"id":"1.231432692","rc":[{"ltp":1.77,"id":26354925}]}]}
{"op":"mcm","clk":"11796884629","pt":1723012932238,"mc":[{"id":"1.231432692","rc":[{"ltp":1.76,"id":26354925}]}]}
{"op":"mcm","clk":"11796889009","pt":1723013145217,"mc":[{"id":"1.231432692","rc":[{"ltp":1.75,"id":26354925}]}]}
{"op":"mcm","clk":"11796895791","pt":1723013447921,"mc":[{"id":"1.231432692","rc":[{"ltp":1.76,"id":26354925}]}]}
{"op":"mcm","clk":"11796920071","pt":1723014258081,"mc":[{"id":"1.231432692","rc":[{"ltp":2.3,"id":26354928}]}]}
{"op":"mcm","clk":"11796927767","pt":1723014508886,"mc":[{"id":"1.231432692","rc":[{"ltp":1.75,"id":26354925}]}]}
{"op":"mcm","clk":"11796930966","pt":1723014610889,"mc":[{"id":"1.231432692","rc":[{"ltp":1.76,"id":26354925}]}]}
{"op":"mcm","clk":"11796961475","pt":1723015542724,"mc":[{"id":"1.231432692","rc":[{"ltp":1.77,"id":26354925}]}]}
{"op":"mcm","clk":"11796971016","pt":1723015812332,"mc":[{"id":"1.231432692","rc":[{"ltp":1.76,"id":26354925}]}]}
{"op":"mcm","clk":"11796981271","pt":1723016086447,"mc":[{"id":"1.231432692","rc":[{"ltp":1.77,"id":26354925}]}]}
{"op":"mcm","clk":"11797054215","pt":1723017870716,"mc":[{"id":"1.231432692","rc":[{"ltp":1.76,"id":26354925}]}]}
{"op":"mcm","clk":"11797159282","pt":1723020407025,"mc":[{"id":"1.231432692","rc":[{"ltp":2.28,"id":26354928},{"ltp":1.77,"id":26354925}]}]}
{"op":"mcm","clk":"11797192980","pt":1723020990697,"mc":[{"id":"1.231432692","rc":[{"ltp":2.3,"id":26354928}]}]}
{"op":"mcm","clk":"11797216895","pt":1723021360022,"mc":[{"id":"1.231432692","rc":[{"ltp":2.28,"id":26354928},{"ltp":1.78,"id":26354925}]}]}
{"op":"mcm","clk":"11797235026","pt":1723021665599,"mc":[{"id":"1.231432692","rc":[{"ltp":1.77,"id":26354925}]}]}
{"op":"mcm","clk":"11797312679","pt":1723022845429,"mc":[{"id":"1.231432692","rc":[{"ltp":1.76,"id":26354925}]}]}
{"op":"mcm","clk":"11797370690","pt":1723023666951,"mc":[{"id":"1.231432692","rc":[{"ltp":2.3,"id":26354928}]}]}
{"op":"mcm","clk":"11797492093","pt":1723025137321,"mc":[{"id":"1.231432692","rc":[{"ltp":1.75,"id":26354925}]}]}
{"op":"mcm","clk":"11797780215","pt":1723028162928,"mc":[{"id":"1.231432692","rc":[{"ltp":2.32,"id":26354928}]}]}
{"op":"mcm","clk":"11797959458","pt":1723030006786,"mc":[{"id":"1.231432692","rc":[{"ltp":1.74,"id":26354925}]}]}
{"op":"mcm","clk":"11798166788","pt":1723032324116,"mc":[{"id":"1.231432692","rc":[{"ltp":1.75,"id":26354925}]}]}
{"op":"mcm","clk":"11798169247","pt":1723032358529,"mc":[{"id":"1.231432692","rc":[{"ltp":1.74,"id":26354925}]}]}
{"op":"mcm","clk":"11798272699","pt":1723033726653,"mc":[{"id":"1.231432692","rc":[{"ltp":2.34,"id":26354928}]}]}
{"op":"mcm","clk":"11798291282","pt":1723033968527,"mc":[{"id":"1.231432692","rc":[{"ltp":1.75,"id":26354925}]}]}
{"op":"mcm","clk":"11798345519","pt":1723034918964,"mc":[{"id":"1.231432692","rc":[{"ltp":2.32,"id":26354928}]}]}
{"op":"mcm","clk":"11798442306","pt":1723036566011,"mc":[{"id":"1.231432692","rc":[{"ltp":1.76,"id":26354925}]}]}
{"op":"mcm","clk":"11798473352","pt":1723037085991,"mc":[{"id":"1.231432692","rc":[{"ltp":1.75,"id":26354925}]}]}
{"op":"mcm","clk":"11798514654","pt":1723037788483,"mc":[{"id":"1.231432692","rc":[{"ltp":1.76,"id":26354925}]}]}
{"op":"mcm","clk":"11798524297","pt":1723037941445,"mc":[{"id":"1.231432692","rc":[{"ltp":2.34,"id":26354928},{"ltp":1.75,"id":26354925}]}]}
{"op":"mcm","clk":"11798558240","pt":1723038325952,"mc":[{"id":"1.231432692","rc":[{"ltp":2.32,"id":26354928}]}]}
{"op":"mcm","clk":"11798572410","pt":1723038507752,"mc":[{"id":"1.231432692","rc":[{"ltp":1.76,"id":26354925}]}]}
{"op":"mcm","clk":"11798582491","pt":1723038647774,"mc":[{"id":"1.231432692","rc":[{"ltp":2.3,"id":26354928}]}]}
{"op":"mcm","clk":"11798587019","pt":1723038708819,"mc":[{"id":"1.231432692","rc":[{"ltp":2.32,"id":26354928}]}]}
{"op":"mcm","clk":"11798599898","pt":1723038884380,"mc":[{"id":"1.231432692","rc":[{"ltp":2.36,"id":26354928},{"ltp":1.74,"id":26354925}]}]}
{"op":"mcm","clk":"11798611056","pt":1723039068781,"mc":[{"id":"1.231432692","rc":[{"ltp":1.75,"id":26354925}]}]}
{"op":"mcm","clk":"11798613639","pt":1723039114728,"mc":[{"id":"1.231432692","rc":[{"ltp":1.74,"id":26354925}]}]}
{"op":"mcm","clk":"11798630042","pt":1723039355275,"mc":[{"id":"1.231432692","rc":[{"ltp":2.34,"id":26354928}]}]}
{"op":"mcm","clk":"11798660387","pt":1723039778524,"mc":[{"id":"1.231432692","rc":[{"ltp":2.36,"id":26354928}]}]}
{"op":"mcm","clk":"11798669388","pt":1723039908816,"mc":[{"id":"1.231432692","rc":[{"ltp":2.34,"id":26354928}]}]}
{"op":"mcm","clk":"11798672894","pt":1723039962167,"mc":[{"id":"1.231432692","rc":[{"ltp":1.75,"id":26354925}]}]}
{"op":"mcm","clk":"11798723987","pt":1723040680381,"mc":[{"id":"1.231432692","rc":[{"ltp":1.74,"id":26354925}]}]}
{"op":"mcm","clk":"11798729867","pt":1723040755979,"mc":[{"id":"1.231432692","rc":[{"ltp":1.73,"id":26354925}]}]}
{"op":"mcm","clk":"11798735722","pt":1723040853938,"mc":[{"id":"1.231432692","rc":[{"ltp":2.36,"id":26354928}]}]}
{"op":"mcm","clk":"11798742948","pt":1723040971187,"mc":[{"id":"1.231432692","rc":[{"ltp":2.32,"id":26354928},{"ltp":1.74,"id":26354925}]}]}
{"op":"mcm","clk":"11798756075","pt":1723041145612,"mc":[{"id":"1.231432692","rc":[{"ltp":1.73,"id":26354925}]}]}
{"op":"mcm","clk":"11798771647","pt":1723041344505,"mc":[{"id":"1.231432692","rc":[{"ltp":1.74,"id":26354925}]}]}
{"op":"mcm","clk":"11798787349","pt":1723041528942,"mc":[{"id":"1.231432692","rc":[{"ltp":1.73,"id":26354925}]}]}
{"op":"mcm","clk":"11798795590","pt":1723041625972,"mc":[{"id":"1.231432692","rc":[{"ltp":2.36,"id":26354928}]}]}
{"op":"mcm","clk":"11798801811","pt":1723041709068,"mc":[{"id":"1.231432692","rc":[{"ltp":1.74,"id":26354925}]}]}
{"op":"mcm","clk":"11798816963","pt":1723041890250,"mc":[{"id":"1.231432692","rc":[{"ltp":2.34,"id":26354928},{"ltp":1.73,"id":26354925}]}]}
{"op":"mcm","clk":"11798834285","pt":1723042120715,"mc":[{"id":"1.231432692","rc":[{"ltp":1.74,"id":26354925}]}]}
{"op":"mcm","clk":"11798859904","pt":1723042454350,"mc":[{"id":"1.231432692","rc":[{"ltp":2.32,"id":26354928},{"ltp":1.75,"id":26354925}]}]}
{"op":"mcm","clk":"11798866739","pt":1723042543963,"mc":[{"id":"1.231432692","rc":[{"ltp":2.34,"id":26354928}]}]}
{"op":"mcm","clk":"11798884322","pt":1723042788416,"mc":[{"id":"1.231432692","rc":[{"ltp":2.32,"id":26354928}]}]}
{"op":"mcm","clk":"11798889526","pt":1723042849011,"mc":[{"id":"1.231432692","rc":[{"ltp":2.34,"id":26354928},{"ltp":1.74,"id":26354925}]}]}
{"op":"mcm","clk":"11798985368","pt":1723043748785,"mc":[{"id":"1.231432692","rc":[{"ltp":2.32,"id":26354928},{"ltp":1.76,"id":26354925}]}]}
{"op":"mcm","clk":"11798999322","pt":1723043869727,"mc":[{"id":"1.231432692","rc":[{"ltp":2.3,"id":26354928}]}]}
{"op":"mcm","clk":"11799004897","pt":1723043917501,"mc":[{"id":"1.231432692","rc":[{"ltp":1.77,"id":26354925}]}]}
{"op":"mcm","clk":"11799011933","pt":1723043983435,"mc":[{"id":"1.231432692","rc":[{"ltp":2.32,"id":26354928},{"ltp":1.75,"id":26354925}]}]}
{"op":"mcm","clk":"11799018315","pt":1723044038787,"mc":[{"id":"1.231432692","rc":[{"ltp":2.28,"id":26354928},{"ltp":1.78,"id":26354925}]}]}
{"op":"mcm","clk":"11799032058","pt":1723044166180,"mc":[{"id":"1.231432692","rc":[{"ltp":2.3,"id":26354928},{"ltp":1.77,"id":26354925}]}]}
{"op":"mcm","clk":"11799036406","pt":1723044206119,"mc":[{"id":"1.231432692","rc":[{"ltp":1.76,"id":26354925}]}]}
{"op":"mcm","clk":"11799056953","pt":1723044408633,"mc":[{"id":"1.231432692","rc":[{"ltp":1.75,"id":26354925}]}]}
{"op":"mcm","clk":"11799075289","pt":1723044618473,"mc":[{"id":"1.231432692","rc":[{"ltp":1.76,"id":26354925}]}]}
{"op":"mcm","clk":"11799089079","pt":1723044754375,"mc":[{"id":"1.231432692","rc":[{"ltp":1.75,"id":26354925}]}]}
{"op":"mcm","clk":"11799097312","pt":1723044828686,"mc":[{"id":"1.231432692","rc":[{"ltp":2.32,"id":26354928}]}]}
{"op":"mcm","clk":"11799128503","pt":1723045121525,"mc":[{"id":"1.231432692","rc":[{"ltp":1.74,"id":26354925}]}]}
{"op":"mcm","clk":"11799141592","pt":1723045242159,"mc":[{"id":"1.231432692","rc":[{"ltp":1.75,"id":26354925}]}]}
{"op":"mcm","clk":"11799148463","pt":1723045306341,"mc":[{"id":"1.231432692","rc":[{"ltp":1.76,"id":26354925}]}]}
{"op":"mcm","clk":"11799172151","pt":1723045545459,"mc":[{"id":"1.231432692","rc":[{"ltp":1.74,"id":26354925}]}]}
{"op":"mcm","clk":"11799209828","pt":1723045907966,"mc":[{"id":"1.231432692","rc":[{"ltp":1.75,"id":26354925}]}]}
{"op":"mcm","clk":"11799220841","pt":1723046019106,"mc":[{"id":"1.231432692","rc":[{"ltp":1.74,"id":26354925}]}]}
{"op":"mcm","clk":"11799226615","pt":1723046077955,"mc":[{"id":"1.231432692","rc":[{"ltp":1.75,"id":26354925}]}]}
{"op":"mcm","clk":"11799234751","pt":1723046159273,"mc":[{"id":"1.231432692","rc":[{"ltp":1.73,"id":26354925}]}]}
{"op":"mcm","clk":"11799248343","pt":1723046300257,"mc":[{"id":"1.231432692","rc":[{"ltp":2.36,"id":26354928}]}]}
{"op":"mcm","clk":"11799256158","pt":1723046381774,"mc":[{"id":"1.231432692","rc":[{"ltp":2.34,"id":26354928},{"ltp":1.74,"id":26354925}]}]}
{"op":"mcm","clk":"11799262333","pt":1723046448529,"mc":[{"id":"1.231432692","rc":[{"ltp":1.73,"id":26354925}]}]}
{"op":"mcm","clk":"11799278116","pt":1723046622994,"mc":[{"id":"1.231432692","rc":[{"ltp":1.74,"id":26354925}]}]}
{"op":"mcm","clk":"11799283340","pt":1723046678506,"mc":[{"id":"1.231432692","rc":[{"ltp":2.32,"id":26354928}]}]}
{"op":"mcm","clk":"11799290078","pt":1723046748977,"mc":[{"id":"1.231432692","rc":[{"ltp":2.36,"id":26354928}]}]}
{"op":"mcm","clk":"11799295571","pt":1723046806341,"mc":[{"id":"1.231432692","rc":[{"ltp":2.34,"id":26354928}]}]}
{"op":"mcm","clk":"11799308031","pt":1723046924402,"mc":[{"id":"1.231432692","rc":[{"ltp":2.38,"id":26354928},{"ltp":1.72,"id":26354925}]}]}
{"op":"mcm","clk":"11799313876","pt":1723046978550,"mc":[{"id":"1.231432692","rc":[{"ltp":2.34,"id":26354928},{"ltp":1.74,"id":26354925}]}]}
{"op":"mcm","clk":"11799321429","pt":1723047049029,"mc":[{"id":"1.231432692","rc":[{"ltp":2.32,"id":26354928}]}]}
{"op":"mcm","clk":"11799327027","pt":1723047101007,"mc":[{"id":"1.231432692","rc":[{"ltp":1.73,"id":26354925}]}]}
{"op":"mcm","clk":"11799340287","pt":1723047222404,"mc":[{"id":"1.231432692","rc":[{"ltp":2.36,"id":26354928},{"ltp":1.72,"id":26354925}]}]}
{"op":"mcm","clk":"11799344310","pt":1723047262343,"mc":[{"id":"1.231432692","rc":[{"ltp":1.73,"id":26354925}]}]}
{"op":"mcm","clk":"11799351988","pt":1723047335969,"mc":[{"id":"1.231432692","rc":[{"ltp":2.38,"id":26354928}]}]}
{"op":"mcm","clk":"11799359317","pt":1723047410161,"mc":[{"id":"1.231432692","rc":[{"ltp":1.74,"id":26354925}]}]}
{"op":"mcm","clk":"11799382094","pt":1723047648276,"mc":[{"id":"1.231432692","rc":[{"ltp":2.34,"id":26354928}]}]}
{"op":"mcm","clk":"11799414345","pt":1723047994844,"mc":[{"id":"1.231432692","rc":[{"ltp":2.32,"id":26354928}]}]}
{"op":"mcm","clk":"11799421170","pt":1723048066623,"mc":[{"id":"1.231432692","rc":[{"ltp":2.34,"id":26354928}]}]}
{"op":"mcm","clk":"11799432218","pt":1723048179944,"mc":[{"id":"1.231432692","rc":[{"ltp":2.36,"id":26354928}]}]}
{"op":"mcm","clk":"11799443440","pt":1723048301383,"mc":[{"id":"1.231432692","rc":[{"ltp":2.34,"id":26354928}]}]}
{"op":"mcm","clk":"11799448956","pt":1723048356930,"mc":[{"id":"1.231432692","rc":[{"ltp":1.73,"id":26354925}]}]}
{"op":"mcm","clk":"11799455758","pt":1723048421824,"mc":[{"id":"1.231432692","rc":[{"ltp":1.74,"id":26354925}]}]}
{"op":"mcm","clk":"11799459931","pt":1723048461213,"mc":[{"id":"1.231432692","rc":[{"ltp":2.36,"id":26354928}]}]}
{"op":"mcm","clk":"11799469114","pt":1723048550329,"mc":[{"id":"1.231432692","rc":[{"ltp":1.72,"id":26354925}]}]}
{"op":"mcm","clk":"11799479260","pt":1723048653360,"mc":[{"id":"1.231432692","rc":[{"ltp":1.73,"id":26354925}]}]}
{"op":"mcm","clk":"11799489394","pt":1723048770128,"mc":[{"id":"1.231432692","rc":[{"ltp":1.72,"id":26354925}]}]}
{"op":"mcm","clk":"11799495852","pt":1723048844317,"mc":[{"id":"1.231432692","rc":[{"ltp":1.73,"id":26354925}]}]}
{"op":"mcm","clk":"11799500556","pt":1723048901944,"mc":[{"id":"1.231432692","rc":[{"ltp":2.34,"id":26354928},{"ltp":1.74,"id":26354925}]}]}
{"op":"mcm","clk":"11799523469","pt":1723049085884,"mc":[{"id":"1.231432692","rc":[{"ltp":1.72,"id":26354925}]}]}
{"op":"mcm","clk":"11799528463","pt":1723049146450,"mc":[{"id":"1.231432692","rc":[{"ltp":1.74,"id":26354925}]}]}
{"op":"mcm","clk":"11799533514","pt":1723049208113,"mc":[{"id":"1.231432692","rc":[{"ltp":1.73,"id":26354925}]}]}
{"op":"mcm","clk":"11799538049","pt":1723049263706,"mc":[{"id":"1.231432692","rc":[{"ltp":1.75,"id":26354925}]}]}
{"op":"mcm","clk":"11799543179","pt":1723049329109,"mc":[{"id":"1.231432692","rc":[{"ltp":1.73,"id":26354925}]}]}
{"op":"mcm","clk":"11799551318","pt":1723049440677,"mc":[{"id":"1.231432692","rc":[{"ltp":1.74,"id":26354925}]}]}
{"op":"mcm","clk":"11799556402","pt":1723049510055,"mc":[{"id":"1.231432692","rc":[{"ltp":2.32,"id":26354928},{"ltp":1.73,"id":26354925}]}]}
{"op":"mcm","clk":"11799565581","pt":1723049625772,"mc":[{"id":"1.231432692","rc":[{"ltp":2.36,"id":26354928},{"ltp":1.74,"id":26354925}]}]}
{"op":"mcm","clk":"11799569890","pt":1723049682061,"mc":[{"id":"1.231432692","rc":[{"ltp":1.73,"id":26354925}]}]}
{"op":"mcm","clk":"11799575582","pt":1723049749056,"mc":[{"id":"1.231432692","rc":[{"ltp":2.38,"id":26354928},{"ltp":1.72,"id":26354925}]}]}
{"op":"mcm","clk":"11799580296","pt":1723049807111,"mc":[{"id":"1.231432692","rc":[{"ltp":2.36,"id":26354928},{"ltp":1.73,"id":26354925}]}]}
{"op":"mcm","clk":"11799584821","pt":1723049868993,"mc":[{"id":"1.231432692","rc":[{"ltp":2.34,"id":26354928}]}]}
{"op":"mcm","clk":"11799588364","pt":1723049925739,"mc":[{"id":"1.231432692","rc":[{"ltp":1.75,"id":26354925}]}]}
{"op":"mcm","clk":"11799593567","pt":1723049989700,"mc":[{"id":"1.231432692","rc":[{"ltp":1.74,"id":26354925}]}]}
{"op":"mcm","clk":"11799599119","pt":1723050047200,"mc":[{"id":"1.231432692","rc":[{"ltp":1.73,"id":26354925}]}]}
{"op":"mcm","clk":"11799603853","pt":1723050100733,"mc":[{"id":"1.231432692","rc":[{"ltp":2.32,"id":26354928},{"ltp":1.74,"id":26354925}]}]}
{"op":"mcm","clk":"11799610232","pt":1723050168995,"mc":[{"id":"1.231432692","rc":[{"ltp":2.34,"id":26354928},{"ltp":1.73,"id":26354925}]}]}
{"op":"mcm","clk":"11799616394","pt":1723050230221,"mc":[{"id":"1.231432692","rc":[{"ltp":2.22,"id":26354928},{"ltp":1.82,"id":26354925}]}]}
{"op":"mcm","clk":"11799622578","pt":1723050289977,"mc":[{"id":"1.231432692","rc":[{"ltp":2.24,"id":26354928},{"ltp":1.81,"id":26354925}]}]}
{"op":"mcm","clk":"11799628551","pt":1723050350234,"mc":[{"id":"1.231432692","rc":[{"ltp":2.22,"id":26354928},{"ltp":1.82,"id":26354925}]}]}
{"op":"mcm","clk":"11799634584","pt":1723050410306,"mc":[{"id":"1.231432692","rc":[{"ltp":2.24,"id":26354928},{"ltp":1.8,"id":26354925}]}]}
{"op":"mcm","clk":"11799641257","pt":1723050469995,"mc":[{"id":"1.231432692","rc":[{"ltp":2.2,"id":26354928},{"ltp":1.83,"id":26354925}]}]}
{"op":"mcm","clk":"11799646826","pt":1723050530323,"mc":[{"id":"1.231432692","rc":[{"ltp":1.84,"id":26354925}]}]}
{"op":"mcm","clk":"11799652511","pt":1723050589971,"mc":[{"id":"1.231432692","rc":[{"ltp":2.18,"id":26354928}]}]}
{"op":"mcm","clk":"11799658513","pt":1723050649635,"mc":[{"id":"1.231432692","rc":[{"ltp":1.83,"id":26354925}]}]}
{"op":"mcm","clk":"11799664421","pt":1723050709767,"mc":[{"id":"1.231432692","rc":[{"ltp":1.84,"id":26354925}]}]}
{"op":"mcm","clk":"11799670438","pt":1723050770228,"mc":[{"id":"1.231432692","rc":[{"ltp":1.83,"id":26354925}]}]}
{"op":"mcm","clk":"11799676336","pt":1723050830166,"mc":[{"id":"1.231432692","rc":[{"ltp":2.2,"id":26354928},{"ltp":1.84,"id":26354925}]}]}
{"op":"mcm","clk":"11799681657","pt":1723050889521,"mc":[{"id":"1.231432692","rc":[{"ltp":2.16,"id":26354928},{"ltp":1.86,"id":26354925}]}]}
{"op":"mcm","clk":"11799687106","pt":1723050949694,"mc":[{"id":"1.231432692","rc":[{"ltp":2.18,"id":26354928},{"ltp":1.85,"id":26354925}]}]}
{"op":"mcm","clk":"11799692584","pt":1723051010175,"mc":[{"id":"1.231432692","rc":[{"ltp":2.12,"id":26354928},{"ltp":1.9,"id":26354925}]}]}
{"op":"mcm","clk":"11799698334","pt":1723051070371,"mc":[{"id":"1.231432692","rc":[{"ltp":1.89,"id":26354925}]}]}
{"op":"mcm","clk":"11799704160","pt":1723051130114,"mc":[{"id":"1.231432692","rc":[{"ltp":2.1,"id":26354928},{"ltp":1.9,"id":26354925}]}]}
{"op":"mcm","clk":"11799715456","pt":1723051249937,"mc":[{"id":"1.231432692","rc":[{"ltp":1.89,"id":26354925}]}]}
{"op":"mcm","clk":"11799721136","pt":1723051309895,"mc":[{"id":"1.231432692","rc":[{"ltp":2.12,"id":26354928},{"ltp":1.88,"id":26354925}]}]}
{"op":"mcm","clk":"11799726811","pt":1723051370164,"mc":[{"id":"1.231432692","rc":[{"ltp":2.14,"id":26354928}]}]}
{"op":"mcm","clk":"11799732363","pt":1723051430340,"mc":[{"id":"1.231432692","rc":[{"ltp":2.12,"id":26354928},{"ltp":1.87,"id":26354925}]}]}
{"op":"mcm","clk":"11799737849","pt":1723051490191,"mc":[{"id":"1.231432692","rc":[{"ltp":2.14,"id":26354928},{"ltp":1.86,"id":26354925}]}]}
{"op":"mcm","clk":"11799743555","pt":1723051550232,"mc":[{"id":"1.231432692","rc":[{"ltp":2.16,"id":26354928},{"ltp":1.85,"id":26354925}]}]}
{"op":"mcm","clk":"11799754991","pt":1723051670275,"mc":[{"id":"1.231432692","rc":[{"ltp":2.18,"id":26354928},{"ltp":1.84,"id":26354925}]}]}
{"op":"mcm","clk":"11799761212","pt":1723051730047,"mc":[{"id":"1.231432692","rc":[{"ltp":1.85,"id":26354925}]}]}
{"op":"mcm","clk":"11799767635","pt":1723051790324,"mc":[{"id":"1.231432692","rc":[{"ltp":2.16,"id":26354928}]}]}
{"op":"mcm","clk":"11799774242","pt":1723051850293,"mc":[{"id":"1.231432692","marketDefinition":{"bspMarket":false,"turnInPlayEnabled":true,"persistenceEnabled":true,"marketBaseRate":5.0,"eventId":"33467092","eventTypeId":"4","numberOfWinners":1,"bettingType":"ODDS","marketType":"MATCH_ODDS","marketTime":"2024-08-07T17:30:00.000Z","suspendTime":"2024-08-07T17:30:00.000Z","bspReconciled":false,"complete":true,"inPlay":true,"crossMatching":true,"runnersVoidable":false,"numberOfActiveRunners":2,"betDelay":5,"status":"OPEN","runners":[{"status":"ACTIVE","sortPriority":1,"id":26354925,"name":"Trent Rockets"},{"status":"ACTIVE","sortPriority":2,"id":26354928,"name":"London Spirit"}],"regulators":["MR_INT"],"countryCode":"GB","discountAllowed":true,"timezone":"GMT","openDate":"2024-08-07T17:30:00.000Z","version":6060908988,"name":"Match Odds","eventName":"Trent Rockets v London Spirit"},"rc":[{"ltp":2.12,"id":26354928},{"ltp":1.88,"id":26354925}]}]}
{"op":"mcm","clk":"11799780821","pt":1723051910376,"mc":[{"id":"1.231432692","rc":[{"ltp":2.16,"id":26354928},{"ltp":1.86,"id":26354925}]}]}
{"op":"mcm","clk":"11799787635","pt":1723051970355,"mc":[{"id":"1.231432692","rc":[{"ltp":1.87,"id":26354928},{"ltp":2.14,"id":26354925}]}]}
{"op":"mcm","clk":"11799795264","pt":1723052030243,"mc":[{"id":"1.231432692","rc":[{"ltp":1.9,"id":26354928},{"ltp":2.1,"id":26354925}]}]}
{"op":"mcm","clk":"11799803269","pt":1723052090329,"mc":[{"id":"1.231432692","rc":[{"ltp":2.02,"id":26354928},{"ltp":1.98,"id":26354925}]}]}
{"op":"mcm","clk":"11799811019","pt":1723052150302,"mc":[{"id":"1.231432692","rc":[{"ltp":2.12,"id":26354928},{"ltp":1.89,"id":26354925}]}]}
{"op":"mcm","clk":"11799818927","pt":1723052210333,"mc":[{"id":"1.231432692","rc":[{"ltp":2.08,"id":26354928},{"ltp":1.92,"id":26354925}]}]}
{"op":"mcm","clk":"11799826703","pt":1723052270304,"mc":[{"id":"1.231432692","rc":[{"ltp":2.06,"id":26354928},{"ltp":1.93,"id":26354925}]}]}
{"op":"mcm","clk":"11799834053","pt":1723052330370,"mc":[{"id":"1.231432692","rc":[{"ltp":1.94,"id":26354925}]}]}
{"op":"mcm","clk":"11799841512","pt":1723052390335,"mc":[{"id":"1.231432692","rc":[{"ltp":2.02,"id":26354928},{"ltp":1.98,"id":26354925}]}]}
{"op":"mcm","clk":"11799848745","pt":1723052450174,"mc":[{"id":"1.231432692","rc":[{"ltp":1.97,"id":26354928},{"ltp":2.02,"id":26354925}]}]}
{"op":"mcm","clk":"11799856038","pt":1723052510334,"mc":[{"id":"1.231432692","rc":[{"ltp":2.0,"id":26354928},{"ltp":1.98,"id":26354925}]}]}
{"op":"mcm","clk":"11799862686","pt":1723052570317,"mc":[{"id":"1.231432692","rc":[{"ltp":2.06,"id":26354928},{"ltp":1.93,"id":26354925}]}]}
{"op":"mcm","clk":"11799869763","pt":1723052630366,"mc":[{"id":"1.231432692","rc":[{"ltp":2.04,"id":26354928},{"ltp":1.96,"id":26354925}]}]}
{"op":"mcm","clk":"11799876671","pt":1723052690333,"mc":[{"id":"1.231432692","rc":[{"ltp":2.16,"id":26354928},{"ltp":1.87,"id":26354925}]}]}
{"op":"mcm","clk":"11799884150","pt":1723052750328,"mc":[{"id":"1.231432692","rc":[{"ltp":2.26,"id":26354928},{"ltp":1.81,"id":26354925}]}]}
{"op":"mcm","clk":"11799891481","pt":1723052810380,"mc":[{"id":"1.231432692","rc":[{"ltp":2.14,"id":26354928},{"ltp":1.87,"id":26354925}]}]}
{"op":"mcm","clk":"11799898593","pt":1723052870246,"mc":[{"id":"1.231432692","rc":[{"ltp":2.1,"id":26354928},{"ltp":1.88,"id":26354925}]}]}
{"op":"mcm","clk":"11799905808","pt":1723052930289,"mc":[{"id":"1.231432692","rc":[{"ltp":2.08,"id":26354928},{"ltp":1.91,"id":26354925}]}]}
{"op":"mcm","clk":"11799912805","pt":1723052990291,"mc":[{"id":"1.231432692","rc":[{"ltp":2.16,"id":26354928},{"ltp":1.87,"id":26354925}]}]}
{"op":"mcm","clk":"11799919646","pt":1723053050350,"mc":[{"id":"1.231432692","rc":[{"ltp":2.18,"id":26354928},{"ltp":1.86,"id":26354925}]}]}
{"op":"mcm","clk":"11799926685","pt":1723053110310,"mc":[{"id":"1.231432692","rc":[{"ltp":2.24,"id":26354928},{"ltp":1.81,"id":26354925}]}]}
{"op":"mcm","clk":"11799932769","pt":1723053170308,"mc":[{"id":"1.231432692","rc":[{"ltp":2.4,"id":26354928},{"ltp":1.69,"id":26354925}]}]}
{"op":"mcm","clk":"11799938720","pt":1723053230330,"mc":[{"id":"1.231432692","rc":[{"ltp":2.62,"id":26354928},{"ltp":1.6,"id":26354925}]}]}
{"op":"mcm","clk":"11799944564","pt":1723053290327,"mc":[{"id":"1.231432692","rc":[{"ltp":2.6,"id":26354928},{"ltp":1.62,"id":26354925}]}]}
{"op":"mcm","clk":"11799951037","pt":1723053350290,"mc":[{"id":"1.231432692","rc":[{"ltp":2.74,"id":26354928},{"ltp":1.56,"id":26354925}]}]}
{"op":"mcm","clk":"11799957623","pt":1723053410288,"mc":[{"id":"1.231432692","rc":[{"ltp":2.66,"id":26354928},{"ltp":1.6,"id":26354925}]}]}
{"op":"mcm","clk":"11799964257","pt":1723053470295,"mc":[{"id":"1.231432692","rc":[{"ltp":2.58,"id":26354928},{"ltp":1.64,"id":26354925}]}]}
{"op":"mcm","clk":"11799971461","pt":1723053530331,"mc":[{"id":"1.231432692","rc":[{"ltp":2.66,"id":26354928},{"ltp":1.6,"id":26354925}]}]}
{"op":"mcm","clk":"11799978572","pt":1723053590342,"mc":[{"id":"1.231432692","rc":[{"ltp":2.6,"id":26354928},{"ltp":1.63,"id":26354925}]}]}
{"op":"mcm","clk":"11799986014","pt":1723053650295,"mc":[{"id":"1.231432692","rc":[{"ltp":2.58,"id":26354928},{"ltp":1.65,"id":26354925}]}]}
{"op":"mcm","clk":"11799993426","pt":1723053710251,"mc":[{"id":"1.231432692","rc":[{"ltp":1.63,"id":26354925}]}]}
{"op":"mcm","clk":"11800001086","pt":1723053770313,"mc":[{"id":"1.231432692","rc":[{"ltp":2.66,"id":26354928},{"ltp":1.6,"id":26354925}]}]}
{"op":"mcm","clk":"11800009194","pt":1723053830360,"mc":[{"id":"1.231432692","rc":[{"ltp":2.6,"id":26354928},{"ltp":1.61,"id":26354925}]}]}
{"op":"mcm","clk":"11800017468","pt":1723053890274,"mc":[{"id":"1.231432692","rc":[{"ltp":2.78,"id":26354928},{"ltp":1.56,"id":26354925}]}]}
{"op":"mcm","clk":"11800026346","pt":1723053950288,"mc":[{"id":"1.231432692","rc":[{"ltp":2.42,"id":26354928},{"ltp":1.71,"id":26354925}]}]}
{"op":"mcm","clk":"11800035003","pt":1723054010331,"mc":[{"id":"1.231432692","rc":[{"ltp":2.68,"id":26354928},{"ltp":1.59,"id":26354925}]}]}
{"op":"mcm","clk":"11800043675","pt":1723054070302,"mc":[{"id":"1.231432692","rc":[{"ltp":2.58,"id":26354928},{"ltp":1.63,"id":26354925}]}]}
{"op":"mcm","clk":"11800052642","pt":1723054130279,"mc":[{"id":"1.231432692","rc":[{"ltp":2.62,"id":26354928},{"ltp":1.61,"id":26354925}]}]}
{"op":"mcm","clk":"11800061962","pt":1723054190376,"mc":[{"id":"1.231432692","rc":[{"ltp":2.9,"id":26354928},{"ltp":1.52,"id":26354925}]}]}
{"op":"mcm","clk":"11800071113","pt":1723054250354,"mc":[{"id":"1.231432692","rc":[{"ltp":2.88,"id":26354928},{"ltp":1.53,"id":26354925}]}]}
{"op":"mcm","clk":"11800080040","pt":1723054310338,"mc":[{"id":"1.231432692","rc":[{"ltp":3.3,"id":26354928},{"ltp":1.43,"id":26354925}]}]}
{"op":"mcm","clk":"11800088936","pt":1723054370280,"mc":[{"id":"1.231432692","rc":[{"ltp":3.35,"id":26354928},{"ltp":1.42,"id":26354925}]}]}
{"op":"mcm","clk":"11800106987","pt":1723054430360,"mc":[{"id":"1.231432692","rc":[{"ltp":3.2,"id":26354928},{"ltp":1.45,"id":26354925}]}]}
{"op":"mcm","clk":"11800116081","pt":1723054490339,"mc":[{"id":"1.231432692","rc":[{"ltp":3.15,"id":26354928}]}]}
{"op":"mcm","clk":"11800125604","pt":1723054550350,"mc":[{"id":"1.231432692","rc":[{"ltp":3.4,"id":26354928},{"ltp":1.41,"id":26354925}]}]}
{"op":"mcm","clk":"11800134982","pt":1723054610292,"mc":[{"id":"1.231432692","rc":[{"ltp":3.35,"id":26354928},{"ltp":1.42,"id":26354925}]}]}
{"op":"mcm","clk":"11800143981","pt":1723054670360,"mc":[{"id":"1.231432692","rc":[{"ltp":3.9,"id":26354928},{"ltp":1.33,"id":26354925}]}]}
{"op":"mcm","clk":"11800152884","pt":1723054730308,"mc":[{"id":"1.231432692","rc":[{"ltp":3.7,"id":26354928},{"ltp":1.37,"id":26354925}]}]}
{"op":"mcm","clk":"11800161676","pt":1723054790298,"mc":[{"id":"1.231432692","rc":[{"ltp":1.36,"id":26354925}]}]}
{"op":"mcm","clk":"11800170766","pt":1723054850377,"mc":[{"id":"1.231432692","rc":[{"ltp":3.6,"id":26354928},{"ltp":1.37,"id":26354925}]}]}
{"op":"mcm","clk":"11800179234","pt":1723054910071,"mc":[{"id":"1.231432692","rc":[{"ltp":3.7,"id":26354928}]}]}
{"op":"mcm","clk":"11800187187","pt":1723054970322,"mc":[{"id":"1.231432692","rc":[{"ltp":3.4,"id":26354928},{"ltp":1.41,"id":26354925}]}]}
{"op":"mcm","clk":"11800194667","pt":1723055030324,"mc":[{"id":"1.231432692","rc":[{"ltp":3.65,"id":26354928},{"ltp":1.4,"id":26354925}]}]}
{"op":"mcm","clk":"11800202739","pt":1723055090343,"mc":[{"id":"1.231432692","rc":[{"ltp":3.35,"id":26354928},{"ltp":1.41,"id":26354925}]}]}
{"op":"mcm","clk":"11800210849","pt":1723055150332,"mc":[{"id":"1.231432692","rc":[{"ltp":1.43,"id":26354925}]}]}
{"op":"mcm","clk":"11800218736","pt":1723055210261,"mc":[{"id":"1.231432692","rc":[{"ltp":3.3,"id":26354928}]}]}
{"op":"mcm","clk":"11800226471","pt":1723055270306,"mc":[{"id":"1.231432692","rc":[{"ltp":3.55,"id":26354928},{"ltp":1.39,"id":26354925}]}]}
{"op":"mcm","clk":"11800234287","pt":1723055330272,"mc":[{"id":"1.231432692","rc":[{"ltp":3.4,"id":26354928},{"ltp":1.4,"id":26354925}]}]}
{"op":"mcm","clk":"11800242197","pt":1723055390268,"mc":[{"id":"1.231432692","rc":[{"ltp":3.3,"id":26354928},{"ltp":1.43,"id":26354925}]}]}
{"op":"mcm","clk":"11800250824","pt":1723055450356,"mc":[{"id":"1.231432692","rc":[{"ltp":2.92,"id":26354928},{"ltp":1.52,"id":26354925}]}]}
{"op":"mcm","clk":"11800259191","pt":1723055510297,"mc":[{"id":"1.231432692","rc":[{"ltp":3.05,"id":26354928},{"ltp":1.48,"id":26354925}]}]}
{"op":"mcm","clk":"11800268108","pt":1723055570378,"mc":[{"id":"1.231432692","rc":[{"ltp":2.98,"id":26354928},{"ltp":1.51,"id":26354925}]}]}
{"op":"mcm","clk":"11800277475","pt":1723055630317,"mc":[{"id":"1.231432692","rc":[{"ltp":3.0,"id":26354928},{"ltp":1.49,"id":26354925}]}]}
{"op":"mcm","clk":"11800286930","pt":1723055690262,"mc":[{"id":"1.231432692","rc":[{"ltp":3.05,"id":26354928},{"ltp":1.48,"id":26354925}]}]}
{"op":"mcm","clk":"11800296908","pt":1723055750348,"mc":[{"id":"1.231432692","rc":[{"ltp":2.96,"id":26354928},{"ltp":1.51,"id":26354925}]}]}
{"op":"mcm","clk":"11800316455","pt":1723055870371,"mc":[{"id":"1.231432692","rc":[{"ltp":2.92,"id":26354928},{"ltp":1.52,"id":26354925}]}]}
{"op":"mcm","clk":"11800326444","pt":1723055930331,"mc":[{"id":"1.231432692","rc":[{"ltp":3.0,"id":26354928},{"ltp":1.51,"id":26354925}]}]}
{"op":"mcm","clk":"11800336680","pt":1723055990380,"mc":[{"id":"1.231432692","rc":[{"ltp":3.25,"id":26354928},{"ltp":1.44,"id":26354925}]}]}
{"op":"mcm","clk":"11800346093","pt":1723056050245,"mc":[{"id":"1.231432692","rc":[{"ltp":3.3,"id":26354928},{"ltp":1.42,"id":26354925}]}]}
{"op":"mcm","clk":"11800355736","pt":1723056110323,"mc":[{"id":"1.231432692","rc":[{"ltp":3.25,"id":26354928},{"ltp":1.44,"id":26354925}]}]}
{"op":"mcm","clk":"11800365244","pt":1723056170290,"mc":[{"id":"1.231432692","rc":[{"ltp":3.35,"id":26354928},{"ltp":1.43,"id":26354925}]}]}
{"op":"mcm","clk":"11800374796","pt":1723056230375,"mc":[{"id":"1.231432692","rc":[{"ltp":3.2,"id":26354928},{"ltp":1.46,"id":26354925}]}]}
{"op":"mcm","clk":"11800383918","pt":1723056290300,"mc":[{"id":"1.231432692","rc":[{"ltp":3.6,"id":26354928},{"ltp":1.38,"id":26354925}]}]}
{"op":"mcm","clk":"11800393362","pt":1723056350325,"mc":[{"id":"1.231432692","rc":[{"ltp":3.65,"id":26354928}]}]}
{"op":"mcm","clk":"11800402240","pt":1723056410303,"mc":[{"id":"1.231432692","rc":[{"ltp":3.6,"id":26354928},{"ltp":1.39,"id":26354925}]}]}
{"op":"mcm","clk":"11800411263","pt":1723056470283,"mc":[{"id":"1.231432692","rc":[{"ltp":1.38,"id":26354925}]}]}
{"op":"mcm","clk":"11800419927","pt":1723056530335,"mc":[{"id":"1.231432692","rc":[{"ltp":3.55,"id":26354928}]}]}
{"op":"mcm","clk":"11800428100","pt":1723056590375,"mc":[{"id":"1.231432692","rc":[{"ltp":1.39,"id":26354925}]}]}
{"op":"mcm","clk":"11800435786","pt":1723056650364,"mc":[{"id":"1.231432692","rc":[{"ltp":1.4,"id":26354925}]}]}
{"op":"mcm","clk":"11800444041","pt":1723056710326,"mc":[{"id":"1.231432692","rc":[{"ltp":1.39,"id":26354925}]}]}
{"op":"mcm","clk":"11800452089","pt":1723056770296,"mc":[{"id":"1.231432692","rc":[{"ltp":3.65,"id":26354928},{"ltp":1.38,"id":26354925}]}]}
{"op":"mcm","clk":"11800460081","pt":1723056830273,"mc":[{"id":"1.231432692","rc":[{"ltp":3.6,"id":26354928},{"ltp":1.37,"id":26354925}]}]}
{"op":"mcm","clk":"11800467733","pt":1723056889952,"mc":[{"id":"1.231432692","rc":[{"ltp":3.7,"id":26354928},{"ltp":1.38,"id":26354925}]}]}
{"op":"mcm","clk":"11800483063","pt":1723057010148,"mc":[{"id":"1.231432692","rc":[{"ltp":1.37,"id":26354925}]}]}
{"op":"mcm","clk":"11800503697","pt":1723057190320,"mc":[{"id":"1.231432692","rc":[{"ltp":3.65,"id":26354928},{"ltp":1.38,"id":26354925}]}]}
{"op":"mcm","clk":"11800511890","pt":1723057250306,"mc":[{"id":"1.231432692","rc":[{"ltp":3.6,"id":26354928}]}]}
{"op":"mcm","clk":"11800519897","pt":1723057310178,"mc":[{"id":"1.231432692","rc":[{"ltp":3.85,"id":26354928},{"ltp":1.35,"id":26354925}]}]}
{"op":"mcm","clk":"11800528301","pt":1723057370251,"mc":[{"id":"1.231432692","rc":[{"ltp":3.75,"id":26354928},{"ltp":1.36,"id":26354925}]}]}
{"op":"mcm","clk":"11800536395","pt":1723057430071,"mc":[{"id":"1.231432692","rc":[{"ltp":3.9,"id":26354928},{"ltp":1.35,"id":26354925}]}]}
{"op":"mcm","clk":"11800544862","pt":1723057490334,"mc":[{"id":"1.231432692","rc":[{"ltp":5.5,"id":26354928},{"ltp":1.23,"id":26354925}]}]}
{"op":"mcm","clk":"11800553697","pt":1723057550315,"mc":[{"id":"1.231432692","rc":[{"ltp":5.3,"id":26354928}]}]}
{"op":"mcm","clk":"11800561348","pt":1723057610357,"mc":[{"id":"1.231432692","rc":[{"ltp":5.0,"id":26354928},{"ltp":1.25,"id":26354925}]}]}
{"op":"mcm","clk":"11800569511","pt":1723057670299,"mc":[{"id":"1.231432692","rc":[{"ltp":4.3,"id":26354928},{"ltp":1.3,"id":26354925}]}]}
{"op":"mcm","clk":"11800586156","pt":1723057790355,"mc":[{"id":"1.231432692","rc":[{"ltp":4.4,"id":26354928},{"ltp":1.29,"id":26354925}]}]}
{"op":"mcm","clk":"11800594599","pt":1723057850281,"mc":[{"id":"1.231432692","rc":[{"ltp":3.75,"id":26354928},{"ltp":1.36,"id":26354925}]}]}
{"op":"mcm","clk":"11800603362","pt":1723057910345,"mc":[{"id":"1.231432692","rc":[{"ltp":3.2,"id":26354928},{"ltp":1.46,"id":26354925}]}]}
{"op":"mcm","clk":"11800612041","pt":1723057970290,"mc":[{"id":"1.231432692","rc":[{"ltp":2.3,"id":26354928},{"ltp":1.78,"id":26354925}]}]}
{"op":"mcm","clk":"11800620188","pt":1723058030379,"mc":[{"id":"1.231432692","rc":[{"ltp":2.58,"id":26354928},{"ltp":1.63,"id":26354925}]}]}
{"op":"mcm","clk":"11800628546","pt":1723058090346,"mc":[{"id":"1.231432692","rc":[{"ltp":3.6,"id":26354928},{"ltp":1.37,"id":26354925}]}]}
{"op":"mcm","clk":"11800637004","pt":1723058150375,"mc":[{"id":"1.231432692","rc":[{"ltp":3.7,"id":26354928}]}]}
{"op":"mcm","clk":"11800645176","pt":1723058210364,"mc":[{"id":"1.231432692","rc":[{"ltp":3.5,"id":26354928},{"ltp":1.4,"id":26354925}]}]}
{"op":"mcm","clk":"11800653435","pt":1723058270348,"mc":[{"id":"1.231432692","rc":[{"ltp":3.2,"id":26354928},{"ltp":1.45,"id":26354925}]}]}
{"op":"mcm","clk":"11800661903","pt":1723058330314,"mc":[{"id":"1.231432692","rc":[{"ltp":3.5,"id":26354928},{"ltp":1.39,"id":26354925}]}]}
{"op":"mcm","clk":"11800670699","pt":1723058390378,"mc":[{"id":"1.231432692","rc":[{"ltp":3.6,"id":26354928},{"ltp":1.38,"id":26354925}]}]}
{"op":"mcm","clk":"11800678086","pt":1723058450364,"mc":[{"id":"1.231432692","rc":[{"ltp":3.7,"id":26354928}]}]}
{"op":"mcm","clk":"11800685233","pt":1723058510323,"mc":[{"id":"1.231432692","rc":[{"ltp":4.0,"id":26354928},{"ltp":1.33,"id":26354925}]}]}
{"op":"mcm","clk":"11800692380","pt":1723058570288,"mc":[{"id":"1.231432692","rc":[{"ltp":4.2,"id":26354928},{"ltp":1.31,"id":26354925}]}]}
{"op":"mcm","clk":"11800699461","pt":1723058630338,"mc":[{"id":"1.231432692","rc":[{"ltp":5.3,"id":26354928},{"ltp":1.24,"id":26354925}]}]}
{"op":"mcm","clk":"11800706491","pt":1723058690328,"mc":[{"id":"1.231432692","rc":[{"ltp":7.2,"id":26354928},{"ltp":1.16,"id":26354925}]}]}
{"op":"mcm","clk":"11800713019","pt":1723058750301,"mc":[{"id":"1.231432692","rc":[{"ltp":6.2,"id":26354928},{"ltp":1.19,"id":26354925}]}]}
{"op":"mcm","clk":"11800720238","pt":1723058810349,"mc":[{"id":"1.231432692","rc":[{"ltp":9.4,"id":26354928},{"ltp":1.12,"id":26354925}]}]}
{"op":"mcm","clk":"11800727544","pt":1723058870313,"mc":[{"id":"1.231432692","rc":[{"ltp":9.2,"id":26354928}]}]}
{"op":"mcm","clk":"11800742235","pt":1723058990293,"mc":[{"id":"1.231432692","rc":[{"ltp":15.0,"id":26354928},{"ltp":1.07,"id":26354925}]}]}
{"op":"mcm","clk":"11800749698","pt":1723059050224,"mc":[{"id":"1.231432692","rc":[{"ltp":14.5,"id":26354928}]}]}
{"op":"mcm","clk":"11800756972","pt":1723059110361,"mc":[{"id":"1.231432692","rc":[{"ltp":13.5,"id":26354928},{"ltp":1.08,"id":26354925}]}]}
{"op":"mcm","clk":"11800764255","pt":1723059170350,"mc":[{"id":"1.231432692","rc":[{"ltp":15.0,"id":26354928}]}]}
{"op":"mcm","clk":"11800772107","pt":1723059230309,"mc":[{"id":"1.231432692","rc":[{"ltp":12.0,"id":26354928},{"ltp":1.1,"id":26354925}]}]}
{"op":"mcm","clk":"11800779692","pt":1723059290280,"mc":[{"id":"1.231432692","rc":[{"ltp":1.09,"id":26354925}]}]}
{"op":"mcm","clk":"11800787202","pt":1723059350222,"mc":[{"id":"1.231432692","rc":[{"ltp":1.08,"id":26354925}]}]}
{"op":"mcm","clk":"11800794821","pt":1723059410351,"mc":[{"id":"1.231432692","rc":[{"ltp":8.6,"id":26354928},{"ltp":1.13,"id":26354925}]}]}
{"op":"mcm","clk":"11800802736","pt":1723059470337,"mc":[{"id":"1.231432692","rc":[{"ltp":7.6,"id":26354928},{"ltp":1.14,"id":26354925}]}]}
{"op":"mcm","clk":"11800810885","pt":1723059530289,"mc":[{"id":"1.231432692","rc":[{"ltp":5.1,"id":26354928},{"ltp":1.22,"id":26354925}]}]}
{"op":"mcm","clk":"11800819415","pt":1723059590377,"mc":[{"id":"1.231432692","rc":[{"ltp":5.3,"id":26354928},{"ltp":1.23,"id":26354925}]}]}
{"op":"mcm","clk":"11800827187","pt":1723059650312,"mc":[{"id":"1.231432692","rc":[{"ltp":3.75,"id":26354928},{"ltp":1.37,"id":26354925}]}]}
{"op":"mcm","clk":"11800834956","pt":1723059710369,"mc":[{"id":"1.231432692","rc":[{"ltp":3.7,"id":26354928}]}]}
{"op":"mcm","clk":"11800841971","pt":1723059770366,"mc":[{"id":"1.231432692","rc":[{"ltp":3.75,"id":26354928},{"ltp":1.36,"id":26354925}]}]}
{"op":"mcm","clk":"11800857958","pt":1723059830343,"mc":[{"id":"1.231432692","rc":[{"ltp":3.4,"id":26354928},{"ltp":1.41,"id":26354925}]}]}
{"op":"mcm","clk":"11800865166","pt":1723059890280,"mc":[{"id":"1.231432692","rc":[{"ltp":3.85,"id":26354928},{"ltp":1.36,"id":26354925}]}]}
{"op":"mcm","clk":"11800872594","pt":1723059950366,"mc":[{"id":"1.231432692","rc":[{"ltp":4.2,"id":26354928},{"ltp":1.32,"id":26354925}]}]}
{"op":"mcm","clk":"11800879729","pt":1723060010321,"mc":[{"id":"1.231432692","rc":[{"ltp":3.25,"id":26354928},{"ltp":1.45,"id":26354925}]}]}
{"op":"mcm","clk":"11800886404","pt":1723060070304,"mc":[{"id":"1.231432692","rc":[{"ltp":3.1,"id":26354928},{"ltp":1.47,"id":26354925}]}]}
{"op":"mcm","clk":"11800893224","pt":1723060130356,"mc":[{"id":"1.231432692","rc":[{"ltp":3.05,"id":26354928}]}]}
{"op":"mcm","clk":"11800899813","pt":1723060190344,"mc":[{"id":"1.231432692","rc":[{"ltp":3.2,"id":26354928},{"ltp":1.45,"id":26354925}]}]}
{"op":"mcm","clk":"11800906158","pt":1723060250314,"mc":[{"id":"1.231432692","rc":[{"ltp":3.55,"id":26354928},{"ltp":1.39,"id":26354925}]}]}
{"op":"mcm","clk":"11800912587","pt":1723060310335,"mc":[{"id":"1.231432692","rc":[{"ltp":3.1,"id":26354928},{"ltp":1.48,"id":26354925}]}]}
{"op":"mcm","clk":"11800918524","pt":1723060370349,"mc":[{"id":"1.231432692","rc":[{"ltp":8.6,"id":26354928},{"ltp":1.11,"id":26354925}]}]}
{"op":"mcm","clk":"11800924731","pt":1723060430327,"mc":[{"id":"1.231432692","rc":[{"ltp":8.8,"id":26354928},{"ltp":1.13,"id":26354925}]}]}
{"op":"mcm","clk":"11800930725","pt":1723060490318,"mc":[{"id":"1.231432692","rc":[{"ltp":7.8,"id":26354928},{"ltp":1.15,"id":26354925}]}]}
{"op":"mcm","clk":"11800936501","pt":1723060550312,"mc":[{"id":"1.231432692","rc":[{"ltp":5.5,"id":26354928},{"ltp":1.21,"id":26354925}]}]}
{"op":"mcm","clk":"11800942006","pt":1723060610266,"mc":[{"id":"1.231432692","rc":[{"ltp":1.22,"id":26354925}]}]}
{"op":"mcm","clk":"11800947487","pt":1723060670184,"mc":[{"id":"1.231432692","rc":[{"ltp":6.4,"id":26354928},{"ltp":1.19,"id":26354925}]}]}
{"op":"mcm","clk":"11800952497","pt":1723060730344,"mc":[{"id":"1.231432692","rc":[{"ltp":6.8,"id":26354928},{"ltp":1.17,"id":26354925}]}]}
{"op":"mcm","clk":"11800957323","pt":1723060790346,"mc":[{"id":"1.231432692","rc":[{"ltp":4.7,"id":26354928},{"ltp":1.26,"id":26354925}]}]}
{"op":"mcm","clk":"11800962744","pt":1723060850322,"mc":[{"id":"1.231432692","rc":[{"ltp":6.2,"id":26354928},{"ltp":1.2,"id":26354925}]}]}
{"op":"mcm","clk":"11800968540","pt":1723060910300,"mc":[{"id":"1.231432692","rc":[{"ltp":5.5,"id":26354928},{"ltp":1.21,"id":26354925}]}]}
{"op":"mcm","clk":"11800974355","pt":1723060970319,"mc":[{"id":"1.231432692","rc":[{"ltp":6.4,"id":26354928},{"ltp":1.18,"id":26354925}]}]}
{"op":"mcm","clk":"11800980084","pt":1723061030184,"mc":[{"id":"1.231432692","rc":[{"ltp":4.8,"id":26354928},{"ltp":1.25,"id":26354925}]}]}
{"op":"mcm","clk":"11800985295","pt":1723061090348,"mc":[{"id":"1.231432692","rc":[{"ltp":6.2,"id":26354928},{"ltp":1.19,"id":26354925}]}]}
{"op":"mcm","clk":"11800990608","pt":1723061150380,"mc":[{"id":"1.231432692","rc":[{"ltp":15.5,"id":26354928},{"ltp":1.07,"id":26354925}]}]}
{"op":"mcm","clk":"11800996517","pt":1723061210330,"mc":[{"id":"1.231432692","rc":[{"ltp":12.0,"id":26354928},{"ltp":1.09,"id":26354925}]}]}
{"op":"mcm","clk":"11801002301","pt":1723061270293,"mc":[{"id":"1.231432692","rc":[{"ltp":10.0,"id":26354928},{"ltp":1.11,"id":26354925}]}]}
{"op":"mcm","clk":"11801008090","pt":1723061330338,"mc":[{"id":"1.231432692","rc":[{"ltp":13.5,"id":26354928},{"ltp":1.08,"id":26354925}]}]}
{"op":"mcm","clk":"11801014072","pt":1723061390333,"mc":[{"id":"1.231432692","rc":[{"ltp":21.0,"id":26354928},{"ltp":1.05,"id":26354925}]}]}
{"op":"mcm","clk":"11801019747","pt":1723061450283,"mc":[{"id":"1.231432692","rc":[{"ltp":7.0,"id":26354928},{"ltp":1.17,"id":26354925}]}]}
{"op":"mcm","clk":"11801025521","pt":1723061510261,"mc":[{"id":"1.231432692","rc":[{"ltp":21.0,"id":26354928},{"ltp":1.05,"id":26354925}]}]}
{"op":"mcm","clk":"11801030702","pt":1723061570287,"mc":[{"id":"1.231432692","rc":[{"ltp":9.0,"id":26354928},{"ltp":1.13,"id":26354925}]}]}
{"op":"mcm","clk":"11801036314","pt":1723061630351,"mc":[{"id":"1.231432692","rc":[{"ltp":6.6,"id":26354928},{"ltp":1.18,"id":26354925}]}]}
{"op":"mcm","clk":"11801041487","pt":1723061690381,"mc":[{"id":"1.231432692","rc":[{"ltp":8.8,"id":26354928},{"ltp":1.12,"id":26354925}]}]}
{"op":"mcm","clk":"11801046538","pt":1723061750259,"mc":[{"id":"1.231432692","rc":[{"ltp":8.2,"id":26354928},{"ltp":1.14,"id":26354925}]}]}
{"op":"mcm","clk":"11801051548","pt":1723061810340,"mc":[{"id":"1.231432692","rc":[{"ltp":11.0,"id":26354928},{"ltp":1.1,"id":26354925}]}]}
{"op":"mcm","clk":"11801055866","pt":1723061870287,"mc":[{"id":"1.231432692","rc":[{"ltp":34.0,"id":26354928},{"ltp":1.03,"id":26354925}]}]}
{"op":"mcm","clk":"11801060441","pt":1723061930303,"mc":[{"id":"1.231432692","rc":[{"ltp":90.0,"id":26354928},{"ltp":1.01,"id":26354925}]}]}
{"op":"mcm","clk":"11801064988","pt":1723061990366,"mc":[{"id":"1.231432692","rc":[{"ltp":260.0,"id":26354928}]}]}
{"op":"mcm","clk":"11801069817","pt":1723062050154,"mc":[{"id":"1.231432692","rc":[{"ltp":1000.0,"id":26354928}]}]}
{"op":"mcm","clk":"11801074352","pt":1723062106261,"mc":[{"id":"1.231432692","marketDefinition":{"bspMarket":false,"turnInPlayEnabled":true,"persistenceEnabled":true,"marketBaseRate":5.0,"eventId":"33467092","eventTypeId":"4","numberOfWinners":1,"bettingType":"ODDS","marketType":"MATCH_ODDS","marketTime":"2024-08-07T17:30:00.000Z","suspendTime":"2024-08-07T17:30:00.000Z","bspReconciled":false,"complete":true,"inPlay":true,"crossMatching":true,"runnersVoidable":false,"numberOfActiveRunners":2,"betDelay":5,"status":"SUSPENDED","runners":[{"status":"ACTIVE","sortPriority":1,"id":26354925,"name":"Trent Rockets"},{"status":"ACTIVE","sortPriority":2,"id":26354928,"name":"London Spirit"}],"regulators":["MR_INT"],"countryCode":"GB","discountAllowed":true,"timezone":"GMT","openDate":"2024-08-07T17:30:00.000Z","version":6061201685,"name":"Match Odds","eventName":"Trent Rockets v London Spirit"}}]}
{"op":"mcm","clk":"11801087406","pt":1723062279617,"mc":[{"id":"1.231432692","marketDefinition":{"bspMarket":false,"turnInPlayEnabled":true,"persistenceEnabled":true,"marketBaseRate":5.0,"eventId":"33467092","eventTypeId":"4","numberOfWinners":1,"bettingType":"ODDS","marketType":"MATCH_ODDS","marketTime":"2024-08-07T17:30:00.000Z","suspendTime":"2024-08-07T17:30:00.000Z","bspReconciled":false,"complete":true,"inPlay":true,"crossMatching":false,"runnersVoidable":false,"numberOfActiveRunners":0,"betDelay":5,"status":"CLOSED","settledTime":"2024-08-07T20:23:16.000Z","runners":[{"status":"WINNER","sortPriority":1,"id":26354925,"name":"Trent Rockets"},{"status":"LOSER","sortPriority":2,"id":26354928,"name":"London Spirit"}],"regulators":["MR_INT"],"countryCode":"GB","discountAllowed":true,"timezone":"GMT","openDate":"2024-08-07T17:30:00.000Z","version":6061204765,"name":"Match Odds","eventName":"Trent Rockets v London Spirit"}}]}
