{"op":"mcm","clk":"11771268263","pt":1722671658584,"mc":[{"id":"1.231395459","marketDefinition":{"bspMarket":false,"turnInPlayEnabled":true,"persistenceEnabled":true,"marketBaseRate":5.0,"eventId":"33464866","eventTypeId":"4","numberOfWinners":1,"bettingType":"ODDS","marketType":"MATCH_ODDS","marketTime":"2024-08-04T20:00:00.000Z","suspendTime":"2024-08-04T20:00:00.000Z","bspReconciled":false,"complete":true,"inPlay":false,"crossMatching":true,"runnersVoidable":false,"numberOfActiveRunners":2,"betDelay":0,"status":"OPEN","runners":[{"status":"ACTIVE","sortPriority":1,"id":19144241,"name":"Montreal Tigers"},{"status":"ACTIVE","sortPriority":2,"id":19144239,"name":"Vancouver Knights"}],"regulators":["MR_INT"],"countryCode":"GB","discountAllowed":true,"timezone":"GMT","openDate":"2024-08-04T20:00:00.000Z","version":6052782594,"name":"Match Odds","eventName":"Montreal Tigers v Vancouver Knights"}}]}
{"op":"mcm","clk":"11778070281","pt":1722727031557,"mc":[{"id":"1.231395459","rc":[{"ltp":1.38,"id":19144241}]}]}
{"op":"mcm","clk":"11779350552","pt":1722740501835,"mc":[{"id":"1.231395459","rc":[{"ltp":1.7,"id":19144241}]}]}
{"op":"mcm","clk":"11780072191","pt":1722756086371,"mc":[{"id":"1.231395459","rc":[{"ltp":2.32,"id":19144239},{"ltp":1.76,"id":19144241}]}]}
{"op":"mcm","clk":"11780081304","pt":1722756394665,"mc":[{"id":"1.231395459","rc":[{"ltp":2.44,"id":19144239},{"ltp":1.7,"id":19144241}]}]}
{"op":"mcm","clk":"11780208121","pt":1722759455412,"mc":[{"id":"1.231395459","rc":[{"ltp":2.36,"id":19144239},{"ltp":1.72,"id":19144241}]}]}
{"op":"mcm","clk":"11781556210","pt":1722773655875,"mc":[{"id":"1.231395459","rc":[{"ltp":2.44,"id":19144239},{"ltp":1.7,"id":19144241}]}]}
{"op":"mcm","clk":"11782088733","pt":1722778055825,"mc":[{"id":"1.231395459","rc":[{"ltp":2.04,"id":19144239},{"ltp":1.97,"id":19144241}]}]}
{"op":"mcm","clk":"11782096276","pt":1722778115600,"mc":[{"id":"1.231395459","rc":[{"ltp":1.95,"id":19144239},{"ltp":2.06,"id":19144241}]}]}
{"op":"mcm","clk":"11782103619","pt":1722778173051,"mc":[{"id":"1.231395459","rc":[{"ltp":2.0,"id":19144239},{"ltp":2.0,"id":19144241}]}]}
{"op":"mcm","clk":"11782111435","pt":1722778231013,"mc":[{"id":"1.231395459","rc":[{"ltp":2.2,"id":19144239},{"ltp":1.85,"id":19144241}]}]}
{"op":"mcm","clk":"11782120131","pt":1722778294610,"mc":[{"id":"1.231395459","rc":[{"ltp":2.1,"id":19144239}]}]}
{"op":"mcm","clk":"11782128511","pt":1722778352021,"mc":[{"id":"1.231395459","rc":[{"ltp":1.9,"id":19144241}]}]}
{"op":"mcm","clk":"11782136997","pt":1722778415805,"mc":[{"id":"1.231395459","rc":[{"ltp":2.16,"id":19144239},{"ltp":1.89,"id":19144241}]}]}
{"op":"mcm","clk":"11782169559","pt":1722778656568,"mc":[{"id":"1.231395459","rc":[{"ltp":2.2,"id":19144239},{"ltp":1.84,"id":19144241}]}]}
{"op":"mcm","clk":"11782177242","pt":1722778709806,"mc":[{"id":"1.231395459","rc":[{"ltp":2.16,"id":19144239},{"ltp":1.87,"id":19144241}]}]}
{"op":"mcm","clk":"11782235796","pt":1722779070507,"mc":[{"id":"1.231395459","rc":[{"ltp":1.84,"id":19144241}]}]}
{"op":"mcm","clk":"11782242687","pt":1722779125108,"mc":[{"id":"1.231395459","rc":[{"ltp":2.18,"id":19144239}]}]}
{"op":"mcm","clk":"11782265400","pt":1722779303545,"mc":[{"id":"1.231395459","rc":[{"ltp":2.16,"id":19144239}]}]}
{"op":"mcm","clk":"11782354509","pt":1722780031958,"mc":[{"id":"1.231395459","rc":[{"ltp":2.2,"id":19144239},{"ltp":1.83,"id":19144241}]}]}
{"op":"mcm","clk":"11782363788","pt":1722780095726,"mc":[{"id":"1.231395459","rc":[{"ltp":2.32,"id":19144239},{"ltp":1.76,"id":19144241}]}]}
{"op":"mcm","clk":"11782372253","pt":1722780155547,"mc":[{"id":"1.231395459","rc":[{"ltp":1.72,"id":19144241}]}]}
{"op":"mcm","clk":"11782380424","pt":1722780213769,"mc":[{"id":"1.231395459","rc":[{"ltp":2.5,"id":19144239},{"ltp":1.67,"id":19144241}]}]}
{"op":"mcm","clk":"11782389125","pt":1722780272940,"mc":[{"id":"1.231395459","rc":[{"ltp":2.48,"id":19144239},{"ltp":1.68,"id":19144241}]}]}
{"op":"mcm","clk":"11782395115","pt":1722780314886,"mc":[{"id":"1.231395459","rc":[{"ltp":2.22,"id":19144239},{"ltp":1.9,"id":19144241}]}]}
{"op":"mcm","clk":"11782406074","pt":1722780395857,"mc":[{"id":"1.231395459","rc":[{"ltp":2.1,"id":19144239},{"ltp":1.92,"id":19144241}]}]}
{"op":"mcm","clk":"11782413744","pt":1722780451482,"mc":[{"id":"1.231395459","rc":[{"ltp":1.87,"id":19144241}]}]}
{"op":"mcm","clk":"11782439037","pt":1722780614178,"mc":[{"id":"1.231395459","rc":[{"ltp":1.86,"id":19144241}]}]}
{"op":"mcm","clk":"11782500963","pt":1722780995184,"mc":[{"id":"1.231395459","rc":[{"ltp":2.12,"id":19144239},{"ltp":1.97,"id":19144241}]}]}
{"op":"mcm","clk":"11782553856","pt":1722781345925,"mc":[{"id":"1.231395459","rc":[{"ltp":2.08,"id":19144239},{"ltp":1.93,"id":19144241}]}]}
{"op":"mcm","clk":"11782561582","pt":1722781396572,"mc":[{"id":"1.231395459","rc":[{"ltp":2.14,"id":19144239},{"ltp":1.88,"id":19144241}]}]}
{"op":"mcm","clk":"11782788950","pt":1722782853202,"mc":[{"id":"1.231395459","rc":[{"ltp":1.87,"id":19144241}]}]}
{"op":"mcm","clk":"11782840471","pt":1722783259572,"mc":[{"id":"1.231395459","rc":[{"ltp":2.2,"id":19144239},{"ltp":1.83,"id":19144241}]}]}
{"op":"mcm","clk":"11782848844","pt":1722783321229,"mc":[{"id":"1.231395459","rc":[{"ltp":1.85,"id":19144241}]}]}
{"op":"mcm","clk":"11782865375","pt":1722783453484,"mc":[{"id":"1.231395459","rc":[{"ltp":1.87,"id":19144241}]}]}
{"op":"mcm","clk":"11783157941","pt":1722785233865,"mc":[{"id":"1.231395459","rc":[{"ltp":1.82,"id":19144241}]}]}
{"op":"mcm","clk":"11783850985","pt":1722789214684,"mc":[{"id":"1.231395459","rc":[{"ltp":1.83,"id":19144241}]}]}
{"op":"mcm","clk":"11783902517","pt":1722789562187,"mc":[{"id":"1.231395459","rc":[{"ltp":1.82,"id":19144241}]}]}
{"op":"mcm","clk":"11783977199","pt":1722789993391,"mc":[{"id":"1.231395459","rc":[{"ltp":1.83,"id":19144241}]}]}
{"op":"mcm","clk":"11784013642","pt":1722790228704,"mc":[{"id":"1.231395459","rc":[{"ltp":2.26,"id":19144239},{"ltp":1.8,"id":19144241}]}]}
{"op":"mcm","clk":"11784046625","pt":1722790450227,"mc":[{"id":"1.231395459","rc":[{"ltp":2.24,"id":19144239},{"ltp":1.81,"id":19144241}]}]}
{"op":"mcm","clk":"11784058000","pt":1722790525015,"mc":[{"id":"1.231395459","rc":[{"ltp":2.22,"id":19144239},{"ltp":1.82,"id":19144241}]}]}
{"op":"mcm","clk":"11784161506","pt":1722791217614,"mc":[{"id":"1.231395459","rc":[{"ltp":2.26,"id":19144239},{"ltp":1.8,"id":19144241}]}]}
{"op":"mcm","clk":"11784248361","pt":1722791736007,"mc":[{"id":"1.231395459","rc":[{"ltp":2.24,"id":19144239},{"ltp":1.81,"id":19144241}]}]}
{"op":"mcm","clk":"11784286902","pt":1722791975823,"mc":[{"id":"1.231395459","rc":[{"ltp":1.83,"id":19144241}]}]}
{"op":"mcm","clk":"11784350233","pt":1722792376326,"mc":[{"id":"1.231395459","rc":[{"ltp":2.2,"id":19144239},{"ltp":1.82,"id":19144241}]}]}
{"op":"mcm","clk":"11784498842","pt":1722793347614,"mc":[{"id":"1.231395459","rc":[{"ltp":2.32,"id":19144239},{"ltp":1.76,"id":19144241}]}]}
{"op":"mcm","clk":"11784511933","pt":1722793433724,"mc":[{"id":"1.231395459","rc":[{"ltp":1.75,"id":19144241}]}]}
{"op":"mcm","clk":"11784520574","pt":1722793490199,"mc":[{"id":"1.231395459","rc":[{"ltp":1.73,"id":19144241}]}]}
{"op":"mcm","clk":"11784553358","pt":1722793710690,"mc":[{"id":"1.231395459","rc":[{"ltp":1.76,"id":19144241}]}]}
{"op":"mcm","clk":"11784560677","pt":1722793767140,"mc":[{"id":"1.231395459","rc":[{"ltp":1.75,"id":19144241}]}]}
{"op":"mcm","clk":"11784575518","pt":1722793886783,"mc":[{"id":"1.231395459","rc":[{"ltp":1.76,"id":19144241}]}]}
{"op":"mcm","clk":"11784583531","pt":1722793953960,"mc":[{"id":"1.231395459","rc":[{"ltp":1.75,"id":19144241}]}]}
{"op":"mcm","clk":"11784588183","pt":1722793992707,"mc":[{"id":"1.231395459","rc":[{"ltp":1.76,"id":19144241}]}]}
{"op":"mcm","clk":"11784596101","pt":1722794060823,"mc":[{"id":"1.231395459","rc":[{"ltp":1.74,"id":19144241}]}]}
{"op":"mcm","clk":"11784600156","pt":1722794098435,"mc":[{"id":"1.231395459","rc":[{"ltp":1.72,"id":19144241}]}]}
{"op":"mcm","clk":"11784618972","pt":1722794256128,"mc":[{"id":"1.231395459","rc":[{"ltp":2.4,"id":19144239}]}]}
{"op":"mcm","clk":"11784621913","pt":1722794279859,"mc":[{"id":"1.231395459","rc":[{"ltp":1.71,"id":19144241}]}]}
{"op":"mcm","clk":"11784633622","pt":1722794376537,"mc":[{"id":"1.231395459","rc":[{"ltp":2.38,"id":19144239},{"ltp":1.72,"id":19144241}]}]}
{"op":"mcm","clk":"11784641237","pt":1722794435724,"mc":[{"id":"1.231395459","rc":[{"ltp":2.36,"id":19144239},{"ltp":1.73,"id":19144241}]}]}
{"op":"mcm","clk":"11784647197","pt":1722794485143,"mc":[{"id":"1.231395459","rc":[{"ltp":2.38,"id":19144239}]}]}
{"op":"mcm","clk":"11784656315","pt":1722794551472,"mc":[{"id":"1.231395459","rc":[{"ltp":1.72,"id":19144241}]}]}
{"op":"mcm","clk":"11784673960","pt":1722794674496,"mc":[{"id":"1.231395459","rc":[{"ltp":2.4,"id":19144239},{"ltp":1.71,"id":19144241}]}]}
{"op":"mcm","clk":"11784680836","pt":1722794719951,"mc":[{"id":"1.231395459","rc":[{"ltp":2.42,"id":19144239}]}]}
{"op":"mcm","clk":"11784708780","pt":1722794902123,"mc":[{"id":"1.231395459","rc":[{"ltp":2.4,"id":19144239}]}]}
{"op":"mcm","clk":"11784716936","pt":1722794953473,"mc":[{"id":"1.231395459","rc":[{"ltp":1.72,"id":19144241}]}]}
{"op":"mcm","clk":"11784722633","pt":1722794990127,"mc":[{"id":"1.231395459","rc":[{"ltp":1.71,"id":19144241}]}]}
{"op":"mcm","clk":"11784841454","pt":1722795684565,"mc":[{"id":"1.231395459","rc":[{"ltp":2.38,"id":19144239},{"ltp":1.72,"id":19144241}]}]}
{"op":"mcm","clk":"11784848631","pt":1722795727387,"mc":[{"id":"1.231395459","rc":[{"ltp":2.4,"id":19144239},{"ltp":1.71,"id":19144241}]}]}
{"op":"mcm","clk":"11784857631","pt":1722795789655,"mc":[{"id":"1.231395459","rc":[{"ltp":1.72,"id":19144241}]}]}
{"op":"mcm","clk":"11784884769","pt":1722795976340,"mc":[{"id":"1.231395459","rc":[{"ltp":2.38,"id":19144239}]}]}
{"op":"mcm","clk":"11784904267","pt":1722796110856,"mc":[{"id":"1.231395459","rc":[{"ltp":2.5,"id":19144239},{"ltp":1.66,"id":19144241}]}]}
{"op":"mcm","clk":"11784913939","pt":1722796175597,"mc":[{"id":"1.231395459","rc":[{"ltp":1.64,"id":19144241}]}]}
{"op":"mcm","clk":"11784927570","pt":1722796264969,"mc":[{"id":"1.231395459","rc":[{"ltp":2.44,"id":19144239}]}]}
{"op":"mcm","clk":"11784941536","pt":1722796352974,"mc":[{"id":"1.231395459","rc":[{"ltp":1.68,"id":19144241}]}]}
{"op":"mcm","clk":"11784948646","pt":1722796398220,"mc":[{"id":"1.231395459","rc":[{"ltp":1.69,"id":19144241}]}]}
{"op":"mcm","clk":"11784960491","pt":1722796470760,"mc":[{"id":"1.231395459","rc":[{"ltp":1.64,"id":19144241}]}]}
{"op":"mcm","clk":"11784982684","pt":1722796595408,"mc":[{"id":"1.231395459","rc":[{"ltp":1.7,"id":19144241}]}]}
{"op":"mcm","clk":"11784993410","pt":1722796654840,"mc":[{"id":"1.231395459","rc":[{"ltp":2.42,"id":19144239}]}]}
{"op":"mcm","clk":"11785002684","pt":1722796709001,"mc":[{"id":"1.231395459","rc":[{"ltp":2.58,"id":19144239},{"ltp":1.64,"id":19144241}]}]}
{"op":"mcm","clk":"11785011962","pt":1722796763175,"mc":[{"id":"1.231395459","rc":[{"ltp":2.6,"id":19144239},{"ltp":1.63,"id":19144241}]}]}
{"op":"mcm","clk":"11785040655","pt":1722796950648,"mc":[{"id":"1.231395459","rc":[{"ltp":2.62,"id":19144239},{"ltp":1.64,"id":19144241}]}]}
{"op":"mcm","clk":"11785077961","pt":1722797196007,"mc":[{"id":"1.231395459","rc":[{"ltp":2.66,"id":19144239},{"ltp":1.61,"id":19144241}]}]}
{"op":"mcm","clk":"11785095755","pt":1722797316454,"mc":[{"id":"1.231395459","rc":[{"ltp":2.64,"id":19144239}]}]}
{"op":"mcm","clk":"11785113347","pt":1722797435569,"mc":[{"id":"1.231395459","rc":[{"ltp":2.62,"id":19144239},{"ltp":1.62,"id":19144241}]}]}
{"op":"mcm","clk":"11785121819","pt":1722797492009,"mc":[{"id":"1.231395459","rc":[{"ltp":2.6,"id":19144239},{"ltp":1.63,"id":19144241}]}]}
{"op":"mcm","clk":"11785130102","pt":1722797546950,"mc":[{"id":"1.231395459","rc":[{"ltp":1.64,"id":19144241}]}]}
{"op":"mcm","clk":"11785140035","pt":1722797614838,"mc":[{"id":"1.231395459","rc":[{"ltp":2.36,"id":19144239},{"ltp":1.74,"id":19144241}]}]}
{"op":"mcm","clk":"11785147183","pt":1722797667950,"mc":[{"id":"1.231395459","rc":[{"ltp":2.38,"id":19144239}]}]}
{"op":"mcm","clk":"11785172802","pt":1722797856192,"mc":[{"id":"1.231395459","rc":[{"ltp":1.71,"id":19144241}]}]}
{"op":"mcm","clk":"11785204142","pt":1722798096557,"mc":[{"id":"1.231395459","rc":[{"ltp":2.34,"id":19144239},{"ltp":1.75,"id":19144241}]}]}
{"op":"mcm","clk":"11785279741","pt":1722798556855,"mc":[{"id":"1.231395459","rc":[{"ltp":2.48,"id":19144239},{"ltp":1.68,"id":19144241}]}]}
{"op":"mcm","clk":"11785313264","pt":1722798739167,"mc":[{"id":"1.231395459","rc":[{"ltp":2.44,"id":19144239}]}]}
{"op":"mcm","clk":"11785349936","pt":1722798967614,"mc":[{"id":"1.231395459","rc":[{"ltp":2.42,"id":19144239}]}]}
{"op":"mcm","clk":"11785362818","pt":1722799051123,"mc":[{"id":"1.231395459","rc":[{"ltp":1.7,"id":19144241}]}]}
{"op":"mcm","clk":"11785393214","pt":1722799236415,"mc":[{"id":"1.231395459","rc":[{"ltp":1.67,"id":19144241}]}]}
{"op":"mcm","clk":"11785422070","pt":1722799415864,"mc":[{"id":"1.231395459","rc":[{"ltp":2.5,"id":19144239}]}]}
{"op":"mcm","clk":"11785431425","pt":1722799476081,"mc":[{"id":"1.231395459","rc":[{"ltp":2.42,"id":19144239},{"ltp":1.7,"id":19144241}]}]}
{"op":"mcm","clk":"11785440951","pt":1722799536437,"mc":[{"id":"1.231395459","rc":[{"ltp":2.4,"id":19144239},{"ltp":1.68,"id":19144241}]}]}
{"op":"mcm","clk":"11785449243","pt":1722799586313,"mc":[{"id":"1.231395459","rc":[{"ltp":2.44,"id":19144239},{"ltp":1.7,"id":19144241}]}]}
{"op":"mcm","clk":"11785460043","pt":1722799650875,"mc":[{"id":"1.231395459","rc":[{"ltp":2.42,"id":19144239}]}]}
{"op":"mcm","clk":"11785468829","pt":1722799702066,"mc":[{"id":"1.231395459","rc":[{"ltp":2.36,"id":19144239},{"ltp":1.71,"id":19144241}]}]}
{"op":"mcm","clk":"11785479593","pt":1722799765963,"mc":[{"id":"1.231395459","rc":[{"ltp":1.75,"id":19144241}]}]}
{"op":"mcm","clk":"11785490861","pt":1722799833631,"mc":[{"id":"1.231395459","rc":[{"ltp":2.42,"id":19144239},{"ltp":1.7,"id":19144241}]}]}
{"op":"mcm","clk":"11785500825","pt":1722799896482,"mc":[{"id":"1.231395459","rc":[{"ltp":2.36,"id":19144239},{"ltp":1.74,"id":19144241}]}]}
{"op":"mcm","clk":"11785510940","pt":1722799956480,"mc":[{"id":"1.231395459","rc":[{"ltp":1.73,"id":19144241}]}]}
{"op":"mcm","clk":"11785518923","pt":1722800006990,"mc":[{"id":"1.231395459","rc":[{"ltp":1.72,"id":19144241}]}]}
{"op":"mcm","clk":"11785528827","pt":1722800072625,"mc":[{"id":"1.231395459","rc":[{"ltp":1.74,"id":19144241}]}]}
{"op":"mcm","clk":"11785539149","pt":1722800136293,"mc":[{"id":"1.231395459","rc":[{"ltp":2.08,"id":19144239},{"ltp":1.88,"id":19144241}]}]}
{"op":"mcm","clk":"11785548704","pt":1722800195444,"mc":[{"id":"1.231395459","rc":[{"ltp":2.26,"id":19144239},{"ltp":1.81,"id":19144241}]}]}
{"op":"mcm","clk":"11785557108","pt":1722800247994,"mc":[{"id":"1.231395459","rc":[{"ltp":2.2,"id":19144239},{"ltp":1.82,"id":19144241}]}]}
{"op":"mcm","clk":"11785578054","pt":1722800375255,"mc":[{"id":"1.231395459","rc":[{"ltp":1.81,"id":19144241}]}]}
{"op":"mcm","clk":"11785588058","pt":1722800436231,"mc":[{"id":"1.231395459","rc":[{"ltp":1.84,"id":19144241}]}]}
{"op":"mcm","clk":"11785597383","pt":1722800494875,"mc":[{"id":"1.231395459","rc":[{"ltp":2.24,"id":19144239},{"ltp":1.8,"id":19144241}]}]}
{"op":"mcm","clk":"11785606042","pt":1722800549739,"mc":[{"id":"1.231395459","rc":[{"ltp":2.26,"id":19144239},{"ltp":1.79,"id":19144241}]}]}
{"op":"mcm","clk":"11785623588","pt":1722800613182,"mc":[{"id":"1.231395459","rc":[{"ltp":2.28,"id":19144239},{"ltp":1.77,"id":19144241}]}]}
{"op":"mcm","clk":"11785633127","pt":1722800668451,"mc":[{"id":"1.231395459","rc":[{"ltp":2.3,"id":19144239},{"ltp":1.76,"id":19144241}]}]}
{"op":"mcm","clk":"11785644761","pt":1722800736138,"mc":[{"id":"1.231395459","rc":[{"ltp":1.75,"id":19144241}]}]}
{"op":"mcm","clk":"11785653974","pt":1722800793487,"mc":[{"id":"1.231395459","rc":[{"ltp":2.32,"id":19144239},{"ltp":1.74,"id":19144241}]}]}
{"op":"mcm","clk":"11785662734","pt":1722800855657,"mc":[{"id":"1.231395459","rc":[{"ltp":2.4,"id":19144239},{"ltp":1.7,"id":19144241}]}]}
{"op":"mcm","clk":"11785671605","pt":1722800916176,"mc":[{"id":"1.231395459","rc":[{"ltp":2.36,"id":19144239},{"ltp":1.73,"id":19144241}]}]}
{"op":"mcm","clk":"11785679904","pt":1722800976303,"mc":[{"id":"1.231395459","rc":[{"ltp":2.38,"id":19144239},{"ltp":1.71,"id":19144241}]}]}
{"op":"mcm","clk":"11785687499","pt":1722801034856,"mc":[{"id":"1.231395459","rc":[{"ltp":2.32,"id":19144239},{"ltp":1.76,"id":19144241}]}]}
{"op":"mcm","clk":"11785694903","pt":1722801093629,"mc":[{"id":"1.231395459","rc":[{"ltp":2.38,"id":19144239},{"ltp":1.73,"id":19144241}]}]}
{"op":"mcm","clk":"11785703374","pt":1722801153765,"mc":[{"id":"1.231395459","rc":[{"ltp":2.4,"id":19144239},{"ltp":1.66,"id":19144241}]}]}
{"op":"mcm","clk":"11785711010","pt":1722801213305,"mc":[{"id":"1.231395459","rc":[{"ltp":2.48,"id":19144239},{"ltp":1.67,"id":19144241}]}]}
{"op":"mcm","clk":"11785718430","pt":1722801276477,"mc":[{"id":"1.231395459","rc":[{"ltp":2.5,"id":19144239},{"ltp":1.66,"id":19144241}]}]}
{"op":"mcm","clk":"11785725013","pt":1722801336207,"mc":[{"id":"1.231395459","rc":[{"ltp":2.44,"id":19144239},{"ltp":1.68,"id":19144241}]}]}
{"op":"mcm","clk":"11785731372","pt":1722801395213,"mc":[{"id":"1.231395459","rc":[{"ltp":2.42,"id":19144239},{"ltp":1.69,"id":19144241}]}]}
{"op":"mcm","clk":"11785738356","pt":1722801456208,"mc":[{"id":"1.231395459","rc":[{"ltp":2.4,"id":19144239},{"ltp":1.72,"id":19144241}]}]}
{"op":"mcm","clk":"11785744853","pt":1722801515531,"mc":[{"id":"1.231395459","rc":[{"ltp":2.34,"id":19144239},{"ltp":1.74,"id":19144241}]}]}
{"op":"mcm","clk":"11785751871","pt":1722801575799,"mc":[{"id":"1.231395459","rc":[{"ltp":2.38,"id":19144239},{"ltp":1.71,"id":19144241}]}]}
{"op":"mcm","clk":"11785759257","pt":1722801636545,"mc":[{"id":"1.231395459","marketDefinition":{"bspMarket":false,"turnInPlayEnabled":true,"persistenceEnabled":true,"marketBaseRate":5.0,"eventId":"33464866","eventTypeId":"4","numberOfWinners":1,"bettingType":"ODDS","marketType":"MATCH_ODDS","marketTime":"2024-08-04T20:00:00.000Z","suspendTime":"2024-08-04T20:00:00.000Z","bspReconciled":false,"complete":true,"inPlay":true,"crossMatching":true,"runnersVoidable":false,"numberOfActiveRunners":2,"betDelay":5,"status":"OPEN","runners":[{"status":"ACTIVE","sortPriority":1,"id":19144241,"name":"Montreal Tigers"},{"status":"ACTIVE","sortPriority":2,"id":19144239,"name":"Vancouver Knights"}],"regulators":["MR_INT"],"countryCode":"GB","discountAllowed":true,"timezone":"GMT","openDate":"2024-08-04T20:00:00.000Z","version":6057729669,"name":"Match Odds","eventName":"Montreal Tigers v Vancouver Knights"},"rc":[{"ltp":2.42,"id":19144239},{"ltp":1.69,"id":19144241}]}]}
{"op":"mcm","clk":"11785766708","pt":1722801696393,"mc":[{"id":"1.231395459","rc":[{"ltp":2.16,"id":19144239},{"ltp":1.85,"id":19144241}]}]}
{"op":"mcm","clk":"11785773511","pt":1722801756480,"mc":[{"id":"1.231395459","rc":[{"ltp":2.28,"id":19144239},{"ltp":1.81,"id":19144241}]}]}
{"op":"mcm","clk":"11785780337","pt":1722801816521,"mc":[{"id":"1.231395459","rc":[{"ltp":2.56,"id":19144239},{"ltp":1.64,"id":19144241}]}]}
{"op":"mcm","clk":"11785788085","pt":1722801876560,"mc":[{"id":"1.231395459","rc":[{"ltp":2.58,"id":19144239},{"ltp":1.63,"id":19144241}]}]}
{"op":"mcm","clk":"11785795507","pt":1722801936514,"mc":[{"id":"1.231395459","rc":[{"ltp":2.52,"id":19144239},{"ltp":1.65,"id":19144241}]}]}
{"op":"mcm","clk":"11785803909","pt":1722801996512,"mc":[{"id":"1.231395459","rc":[{"ltp":2.58,"id":19144239},{"ltp":1.64,"id":19144241}]}]}
{"op":"mcm","clk":"11785821225","pt":1722802116521,"mc":[{"id":"1.231395459","rc":[{"ltp":2.74,"id":19144239},{"ltp":1.57,"id":19144241}]}]}
{"op":"mcm","clk":"11785829930","pt":1722802176470,"mc":[{"id":"1.231395459","rc":[{"ltp":2.56,"id":19144239},{"ltp":1.64,"id":19144241}]}]}
{"op":"mcm","clk":"11785838877","pt":1722802236574,"mc":[{"id":"1.231395459","rc":[{"ltp":2.46,"id":19144239},{"ltp":1.69,"id":19144241}]}]}
{"op":"mcm","clk":"11785847735","pt":1722802296551,"mc":[{"id":"1.231395459","rc":[{"ltp":2.06,"id":19144239},{"ltp":1.95,"id":19144241}]}]}
{"op":"mcm","clk":"11785857295","pt":1722802356569,"mc":[{"id":"1.231395459","rc":[{"ltp":2.04,"id":19144239},{"ltp":1.94,"id":19144241}]}]}
{"op":"mcm","clk":"11785866592","pt":1722802416570,"mc":[{"id":"1.231395459","rc":[{"ltp":1.76,"id":19144239},{"ltp":2.3,"id":19144241}]}]}
{"op":"mcm","clk":"11785876502","pt":1722802476448,"mc":[{"id":"1.231395459","rc":[{"ltp":1.71,"id":19144239},{"ltp":2.38,"id":19144241}]}]}
{"op":"mcm","clk":"11785886454","pt":1722802536559,"mc":[{"id":"1.231395459","rc":[{"ltp":1.95,"id":19144239},{"ltp":2.1,"id":19144241}]}]}
{"op":"mcm","clk":"11785896088","pt":1722802596503,"mc":[{"id":"1.231395459","rc":[{"ltp":1.9,"id":19144239}]}]}
{"op":"mcm","clk":"11785905479","pt":1722802656485,"mc":[{"id":"1.231395459","rc":[{"ltp":1.88,"id":19144239},{"ltp":2.12,"id":19144241}]}]}
{"op":"mcm","clk":"11785915013","pt":1722802716528,"mc":[{"id":"1.231395459","rc":[{"ltp":1.87,"id":19144239},{"ltp":2.16,"id":19144241}]}]}
{"op":"mcm","clk":"11785924463","pt":1722802776541,"mc":[{"id":"1.231395459","rc":[{"ltp":1.62,"id":19144239},{"ltp":2.6,"id":19144241}]}]}
{"op":"mcm","clk":"11785933522","pt":1722802836253,"mc":[{"id":"1.231395459","rc":[{"ltp":1.56,"id":19144239},{"ltp":2.78,"id":19144241}]}]}
{"op":"mcm","clk":"11785942956","pt":1722802896499,"mc":[{"id":"1.231395459","rc":[{"ltp":1.49,"id":19144239},{"ltp":3.05,"id":19144241}]}]}
{"op":"mcm","clk":"11785952586","pt":1722802956480,"mc":[{"id":"1.231395459","rc":[{"ltp":1.56,"id":19144239},{"ltp":2.78,"id":19144241}]}]}
{"op":"mcm","clk":"11785969840","pt":1722803076541,"mc":[{"id":"1.231395459","rc":[{"ltp":1.4,"id":19144239},{"ltp":3.5,"id":19144241}]}]}
{"op":"mcm","clk":"11785978711","pt":1722803136252,"mc":[{"id":"1.231395459","rc":[{"ltp":3.4,"id":19144241}]}]}
{"op":"mcm","clk":"11785987178","pt":1722803196468,"mc":[{"id":"1.231395459","rc":[{"ltp":1.44,"id":19144239}]}]}
{"op":"mcm","clk":"11785995771","pt":1722803256547,"mc":[{"id":"1.231395459","rc":[{"ltp":1.46,"id":19144239},{"ltp":3.2,"id":19144241}]}]}
{"op":"mcm","clk":"11786004627","pt":1722803316535,"mc":[{"id":"1.231395459","rc":[{"ltp":3.15,"id":19144241}]}]}
{"op":"mcm","clk":"11786013164","pt":1722803376561,"mc":[{"id":"1.231395459","rc":[{"ltp":1.42,"id":19144239},{"ltp":3.3,"id":19144241}]}]}
{"op":"mcm","clk":"11786021981","pt":1722803436548,"mc":[{"id":"1.231395459","rc":[{"ltp":1.49,"id":19144239},{"ltp":3.2,"id":19144241}]}]}
{"op":"mcm","clk":"11786031184","pt":1722803496517,"mc":[{"id":"1.231395459","rc":[{"ltp":1.47,"id":19144239},{"ltp":3.1,"id":19144241}]}]}
{"op":"mcm","clk":"11786040562","pt":1722803556533,"mc":[{"id":"1.231395459","rc":[{"ltp":1.43,"id":19144239},{"ltp":3.4,"id":19144241}]}]}
{"op":"mcm","clk":"11786049468","pt":1722803616479,"mc":[{"id":"1.231395459","rc":[{"ltp":1.46,"id":19144239},{"ltp":3.2,"id":19144241}]}]}
{"op":"mcm","clk":"11786057816","pt":1722803676451,"mc":[{"id":"1.231395459","rc":[{"ltp":1.69,"id":19144239},{"ltp":2.5,"id":19144241}]}]}
{"op":"mcm","clk":"11786066566","pt":1722803736515,"mc":[{"id":"1.231395459","rc":[{"ltp":1.77,"id":19144239},{"ltp":2.32,"id":19144241}]}]}
{"op":"mcm","clk":"11786075673","pt":1722803796287,"mc":[{"id":"1.231395459","rc":[{"ltp":1.75,"id":19144239},{"ltp":2.36,"id":19144241}]}]}
{"op":"mcm","clk":"11786084822","pt":1722803856513,"mc":[{"id":"1.231395459","rc":[{"ltp":1.77,"id":19144239},{"ltp":2.3,"id":19144241}]}]}
{"op":"mcm","clk":"11786093598","pt":1722803916104,"mc":[{"id":"1.231395459","rc":[{"ltp":2.28,"id":19144241}]}]}
{"op":"mcm","clk":"11786102221","pt":1722803976555,"mc":[{"id":"1.231395459","rc":[{"ltp":1.79,"id":19144239},{"ltp":2.2,"id":19144241}]}]}
{"op":"mcm","clk":"11786110546","pt":1722804036516,"mc":[{"id":"1.231395459","rc":[{"ltp":1.8,"id":19144239},{"ltp":2.24,"id":19144241}]}]}
{"op":"mcm","clk":"11786118614","pt":1722804096389,"mc":[{"id":"1.231395459","rc":[{"ltp":1.75,"id":19144239},{"ltp":2.28,"id":19144241}]}]}
{"op":"mcm","clk":"11786126780","pt":1722804156528,"mc":[{"id":"1.231395459","rc":[{"ltp":1.65,"id":19144239},{"ltp":2.52,"id":19144241}]}]}
{"op":"mcm","clk":"11786134680","pt":1722804216522,"mc":[{"id":"1.231395459","rc":[{"ltp":1.4,"id":19144239},{"ltp":3.55,"id":19144241}]}]}
{"op":"mcm","clk":"11786142553","pt":1722804276511,"mc":[{"id":"1.231395459","rc":[{"ltp":1.44,"id":19144239},{"ltp":3.2,"id":19144241}]}]}
{"op":"mcm","clk":"11786149936","pt":1722804336471,"mc":[{"id":"1.231395459","rc":[{"ltp":3.25,"id":19144241}]}]}
{"op":"mcm","clk":"11786157155","pt":1722804396447,"mc":[{"id":"1.231395459","rc":[{"ltp":1.45,"id":19144239}]}]}
{"op":"mcm","clk":"11786163886","pt":1722804456401,"mc":[{"id":"1.231395459","rc":[{"ltp":1.44,"id":19144239},{"ltp":3.3,"id":19144241}]}]}
{"op":"mcm","clk":"11786170077","pt":1722804516575,"mc":[{"id":"1.231395459","rc":[{"ltp":1.51,"id":19144239},{"ltp":3.0,"id":19144241}]}]}
{"op":"mcm","clk":"11786176713","pt":1722804576130,"mc":[{"id":"1.231395459","rc":[{"ltp":1.52,"id":19144239},{"ltp":2.86,"id":19144241}]}]}
{"op":"mcm","clk":"11786183193","pt":1722804636264,"mc":[{"id":"1.231395459","rc":[{"ltp":1.47,"id":19144239},{"ltp":3.1,"id":19144241}]}]}
{"op":"mcm","clk":"11786189765","pt":1722804696571,"mc":[{"id":"1.231395459","rc":[{"ltp":1.5,"id":19144239},{"ltp":3.0,"id":19144241}]}]}
{"op":"mcm","clk":"11786195984","pt":1722804756498,"mc":[{"id":"1.231395459","rc":[{"ltp":1.51,"id":19144239},{"ltp":2.92,"id":19144241}]}]}
{"op":"mcm","clk":"11786211494","pt":1722804936557,"mc":[{"id":"1.231395459","rc":[{"ltp":2.98,"id":19144241}]}]}
{"op":"mcm","clk":"11786216226","pt":1722804996240,"mc":[{"id":"1.231395459","rc":[{"ltp":1.47,"id":19144239},{"ltp":3.1,"id":19144241}]}]}
{"op":"mcm","clk":"11786221495","pt":1722805056496,"mc":[{"id":"1.231395459","rc":[{"ltp":1.28,"id":19144239},{"ltp":4.3,"id":19144241}]}]}
{"op":"mcm","clk":"11786226449","pt":1722805116339,"mc":[{"id":"1.231395459","rc":[{"ltp":1.25,"id":19144239},{"ltp":5.0,"id":19144241}]}]}
{"op":"mcm","clk":"11786239614","pt":1722805296364,"mc":[{"id":"1.231395459","rc":[{"ltp":1.24,"id":19144239},{"ltp":5.1,"id":19144241}]}]}
{"op":"mcm","clk":"11786248194","pt":1722805415801,"mc":[{"id":"1.231395459","rc":[{"ltp":1.23,"id":19144239}]}]}
{"op":"mcm","clk":"11786252240","pt":1722805476368,"mc":[{"id":"1.231395459","rc":[{"ltp":1.29,"id":19144239},{"ltp":4.6,"id":19144241}]}]}
{"op":"mcm","clk":"11786256719","pt":1722805536526,"mc":[{"id":"1.231395459","rc":[{"ltp":1.16,"id":19144239},{"ltp":6.8,"id":19144241}]}]}
{"op":"mcm","clk":"11786261176","pt":1722805596520,"mc":[{"id":"1.231395459","rc":[{"ltp":1.19,"id":19144239},{"ltp":6.0,"id":19144241}]}]}
{"op":"mcm","clk":"11786266142","pt":1722805656550,"mc":[{"id":"1.231395459","rc":[{"ltp":1.2,"id":19144239},{"ltp":6.2,"id":19144241}]}]}
{"op":"mcm","clk":"11786270592","pt":1722805716514,"mc":[{"id":"1.231395459","rc":[{"ltp":1.22,"id":19144239},{"ltp":5.3,"id":19144241}]}]}
{"op":"mcm","clk":"11786274920","pt":1722805776191,"mc":[{"id":"1.231395459","rc":[{"ltp":1.24,"id":19144239},{"ltp":5.2,"id":19144241}]}]}
{"op":"mcm","clk":"11786283735","pt":1722805896575,"mc":[{"id":"1.231395459","rc":[{"ltp":1.29,"id":19144239},{"ltp":4.5,"id":19144241}]}]}
{"op":"mcm","clk":"11786288434","pt":1722805956478,"mc":[{"id":"1.231395459","rc":[{"ltp":1.36,"id":19144239},{"ltp":3.75,"id":19144241}]}]}
{"op":"mcm","clk":"11786299503","pt":1722806016320,"mc":[{"id":"1.231395459","rc":[{"ltp":1.34,"id":19144239},{"ltp":3.8,"id":19144241}]}]}
{"op":"mcm","clk":"11786303981","pt":1722806075981,"mc":[{"id":"1.231395459","rc":[{"ltp":1.35,"id":19144239}]}]}
{"op":"mcm","clk":"11786308772","pt":1722806136476,"mc":[{"id":"1.231395459","rc":[{"ltp":3.85,"id":19144241}]}]}
{"op":"mcm","clk":"11786313698","pt":1722806196533,"mc":[{"id":"1.231395459","rc":[{"ltp":1.33,"id":19144239},{"ltp":4.0,"id":19144241}]}]}
{"op":"mcm","clk":"11786317979","pt":1722806256276,"mc":[{"id":"1.231395459","rc":[{"ltp":1.34,"id":19144239},{"ltp":3.95,"id":19144241}]}]}
{"op":"mcm","clk":"11786322403","pt":1722806316447,"mc":[{"id":"1.231395459","rc":[{"ltp":1.32,"id":19144239},{"ltp":4.1,"id":19144241}]}]}
{"op":"mcm","clk":"11786327105","pt":1722806376503,"mc":[{"id":"1.231395459","rc":[{"ltp":1.35,"id":19144239},{"ltp":3.75,"id":19144241}]}]}
{"op":"mcm","clk":"11786331842","pt":1722806436484,"mc":[{"id":"1.231395459","rc":[{"ltp":1.43,"id":19144239},{"ltp":3.3,"id":19144241}]}]}
{"op":"mcm","clk":"11786336646","pt":1722806496480,"mc":[{"id":"1.231395459","rc":[{"ltp":1.46,"id":19144239},{"ltp":3.15,"id":19144241}]}]}
{"op":"mcm","clk":"11786341647","pt":1722806556453,"mc":[{"id":"1.231395459","rc":[{"ltp":1.33,"id":19144239},{"ltp":4.0,"id":19144241}]}]}
{"op":"mcm","clk":"11786345797","pt":1722806616540,"mc":[{"id":"1.231395459","rc":[{"ltp":1.28,"id":19144239},{"ltp":4.4,"id":19144241}]}]}
{"op":"mcm","clk":"11786350037","pt":1722806676217,"mc":[{"id":"1.231395459","rc":[{"ltp":1.27,"id":19144239},{"ltp":4.7,"id":19144241}]}]}
{"op":"mcm","clk":"11786354313","pt":1722806736572,"mc":[{"id":"1.231395459","rc":[{"ltp":1.28,"id":19144239},{"ltp":4.4,"id":19144241}]}]}
{"op":"mcm","clk":"11786358518","pt":1722806796154,"mc":[{"id":"1.231395459","rc":[{"ltp":1.24,"id":19144239},{"ltp":4.8,"id":19144241}]}]}
{"op":"mcm","clk":"11786362360","pt":1722806856417,"mc":[{"id":"1.231395459","rc":[{"ltp":1.27,"id":19144239},{"ltp":5.1,"id":19144241}]}]}
{"op":"mcm","clk":"11786365878","pt":1722806916542,"mc":[{"id":"1.231395459","rc":[{"ltp":4.7,"id":19144241}]}]}
{"op":"mcm","clk":"11786369612","pt":1722806976515,"mc":[{"id":"1.231395459","rc":[{"ltp":1.25,"id":19144239},{"ltp":5.0,"id":19144241}]}]}
{"op":"mcm","clk":"11786373428","pt":1722807036476,"mc":[{"id":"1.231395459","rc":[{"ltp":1.27,"id":19144239},{"ltp":4.8,"id":19144241}]}]}
{"op":"mcm","clk":"11786377842","pt":1722807096374,"mc":[{"id":"1.231395459","rc":[{"ltp":1.37,"id":19144239},{"ltp":3.8,"id":19144241}]}]}
{"op":"mcm","clk":"11786382421","pt":1722807156536,"mc":[{"id":"1.231395459","rc":[{"ltp":3.65,"id":19144241}]}]}
{"op":"mcm","clk":"11786387026","pt":1722807216484,"mc":[{"id":"1.231395459","rc":[{"ltp":3.6,"id":19144241}]}]}
{"op":"mcm","clk":"11786391636","pt":1722807276245,"mc":[{"id":"1.231395459","rc":[{"ltp":1.34,"id":19144239},{"ltp":3.85,"id":19144241}]}]}
{"op":"mcm","clk":"11786396492","pt":1722807336423,"mc":[{"id":"1.231395459","rc":[{"ltp":1.37,"id":19144239},{"ltp":3.7,"id":19144241}]}]}
{"op":"mcm","clk":"11786401699","pt":1722807396551,"mc":[{"id":"1.231395459","rc":[{"ltp":3.75,"id":19144241}]}]}
{"op":"mcm","clk":"11786407081","pt":1722807456222,"mc":[{"id":"1.231395459","rc":[{"ltp":1.42,"id":19144239},{"ltp":3.4,"id":19144241}]}]}
{"op":"mcm","clk":"11786411904","pt":1722807516522,"mc":[{"id":"1.231395459","rc":[{"ltp":3.45,"id":19144241}]}]}
{"op":"mcm","clk":"11786417072","pt":1722807576391,"mc":[{"id":"1.231395459","rc":[{"ltp":3.4,"id":19144241}]}]}
{"op":"mcm","clk":"11786422286","pt":1722807636337,"mc":[{"id":"1.231395459","rc":[{"ltp":3.35,"id":19144241}]}]}
{"op":"mcm","clk":"11786427140","pt":1722807695603,"mc":[{"id":"1.231395459","rc":[{"ltp":1.41,"id":19144239},{"ltp":3.4,"id":19144241}]}]}
{"op":"mcm","clk":"11786441087","pt":1722807876302,"mc":[{"id":"1.231395459","rc":[{"ltp":1.4,"id":19144239}]}]}
{"op":"mcm","clk":"11786450912","pt":1722807996320,"mc":[{"id":"1.231395459","rc":[{"ltp":3.5,"id":19144241}]}]}
{"op":"mcm","clk":"11786455660","pt":1722808055986,"mc":[{"id":"1.231395459","rc":[{"ltp":1.41,"id":19144239},{"ltp":3.4,"id":19144241}]}]}
{"op":"mcm","clk":"11786460065","pt":1722808116162,"mc":[{"id":"1.231395459","rc":[{"ltp":1.4,"id":19144239},{"ltp":3.5,"id":19144241}]}]}
{"op":"mcm","clk":"11786464380","pt":1722808176115,"mc":[{"id":"1.231395459","rc":[{"ltp":1.39,"id":19144239}]}]}
{"op":"mcm","clk":"11786469112","pt":1722808236574,"mc":[{"id":"1.231395459","rc":[{"ltp":1.3,"id":19144239},{"ltp":4.3,"id":19144241}]}]}
{"op":"mcm","clk":"11786473863","pt":1722808296241,"mc":[{"id":"1.231395459","rc":[{"ltp":1.28,"id":19144239},{"ltp":4.7,"id":19144241}]}]}
{"op":"mcm","clk":"11786479086","pt":1722808356410,"mc":[{"id":"1.231395459","rc":[{"ltp":1.27,"id":19144239}]}]}
{"op":"mcm","clk":"11786483522","pt":1722808416512,"mc":[{"id":"1.231395459","rc":[{"ltp":1.41,"id":19144239},{"ltp":3.4,"id":19144241}]}]}
{"op":"mcm","clk":"11786487962","pt":1722808476053,"mc":[{"id":"1.231395459","rc":[{"ltp":1.4,"id":19144239},{"ltp":3.5,"id":19144241}]}]}
{"op":"mcm","clk":"11786492774","pt":1722808536236,"mc":[{"id":"1.231395459","rc":[{"ltp":1.29,"id":19144239},{"ltp":4.4,"id":19144241}]}]}
{"op":"mcm","clk":"11786497699","pt":1722808596011,"mc":[{"id":"1.231395459","rc":[{"ltp":4.5,"id":19144241}]}]}
{"op":"mcm","clk":"11786502436","pt":1722808656082,"mc":[{"id":"1.231395459","rc":[{"ltp":1.34,"id":19144239},{"ltp":3.9,"id":19144241}]}]}
{"op":"mcm","clk":"11786506394","pt":1722808716325,"mc":[{"id":"1.231395459","rc":[{"ltp":1.37,"id":19144239},{"ltp":3.7,"id":19144241}]}]}
{"op":"mcm","clk":"11786509816","pt":1722808776494,"mc":[{"id":"1.231395459","rc":[{"ltp":1.39,"id":19144239},{"ltp":3.6,"id":19144241}]}]}
{"op":"mcm","clk":"11786513327","pt":1722808836398,"mc":[{"id":"1.231395459","rc":[{"ltp":1.37,"id":19144239},{"ltp":3.7,"id":19144241}]}]}
{"op":"mcm","clk":"11786516923","pt":1722808896444,"mc":[{"id":"1.231395459","rc":[{"ltp":1.41,"id":19144239},{"ltp":3.4,"id":19144241}]}]}
{"op":"mcm","clk":"11786521166","pt":1722808956530,"mc":[{"id":"1.231395459","rc":[{"ltp":3.35,"id":19144241}]}]}
{"op":"mcm","clk":"11786524954","pt":1722809016542,"mc":[{"id":"1.231395459","rc":[{"ltp":1.42,"id":19144239},{"ltp":3.3,"id":19144241}]}]}
{"op":"mcm","clk":"11786528938","pt":1722809076457,"mc":[{"id":"1.231395459","rc":[{"ltp":1.44,"id":19144239},{"ltp":3.25,"id":19144241}]}]}
{"op":"mcm","clk":"11786533150","pt":1722809136434,"mc":[{"id":"1.231395459","rc":[{"ltp":1.35,"id":19144239},{"ltp":3.85,"id":19144241}]}]}
{"op":"mcm","clk":"11786537035","pt":1722809196501,"mc":[{"id":"1.231395459","rc":[{"ltp":1.22,"id":19144239},{"ltp":5.7,"id":19144241}]}]}
{"op":"mcm","clk":"11786540983","pt":1722809256145,"mc":[{"id":"1.231395459","rc":[{"ltp":1.2,"id":19144239},{"ltp":6.0,"id":19144241}]}]}
{"op":"mcm","clk":"11786545038","pt":1722809316524,"mc":[{"id":"1.231395459","rc":[{"ltp":1.21,"id":19144239},{"ltp":5.7,"id":19144241}]}]}
{"op":"mcm","clk":"11786548958","pt":1722809376485,"mc":[{"id":"1.231395459","rc":[{"ltp":1.23,"id":19144239},{"ltp":5.3,"id":19144241}]}]}
{"op":"mcm","clk":"11786552860","pt":1722809436541,"mc":[{"id":"1.231395459","rc":[{"ltp":1.24,"id":19144239},{"ltp":5.1,"id":19144241}]}]}
{"op":"mcm","clk":"11786556698","pt":1722809496394,"mc":[{"id":"1.231395459","rc":[{"ltp":1.27,"id":19144239},{"ltp":4.7,"id":19144241}]}]}
{"op":"mcm","clk":"11786560686","pt":1722809556479,"mc":[{"id":"1.231395459","rc":[{"ltp":1.22,"id":19144239},{"ltp":5.8,"id":19144241}]}]}
{"op":"mcm","clk":"11786565130","pt":1722809616549,"mc":[{"id":"1.231395459","rc":[{"ltp":1.14,"id":19144239},{"ltp":8.0,"id":19144241}]}]}
{"op":"mcm","clk":"11786569076","pt":1722809676501,"mc":[{"id":"1.231395459","rc":[{"ltp":1.17,"id":19144239},{"ltp":7.6,"id":19144241}]}]}
{"op":"mcm","clk":"11786573325","pt":1722809736401,"mc":[{"id":"1.231395459","rc":[{"ltp":1.19,"id":19144239},{"ltp":6.2,"id":19144241}]}]}
{"op":"mcm","clk":"11786577097","pt":1722809796381,"mc":[{"id":"1.231395459","rc":[{"ltp":1.2,"id":19144239},{"ltp":6.0,"id":19144241}]}]}
{"op":"mcm","clk":"11786584171","pt":1722809916526,"mc":[{"id":"1.231395459","rc":[{"ltp":1.19,"id":19144239},{"ltp":6.2,"id":19144241}]}]}
{"op":"mcm","clk":"11786587970","pt":1722809976568,"mc":[{"id":"1.231395459","rc":[{"ltp":1.1,"id":19144239},{"ltp":9.2,"id":19144241}]}]}
{"op":"mcm","clk":"11786592261","pt":1722810036520,"mc":[{"id":"1.231395459","rc":[{"ltp":1.08,"id":19144239},{"ltp":13.5,"id":19144241}]}]}
{"op":"mcm","clk":"11786599744","pt":1722810156490,"mc":[{"id":"1.231395459","rc":[{"ltp":1.07,"id":19144239},{"ltp":14.5,"id":19144241}]}]}
{"op":"mcm","clk":"11786603013","pt":1722810216555,"mc":[{"id":"1.231395459","rc":[{"ltp":1.08,"id":19144239},{"ltp":13.5,"id":19144241}]}]}
{"op":"mcm","clk":"11786614627","pt":1722810456073,"mc":[{"id":"1.231395459","rc":[{"ltp":1.07,"id":19144239},{"ltp":14.0,"id":19144241}]}]}
{"op":"mcm","clk":"11786617395","pt":1722810516570,"mc":[{"id":"1.231395459","rc":[{"ltp":1.08,"id":19144239},{"ltp":13.5,"id":19144241}]}]}
{"op":"mcm","clk":"11786620183","pt":1722810576549,"mc":[{"id":"1.231395459","rc":[{"ltp":1.06,"id":19144239},{"ltp":17.5,"id":19144241}]}]}
{"op":"mcm","clk":"11786623365","pt":1722810636304,"mc":[{"id":"1.231395459","rc":[{"ltp":18.0,"id":19144241}]}]}
{"op":"mcm","clk":"11786626484","pt":1722810695953,"mc":[{"id":"1.231395459","rc":[{"ltp":1.08,"id":19144239},{"ltp":13.5,"id":19144241}]}]}
{"op":"mcm","clk":"11786630850","pt":1722810756251,"mc":[{"id":"1.231395459","rc":[{"ltp":1.06,"id":19144239},{"ltp":17.5,"id":19144241}]}]}
{"op":"mcm","clk":"11786633753","pt":1722810816078,"mc":[{"id":"1.231395459","rc":[{"ltp":1.07,"id":19144239},{"ltp":13.5,"id":19144241}]}]}
{"op":"mcm","clk":"11786636479","pt":1722810876539,"mc":[{"id":"1.231395459","rc":[{"ltp":1.04,"id":19144239},{"ltp":34.0,"id":19144241}]}]}
{"op":"mcm","clk":"11786639134","pt":1722810936524,"mc":[{"id":"1.231395459","rc":[{"ltp":1.03,"id":19144239},{"ltp":40.0,"id":19144241}]}]}
{"op":"mcm","clk":"11786642188","pt":1722810996416,"mc":[{"id":"1.231395459","rc":[{"ltp":34.0,"id":19144241}]}]}
{"op":"mcm","clk":"11786645183","pt":1722811056552,"mc":[{"id":"1.231395459","rc":[{"ltp":30.0,"id":19144241}]}]}
{"op":"mcm","clk":"11786647887","pt":1722811116409,"mc":[{"id":"1.231395459","rc":[{"ltp":1.04,"id":19144239},{"ltp":26.0,"id":19144241}]}]}
{"op":"mcm","clk":"11786650549","pt":1722811176368,"mc":[{"id":"1.231395459","rc":[{"ltp":1.03,"id":19144239},{"ltp":28.0,"id":19144241}]}]}
{"op":"mcm","clk":"11786653478","pt":1722811235132,"mc":[{"id":"1.231395459","rc":[{"ltp":1.04,"id":19144239},{"ltp":29.0,"id":19144241}]}]}
{"op":"mcm","clk":"11786656557","pt":1722811295306,"mc":[{"id":"1.231395459","rc":[{"ltp":28.0,"id":19144241}]}]}
{"op":"mcm","clk":"11786659885","pt":1722811356466,"mc":[{"id":"1.231395459","rc":[{"ltp":1.02,"id":19144239},{"ltp":50.0,"id":19144241}]}]}
{"op":"mcm","clk":"11786671502","pt":1722811476294,"mc":[{"id":"1.231395459","rc":[{"ltp":75.0,"id":19144241}]}]}
{"op":"mcm","clk":"11786674346","pt":1722811535576,"mc":[{"id":"1.231395459","rc":[{"ltp":1.03,"id":19144239},{"ltp":42.0,"id":19144241}]}]}
{"op":"mcm","clk":"11786677442","pt":1722811596465,"mc":[{"id":"1.231395459","rc":[{"ltp":1.02,"id":19144239},{"ltp":50.0,"id":19144241}]}]}
{"op":"mcm","clk":"11786680431","pt":1722811656519,"mc":[{"id":"1.231395459","rc":[{"ltp":1.04,"id":19144239},{"ltp":36.0,"id":19144241}]}]}
{"op":"mcm","clk":"11786683438","pt":1722811716480,"mc":[{"id":"1.231395459","rc":[{"ltp":26.0,"id":19144241}]}]}
{"op":"mcm","clk":"11786686653","pt":1722811776455,"mc":[{"id":"1.231395459","rc":[{"ltp":1.05,"id":19144239}]}]}
{"op":"mcm","clk":"11786689486","pt":1722811835353,"mc":[{"id":"1.231395459","rc":[{"ltp":1.04,"id":19144239},{"ltp":34.0,"id":19144241}]}]}
{"op":"mcm","clk":"11786692229","pt":1722811896385,"mc":[{"id":"1.231395459","rc":[{"ltp":1.02,"id":19144239},{"ltp":50.0,"id":19144241}]}]}
{"op":"mcm","clk":"11786694948","pt":1722811956537,"mc":[{"id":"1.231395459","rc":[{"ltp":80.0,"id":19144241}]}]}
{"op":"mcm","clk":"11786697351","pt":1722812016341,"mc":[{"id":"1.231395459","rc":[{"ltp":50.0,"id":19144241}]}]}
{"op":"mcm","clk":"11786702824","pt":1722812136324,"mc":[{"id":"1.231395459","rc":[{"ltp":1.05,"id":19144239},{"ltp":23.0,"id":19144241}]}]}
{"op":"mcm","clk":"11786705109","pt":1722812196285,"mc":[{"id":"1.231395459","rc":[{"ltp":1.04,"id":19144239},{"ltp":26.0,"id":19144241}]}]}
{"op":"mcm","clk":"11786707434","pt":1722812256030,"mc":[{"id":"1.231395459","rc":[{"ltp":21.0,"id":19144241}]}]}
{"op":"mcm","clk":"11786710238","pt":1722812316504,"mc":[{"id":"1.231395459","rc":[{"ltp":1.06,"id":19144239},{"ltp":17.5,"id":19144241}]}]}
{"op":"mcm","clk":"11786715911","pt":1722812436344,"mc":[{"id":"1.231395459","rc":[{"ltp":1.03,"id":19144239},{"ltp":38.0,"id":19144241}]}]}
{"op":"mcm","clk":"11786718753","pt":1722812496506,"mc":[{"id":"1.231395459","rc":[{"ltp":34.0,"id":19144241}]}]}
{"op":"mcm","clk":"11786721469","pt":1722812556282,"mc":[{"id":"1.231395459","rc":[{"ltp":1.01,"id":19144239},{"ltp":110.0,"id":19144241}]}]}
{"op":"mcm","clk":"11786723629","pt":1722812615760,"mc":[{"id":"1.231395459","rc":[{"ltp":150.0,"id":19144241}]}]}
{"op":"mcm","clk":"11786726138","pt":1722812676493,"mc":[{"id":"1.231395459","rc":[{"ltp":1.03,"id":19144239},{"ltp":48.0,"id":19144241}]}]}
{"op":"mcm","clk":"11786728435","pt":1722812736553,"mc":[{"id":"1.231395459","rc":[{"ltp":38.0,"id":19144241}]}]}
{"op":"mcm","clk":"11786733472","pt":1722812856162,"mc":[{"id":"1.231395459","rc":[{"ltp":1.02,"id":19144239},{"ltp":60.0,"id":19144241}]}]}
{"op":"mcm","clk":"11786735822","pt":1722812914729,"mc":[{"id":"1.231395459","rc":[{"ltp":1.01,"id":19144239},{"ltp":55.0,"id":19144241}]}]}
{"op":"mcm","clk":"11786738165","pt":1722812976497,"mc":[{"id":"1.231395459","rc":[{"ltp":100.0,"id":19144241}]}]}
{"op":"mcm","clk":"11786740639","pt":1722813036278,"mc":[{"id":"1.231395459","rc":[{"ltp":160.0,"id":19144241}]}]}
{"op":"mcm","clk":"11786743064","pt":1722813095717,"mc":[{"id":"1.231395459","rc":[{"ltp":140.0,"id":19144241}]}]}
{"op":"mcm","clk":"11786745881","pt":1722813156323,"mc":[{"id":"1.231395459","rc":[{"ltp":1000.0,"id":19144241}]}]}
{"op":"mcm","clk":"11786765229","pt":1722813573716,"mc":[{"id":"1.231395459","marketDefinition":{"bspMarket":false,"turnInPlayEnabled":true,"persistenceEnabled":true,"marketBaseRate":5.0,"eventId":"33464866","eventTypeId":"4","numberOfWinners":1,"bettingType":"ODDS","marketType":"MATCH_ODDS","marketTime":"2024-08-04T20:00:00.000Z","suspendTime":"2024-08-04T20:00:00.000Z","bspReconciled":false,"complete":true,"inPlay":true,"crossMatching":true,"runnersVoidable":false,"numberOfActiveRunners":2,"betDelay":5,"status":"SUSPENDED","runners":[{"status":"ACTIVE","sortPriority":1,"id":19144241,"name":"Montreal Tigers"},{"status":"ACTIVE","sortPriority":2,"id":19144239,"name":"Vancouver Knights"}],"regulators":["MR_INT"],"countryCode":"GB","discountAllowed":true,"timezone":"GMT","openDate":"2024-08-04T20:00:00.000Z","version":6058097089,"name":"Match Odds","eventName":"Montreal Tigers v Vancouver Knights"}}]}
{"op":"mcm","clk":"11786771098","pt":1722813695690,"mc":[{"id":"1.231395459","marketDefinition":{"bspMarket":false,"turnInPlayEnabled":true,"persistenceEnabled":true,"marketBaseRate":5.0,"eventId":"33464866","eventTypeId":"4","numberOfWinners":1,"bettingType":"ODDS","marketType":"MATCH_ODDS","marketTime":"2024-08-04T20:00:00.000Z","suspendTime":"2024-08-04T20:00:00.000Z","bspReconciled":false,"complete":true,"inPlay":true,"crossMatching":false,"runnersVoidable":false,"numberOfActiveRunners":0,"betDelay":5,"status":"CLOSED","settledTime":"2024-08-04T23:20:54.000Z","runners":[{"status":"LOSER","sortPriority":1,"id":19144241,"name":"Montreal Tigers"},{"status":"WINNER","sortPriority":2,"id":19144239,"name":"Vancouver Knights"}],"regulators":["MR_INT"],"countryCode":"GB","discountAllowed":true,"timezone":"GMT","openDate":"2024-08-04T20:00:00.000Z","version":6058098215,"name":"Match Odds","eventName":"Montreal Tigers v Vancouver Knights"}}]}
