{"op":"mcm","clk":"11966283338","pt":1724620977056,"mc":[{"id":"1.232283561","marketDefinition":{"bspMarket":false,"turnInPlayEnabled":true,"persistenceEnabled":true,"marketBaseRate":5.0,"eventId":"33527201","eventTypeId":"4","numberOfWinners":1,"bettingType":"ODDS","marketType":"MATCH_ODDS","marketTime":"2024-08-27T12:00:00.000Z","suspendTime":"2024-08-27T12:00:00.000Z","bspReconciled":false,"complete":true,"inPlay":false,"crossMatching":true,"runnersVoidable":false,"numberOfActiveRunners":2,"betDelay":0,"status":"OPEN","runners":[{"status":"ACTIVE","sortPriority":1,"id":891555,"name":"USA"},{"status":"ACTIVE","sortPriority":2,"id":144197,"name":"Canada"}],"regulators":["MR_INT"],"countryCode":"GB","discountAllowed":true,"timezone":"GMT","openDate":"2024-08-27T12:00:00.000Z","version":6100616172,"name":"Match Odds","eventName":"USA v Canada"}}]}
{"op":"mcm","clk":"11968375810","pt":1724672733601,"mc":[{"id":"1.232283561","rc":[{"ltp":1.62,"id":891555}]}]}
{"op":"mcm","clk":"11970223760","pt":1724688659681,"mc":[{"id":"1.232283561","rc":[{"ltp":2.28,"id":144197},{"ltp":1.79,"id":891555}]}]}
{"op":"mcm","clk":"11971639278","pt":1724698251799,"mc":[{"id":"1.232283561","rc":[{"ltp":2.22,"id":144197},{"ltp":1.82,"id":891555}]}]}
{"op":"mcm","clk":"11972059237","pt":1724701386366,"mc":[{"id":"1.232283561","rc":[{"ltp":2.2,"id":144197}]}]}
{"op":"mcm","clk":"11972719860","pt":1724707760174,"mc":[{"id":"1.232283561","rc":[{"ltp":1.79,"id":891555}]}]}
{"op":"mcm","clk":"11973451743","pt":1724722389125,"mc":[{"id":"1.232283561","rc":[{"ltp":1.83,"id":891555}]}]}
{"op":"mcm","clk":"11973566406","pt":1724724841402,"mc":[{"id":"1.232283561","rc":[{"ltp":1.76,"id":891555}]}]}
{"op":"mcm","clk":"11973684134","pt":1724727671643,"mc":[{"id":"1.232283561","rc":[{"ltp":1.75,"id":891555}]}]}
{"op":"mcm","clk":"11973723774","pt":1724729079611,"mc":[{"id":"1.232283561","rc":[{"ltp":2.24,"id":144197}]}]}
{"op":"mcm","clk":"11973744732","pt":1724730044555,"mc":[{"id":"1.232283561","rc":[{"ltp":2.3,"id":144197},{"ltp":1.76,"id":891555}]}]}
{"op":"mcm","clk":"11973805794","pt":1724732550670,"mc":[{"id":"1.232283561","rc":[{"ltp":2.28,"id":144197},{"ltp":1.78,"id":891555}]}]}
{"op":"mcm","clk":"11973811593","pt":1724732902301,"mc":[{"id":"1.232283561","rc":[{"ltp":2.3,"id":144197},{"ltp":1.76,"id":891555}]}]}
{"op":"mcm","clk":"11973824813","pt":1724733759143,"mc":[{"id":"1.232283561","rc":[{"ltp":1.78,"id":891555}]}]}
{"op":"mcm","clk":"11973833764","pt":1724734257604,"mc":[{"id":"1.232283561","rc":[{"ltp":1.77,"id":891555}]}]}
{"op":"mcm","clk":"11973835704","pt":1724734430598,"mc":[{"id":"1.232283561","rc":[{"ltp":1.76,"id":891555}]}]}
{"op":"mcm","clk":"11973870812","pt":1724736237688,"mc":[{"id":"1.232283561","rc":[{"ltp":1.72,"id":891555}]}]}
{"op":"mcm","clk":"11973878057","pt":1724736768427,"mc":[{"id":"1.232283561","rc":[{"ltp":1.71,"id":891555}]}]}
{"op":"mcm","clk":"11973879809","pt":1724736884764,"mc":[{"id":"1.232283561","rc":[{"ltp":1.72,"id":891555}]}]}
{"op":"mcm","clk":"11973880850","pt":1724736949035,"mc":[{"id":"1.232283561","rc":[{"ltp":1.71,"id":891555}]}]}
{"op":"mcm","clk":"11973884092","pt":1724737167675,"mc":[{"id":"1.232283561","rc":[{"ltp":1.72,"id":891555}]}]}
{"op":"mcm","clk":"11973895124","pt":1724737799496,"mc":[{"id":"1.232283561","rc":[{"ltp":2.32,"id":144197}]}]}
{"op":"mcm","clk":"11973901276","pt":1724738119330,"mc":[{"id":"1.232283561","rc":[{"ltp":1.71,"id":891555}]}]}
{"op":"mcm","clk":"11973905008","pt":1724738333357,"mc":[{"id":"1.232283561","rc":[{"ltp":2.34,"id":144197}]}]}
{"op":"mcm","clk":"11973913493","pt":1724738756363,"mc":[{"id":"1.232283561","rc":[{"ltp":1.72,"id":891555}]}]}
{"op":"mcm","clk":"11973921701","pt":1724739239462,"mc":[{"id":"1.232283561","rc":[{"ltp":2.38,"id":144197}]}]}
{"op":"mcm","clk":"11973922756","pt":1724739301470,"mc":[{"id":"1.232283561","rc":[{"ltp":2.4,"id":144197}]}]}
{"op":"mcm","clk":"11973924606","pt":1724739420783,"mc":[{"id":"1.232283561","rc":[{"ltp":2.38,"id":144197},{"ltp":1.73,"id":891555}]}]}
{"op":"mcm","clk":"11973926333","pt":1724739530429,"mc":[{"id":"1.232283561","rc":[{"ltp":1.74,"id":891555}]}]}
{"op":"mcm","clk":"11973926603","pt":1724739550557,"mc":[{"id":"1.232283561","rc":[{"ltp":1.73,"id":891555}]}]}
{"op":"mcm","clk":"11973928446","pt":1724739660207,"mc":[{"id":"1.232283561","rc":[{"ltp":1.74,"id":891555}]}]}
{"op":"mcm","clk":"11973932323","pt":1724739897618,"mc":[{"id":"1.232283561","rc":[{"ltp":1.73,"id":891555}]}]}
{"op":"mcm","clk":"11973950462","pt":1724740856406,"mc":[{"id":"1.232283561","rc":[{"ltp":1.74,"id":891555}]}]}
{"op":"mcm","clk":"11973951263","pt":1724740900373,"mc":[{"id":"1.232283561","rc":[{"ltp":1.75,"id":891555}]}]}
{"op":"mcm","clk":"11973964163","pt":1724741062084,"mc":[{"id":"1.232283561","rc":[{"ltp":1.74,"id":891555}]}]}
{"op":"mcm","clk":"11973990074","pt":1724742198537,"mc":[{"id":"1.232283561","rc":[{"ltp":1.73,"id":891555}]}]}
{"op":"mcm","clk":"11974029839","pt":1724743540667,"mc":[{"id":"1.232283561","rc":[{"ltp":1.75,"id":891555}]}]}
{"op":"mcm","clk":"11974033745","pt":1724743675208,"mc":[{"id":"1.232283561","rc":[{"ltp":1.74,"id":891555}]}]}
{"op":"mcm","clk":"11974034603","pt":1724743705268,"mc":[{"id":"1.232283561","rc":[{"ltp":1.73,"id":891555}]}]}
{"op":"mcm","clk":"11974037037","pt":1724743794214,"mc":[{"id":"1.232283561","rc":[{"ltp":2.36,"id":144197}]}]}
{"op":"mcm","clk":"11974044408","pt":1724744026971,"mc":[{"id":"1.232283561","rc":[{"ltp":2.38,"id":144197},{"ltp":1.71,"id":891555}]}]}
{"op":"mcm","clk":"11974051130","pt":1724744219015,"mc":[{"id":"1.232283561","rc":[{"ltp":2.36,"id":144197}]}]}
{"op":"mcm","clk":"11974074884","pt":1724744812140,"mc":[{"id":"1.232283561","rc":[{"ltp":1.74,"id":891555}]}]}
{"op":"mcm","clk":"11974084585","pt":1724745050418,"mc":[{"id":"1.232283561","rc":[{"ltp":1.72,"id":891555}]}]}
{"op":"mcm","clk":"11974088705","pt":1724745175126,"mc":[{"id":"1.232283561","rc":[{"ltp":1.74,"id":891555}]}]}
{"op":"mcm","clk":"11974096567","pt":1724745415934,"mc":[{"id":"1.232283561","rc":[{"ltp":1.73,"id":891555}]}]}
{"op":"mcm","clk":"11974111507","pt":1724745840575,"mc":[{"id":"1.232283561","rc":[{"ltp":1.74,"id":891555}]}]}
{"op":"mcm","clk":"11974128229","pt":1724746257657,"mc":[{"id":"1.232283561","rc":[{"ltp":1.72,"id":891555}]}]}
{"op":"mcm","clk":"11974159850","pt":1724746791936,"mc":[{"id":"1.232283561","rc":[{"ltp":2.4,"id":144197}]}]}
{"op":"mcm","clk":"11974174238","pt":1724747215876,"mc":[{"id":"1.232283561","rc":[{"ltp":1.73,"id":891555}]}]}
{"op":"mcm","clk":"11974188707","pt":1724747603863,"mc":[{"id":"1.232283561","rc":[{"ltp":1.71,"id":891555}]}]}
{"op":"mcm","clk":"11974199782","pt":1724747850540,"mc":[{"id":"1.232283561","rc":[{"ltp":1.73,"id":891555}]}]}
{"op":"mcm","clk":"11974215648","pt":1724748180958,"mc":[{"id":"1.232283561","rc":[{"ltp":2.42,"id":144197},{"ltp":1.71,"id":891555}]}]}
{"op":"mcm","clk":"11974227849","pt":1724748477436,"mc":[{"id":"1.232283561","rc":[{"ltp":2.4,"id":144197}]}]}
{"op":"mcm","clk":"11974230068","pt":1724748533099,"mc":[{"id":"1.232283561","rc":[{"ltp":1.7,"id":891555}]}]}
{"op":"mcm","clk":"11974239110","pt":1724748781737,"mc":[{"id":"1.232283561","rc":[{"ltp":2.44,"id":144197}]}]}
{"op":"mcm","clk":"11974240970","pt":1724748839508,"mc":[{"id":"1.232283561","rc":[{"ltp":2.42,"id":144197},{"ltp":1.71,"id":891555}]}]}
{"op":"mcm","clk":"11974243502","pt":1724748900766,"mc":[{"id":"1.232283561","rc":[{"ltp":2.4,"id":144197}]}]}
{"op":"mcm","clk":"11974255672","pt":1724749192835,"mc":[{"id":"1.232283561","rc":[{"ltp":2.42,"id":144197}]}]}
{"op":"mcm","clk":"11974259232","pt":1724749258819,"mc":[{"id":"1.232283561","rc":[{"ltp":2.4,"id":144197}]}]}
{"op":"mcm","clk":"11974283148","pt":1724749724754,"mc":[{"id":"1.232283561","rc":[{"ltp":1.69,"id":891555}]}]}
{"op":"mcm","clk":"11974343076","pt":1724750858637,"mc":[{"id":"1.232283561","rc":[{"ltp":2.44,"id":144197}]}]}
{"op":"mcm","clk":"11974378281","pt":1724751478416,"mc":[{"id":"1.232283561","rc":[{"ltp":1.68,"id":891555}]}]}
{"op":"mcm","clk":"11974394102","pt":1724751721300,"mc":[{"id":"1.232283561","rc":[{"ltp":1.69,"id":891555}]}]}
{"op":"mcm","clk":"11974411349","pt":1724751829432,"mc":[{"id":"1.232283561","rc":[{"ltp":1.7,"id":891555}]}]}
{"op":"mcm","clk":"11974414981","pt":1724751886912,"mc":[{"id":"1.232283561","rc":[{"ltp":2.42,"id":144197}]}]}
{"op":"mcm","clk":"11974418846","pt":1724751951755,"mc":[{"id":"1.232283561","rc":[{"ltp":1.72,"id":891555}]}]}
{"op":"mcm","clk":"11974425360","pt":1724752070075,"mc":[{"id":"1.232283561","rc":[{"ltp":1.71,"id":891555}]}]}
{"op":"mcm","clk":"11974428664","pt":1724752134959,"mc":[{"id":"1.232283561","rc":[{"ltp":1.7,"id":891555}]}]}
{"op":"mcm","clk":"11974434863","pt":1724752247439,"mc":[{"id":"1.232283561","rc":[{"ltp":2.44,"id":144197}]}]}
{"op":"mcm","clk":"11974454623","pt":1724752605836,"mc":[{"id":"1.232283561","rc":[{"ltp":1.69,"id":891555}]}]}
{"op":"mcm","clk":"11974469152","pt":1724752827575,"mc":[{"id":"1.232283561","rc":[{"ltp":2.46,"id":144197}]}]}
{"op":"mcm","clk":"11974500945","pt":1724753245138,"mc":[{"id":"1.232283561","rc":[{"ltp":2.48,"id":144197}]}]}
{"op":"mcm","clk":"11974522750","pt":1724753554418,"mc":[{"id":"1.232283561","rc":[{"ltp":1.7,"id":891555}]}]}
{"op":"mcm","clk":"11974528847","pt":1724753640429,"mc":[{"id":"1.232283561","rc":[{"ltp":1.69,"id":891555}]}]}
{"op":"mcm","clk":"11974532768","pt":1724753700668,"mc":[{"id":"1.232283561","rc":[{"ltp":1.66,"id":891555}]}]}
{"op":"mcm","clk":"11974538345","pt":1724753761427,"mc":[{"id":"1.232283561","rc":[{"ltp":1.63,"id":891555}]}]}
{"op":"mcm","clk":"11974542302","pt":1724753821807,"mc":[{"id":"1.232283561","rc":[{"ltp":2.6,"id":144197}]}]}
{"op":"mcm","clk":"11974577765","pt":1724754344802,"mc":[{"id":"1.232283561","rc":[{"ltp":1.68,"id":891555}]}]}
{"op":"mcm","clk":"11974589273","pt":1724754518800,"mc":[{"id":"1.232283561","rc":[{"ltp":1.66,"id":891555}]}]}
{"op":"mcm","clk":"11974598514","pt":1724754661665,"mc":[{"id":"1.232283561","rc":[{"ltp":2.46,"id":144197},{"ltp":1.69,"id":891555}]}]}
{"op":"mcm","clk":"11974603092","pt":1724754721620,"mc":[{"id":"1.232283561","rc":[{"ltp":2.48,"id":144197},{"ltp":1.68,"id":891555}]}]}
{"op":"mcm","clk":"11974606407","pt":1724754766988,"mc":[{"id":"1.232283561","rc":[{"ltp":2.5,"id":144197},{"ltp":1.67,"id":891555}]}]}
{"op":"mcm","clk":"11974611019","pt":1724754832881,"mc":[{"id":"1.232283561","rc":[{"ltp":2.48,"id":144197},{"ltp":1.66,"id":891555}]}]}
{"op":"mcm","clk":"11974619947","pt":1724754951794,"mc":[{"id":"1.232283561","rc":[{"ltp":2.5,"id":144197},{"ltp":1.67,"id":891555}]}]}
{"op":"mcm","clk":"11974632976","pt":1724755129573,"mc":[{"id":"1.232283561","rc":[{"ltp":2.52,"id":144197},{"ltp":1.66,"id":891555}]}]}
{"op":"mcm","clk":"11974640270","pt":1724755239385,"mc":[{"id":"1.232283561","rc":[{"ltp":2.5,"id":144197}]}]}
{"op":"mcm","clk":"11974645258","pt":1724755311073,"mc":[{"id":"1.232283561","rc":[{"ltp":2.48,"id":144197}]}]}
{"op":"mcm","clk":"11974653841","pt":1724755441208,"mc":[{"id":"1.232283561","rc":[{"ltp":1.67,"id":891555}]}]}
{"op":"mcm","clk":"11974659883","pt":1724755499666,"mc":[{"id":"1.232283561","rc":[{"ltp":1.68,"id":891555}]}]}
{"op":"mcm","clk":"11974663539","pt":1724755548192,"mc":[{"id":"1.232283561","rc":[{"ltp":1.67,"id":891555}]}]}
{"op":"mcm","clk":"11974685486","pt":1724755918934,"mc":[{"id":"1.232283561","rc":[{"ltp":1.65,"id":891555}]}]}
{"op":"mcm","clk":"11974689140","pt":1724755979565,"mc":[{"id":"1.232283561","rc":[{"ltp":2.52,"id":144197},{"ltp":1.66,"id":891555}]}]}
{"op":"mcm","clk":"11974702417","pt":1724756219486,"mc":[{"id":"1.232283561","rc":[{"ltp":1.65,"id":891555}]}]}
{"op":"mcm","clk":"11974705083","pt":1724756267844,"mc":[{"id":"1.232283561","rc":[{"ltp":1.66,"id":891555}]}]}
{"op":"mcm","clk":"11974708964","pt":1724756340635,"mc":[{"id":"1.232283561","rc":[{"ltp":1.65,"id":891555}]}]}
{"op":"mcm","clk":"11974712440","pt":1724756400129,"mc":[{"id":"1.232283561","rc":[{"ltp":2.56,"id":144197},{"ltp":1.64,"id":891555}]}]}
{"op":"mcm","clk":"11974728029","pt":1724756636763,"mc":[{"id":"1.232283561","rc":[{"ltp":1.65,"id":891555}]}]}
{"op":"mcm","clk":"11974731824","pt":1724756692531,"mc":[{"id":"1.232283561","rc":[{"ltp":2.5,"id":144197}]}]}
{"op":"mcm","clk":"11974743217","pt":1724756859050,"mc":[{"id":"1.232283561","rc":[{"ltp":1.67,"id":891555}]}]}
{"op":"mcm","clk":"11974757590","pt":1724757061404,"mc":[{"id":"1.232283561","rc":[{"ltp":2.48,"id":144197},{"ltp":1.68,"id":891555}]}]}
{"op":"mcm","clk":"11974761877","pt":1724757119495,"mc":[{"id":"1.232283561","rc":[{"ltp":2.46,"id":144197},{"ltp":1.71,"id":891555}]}]}
{"op":"mcm","clk":"11974776073","pt":1724757179735,"mc":[{"id":"1.232283561","rc":[{"ltp":2.34,"id":144197},{"ltp":1.7,"id":891555}]}]}
{"op":"mcm","clk":"11974783192","pt":1724757298415,"mc":[{"id":"1.232283561","rc":[{"ltp":2.4,"id":144197},{"ltp":1.71,"id":891555}]}]}
{"op":"mcm","clk":"11974786919","pt":1724757359513,"mc":[{"id":"1.232283561","rc":[{"ltp":1.7,"id":891555}]}]}
{"op":"mcm","clk":"11974789803","pt":1724757419571,"mc":[{"id":"1.232283561","rc":[{"ltp":2.36,"id":144197},{"ltp":1.72,"id":891555}]}]}
{"op":"mcm","clk":"11974798694","pt":1724757596030,"mc":[{"id":"1.232283561","rc":[{"ltp":1.73,"id":891555}]}]}
{"op":"mcm","clk":"11974802632","pt":1724757658017,"mc":[{"id":"1.232283561","rc":[{"ltp":1.72,"id":891555}]}]}
{"op":"mcm","clk":"11974805472","pt":1724757707488,"mc":[{"id":"1.232283561","rc":[{"ltp":1.73,"id":891555}]}]}
{"op":"mcm","clk":"11974809410","pt":1724757774182,"mc":[{"id":"1.232283561","rc":[{"ltp":2.32,"id":144197}]}]}
{"op":"mcm","clk":"11974820342","pt":1724757961808,"mc":[{"id":"1.232283561","rc":[{"ltp":2.46,"id":144197},{"ltp":1.66,"id":891555}]}]}
{"op":"mcm","clk":"11974834636","pt":1724758179991,"mc":[{"id":"1.232283561","rc":[{"ltp":2.5,"id":144197}]}]}
{"op":"mcm","clk":"11974839385","pt":1724758252485,"mc":[{"id":"1.232283561","rc":[{"ltp":1.67,"id":891555}]}]}
{"op":"mcm","clk":"11974843056","pt":1724758315516,"mc":[{"id":"1.232283561","rc":[{"ltp":1.68,"id":891555}]}]}
{"op":"mcm","clk":"11974845780","pt":1724758362367,"mc":[{"id":"1.232283561","rc":[{"ltp":2.46,"id":144197}]}]}
{"op":"mcm","clk":"11974847518","pt":1724758391514,"mc":[{"id":"1.232283561","rc":[{"ltp":2.44,"id":144197},{"ltp":1.69,"id":891555}]}]}
{"op":"mcm","clk":"11974854361","pt":1724758501342,"mc":[{"id":"1.232283561","rc":[{"ltp":2.3,"id":144197},{"ltp":1.78,"id":891555}]}]}
{"op":"mcm","clk":"11974858281","pt":1724758558642,"mc":[{"id":"1.232283561","rc":[{"ltp":2.28,"id":144197},{"ltp":1.79,"id":891555}]}]}
{"op":"mcm","clk":"11974862023","pt":1724758621728,"mc":[{"id":"1.232283561","rc":[{"ltp":2.2,"id":144197},{"ltp":1.83,"id":891555}]}]}
{"op":"mcm","clk":"11974865738","pt":1724758680859,"mc":[{"id":"1.232283561","rc":[{"ltp":2.12,"id":144197},{"ltp":1.91,"id":891555}]}]}
{"op":"mcm","clk":"11974869500","pt":1724758740010,"mc":[{"id":"1.232283561","rc":[{"ltp":2.1,"id":144197}]}]}
{"op":"mcm","clk":"11974873023","pt":1724758801576,"mc":[{"id":"1.232283561","rc":[{"ltp":2.12,"id":144197},{"ltp":1.89,"id":891555}]}]}
{"op":"mcm","clk":"11974876566","pt":1724758860819,"mc":[{"id":"1.232283561","rc":[{"ltp":2.06,"id":144197},{"ltp":1.93,"id":891555}]}]}
{"op":"mcm","clk":"11974880771","pt":1724758921823,"mc":[{"id":"1.232283561","rc":[{"ltp":2.1,"id":144197},{"ltp":1.89,"id":891555}]}]}
{"op":"mcm","clk":"11974884572","pt":1724758980959,"mc":[{"id":"1.232283561","rc":[{"ltp":1.91,"id":891555}]}]}
{"op":"mcm","clk":"11974888646","pt":1724759040389,"mc":[{"id":"1.232283561","rc":[{"ltp":2.08,"id":144197}]}]}
{"op":"mcm","clk":"11974892782","pt":1724759101743,"mc":[{"id":"1.232283561","rc":[{"ltp":2.1,"id":144197}]}]}
{"op":"mcm","clk":"11974896477","pt":1724759161790,"mc":[{"id":"1.232283561","rc":[{"ltp":2.14,"id":144197},{"ltp":1.87,"id":891555}]}]}
{"op":"mcm","clk":"11974899714","pt":1724759221493,"mc":[{"id":"1.232283561","rc":[{"ltp":2.18,"id":144197},{"ltp":1.86,"id":891555}]}]}
{"op":"mcm","clk":"11974902843","pt":1724759280144,"mc":[{"id":"1.232283561","rc":[{"ltp":2.12,"id":144197},{"ltp":1.9,"id":891555}]}]}
{"op":"mcm","clk":"11974909918","pt":1724759401701,"mc":[{"id":"1.232283561","rc":[{"ltp":2.1,"id":144197}]}]}
{"op":"mcm","clk":"11974913905","pt":1724759461267,"mc":[{"id":"1.232283561","rc":[{"ltp":1.91,"id":891555}]}]}
{"op":"mcm","clk":"11974917710","pt":1724759521710,"mc":[{"id":"1.232283561","rc":[{"ltp":1.9,"id":891555}]}]}
{"op":"mcm","clk":"11974921347","pt":1724759580886,"mc":[{"id":"1.232283561","rc":[{"ltp":1.91,"id":891555}]}]}
{"op":"mcm","clk":"11974925161","pt":1724759641660,"mc":[{"id":"1.232283561","rc":[{"ltp":2.08,"id":144197}]}]}
{"op":"mcm","clk":"11974928958","pt":1724759700417,"mc":[{"id":"1.232283561","rc":[{"ltp":2.12,"id":144197},{"ltp":1.9,"id":891555}]}]}
{"op":"mcm","clk":"11974936952","pt":1724759821703,"mc":[{"id":"1.232283561","rc":[{"ltp":2.06,"id":144197},{"ltp":1.94,"id":891555}]}]}
{"op":"mcm","clk":"11974940267","pt":1724759881758,"mc":[{"id":"1.232283561","rc":[{"ltp":2.02,"id":144197},{"ltp":1.97,"id":891555}]}]}
{"op":"mcm","clk":"11974943994","pt":1724759941591,"mc":[{"id":"1.232283561","rc":[{"ltp":2.06,"id":144197},{"ltp":1.93,"id":891555}]}]}
{"op":"mcm","clk":"11974948285","pt":1724760001807,"mc":[{"id":"1.232283561","marketDefinition":{"bspMarket":false,"turnInPlayEnabled":true,"persistenceEnabled":true,"marketBaseRate":5.0,"eventId":"33527201","eventTypeId":"4","numberOfWinners":1,"bettingType":"ODDS","marketType":"MATCH_ODDS","marketTime":"2024-08-27T12:00:00.000Z","suspendTime":"2024-08-27T12:00:00.000Z","bspReconciled":false,"complete":true,"inPlay":true,"crossMatching":true,"runnersVoidable":false,"numberOfActiveRunners":2,"betDelay":5,"status":"OPEN","runners":[{"status":"ACTIVE","sortPriority":1,"id":891555,"name":"USA"},{"status":"ACTIVE","sortPriority":2,"id":144197,"name":"Canada"}],"regulators":["MR_INT"],"countryCode":"GB","discountAllowed":true,"timezone":"GMT","openDate":"2024-08-27T12:00:00.000Z","version":6103129679,"name":"Match Odds","eventName":"USA v Canada"},"rc":[{"ltp":2.1,"id":144197},{"ltp":1.92,"id":891555}]}]}
{"op":"mcm","clk":"11974953503","pt":1724760061740,"mc":[{"id":"1.232283561","rc":[{"ltp":2.12,"id":144197},{"ltp":1.9,"id":891555}]}]}
{"op":"mcm","clk":"11974958644","pt":1724760121811,"mc":[{"id":"1.232283561","rc":[{"ltp":2.08,"id":144197},{"ltp":1.93,"id":891555}]}]}
{"op":"mcm","clk":"11974963858","pt":1724760181545,"mc":[{"id":"1.232283561","rc":[{"ltp":2.0,"id":144197},{"ltp":2.0,"id":891555}]}]}
{"op":"mcm","clk":"11974968450","pt":1724760241624,"mc":[{"id":"1.232283561","rc":[{"ltp":1.91,"id":144197},{"ltp":2.1,"id":891555}]}]}
{"op":"mcm","clk":"11974973109","pt":1724760301719,"mc":[{"id":"1.232283561","rc":[{"ltp":2.04,"id":144197},{"ltp":1.96,"id":891555}]}]}
{"op":"mcm","clk":"11974978039","pt":1724760361766,"mc":[{"id":"1.232283561","rc":[{"ltp":2.02,"id":144197},{"ltp":1.98,"id":891555}]}]}
{"op":"mcm","clk":"11974983212","pt":1724760421801,"mc":[{"id":"1.232283561","rc":[{"ltp":1.95,"id":144197},{"ltp":2.04,"id":891555}]}]}
{"op":"mcm","clk":"11974988304","pt":1724760481731,"mc":[{"id":"1.232283561","rc":[{"ltp":1.97,"id":144197}]}]}
{"op":"mcm","clk":"11974993144","pt":1724760541807,"mc":[{"id":"1.232283561","rc":[{"ltp":2.08,"id":144197},{"ltp":1.91,"id":891555}]}]}
{"op":"mcm","clk":"11974997810","pt":1724760601785,"mc":[{"id":"1.232283561","rc":[{"ltp":2.28,"id":144197},{"ltp":1.77,"id":891555}]}]}
{"op":"mcm","clk":"11975002800","pt":1724760661768,"mc":[{"id":"1.232283561","rc":[{"ltp":2.42,"id":144197},{"ltp":1.7,"id":891555}]}]}
{"op":"mcm","clk":"11975007423","pt":1724760721773,"mc":[{"id":"1.232283561","rc":[{"ltp":2.48,"id":144197},{"ltp":1.66,"id":891555}]}]}
{"op":"mcm","clk":"11975012066","pt":1724760781729,"mc":[{"id":"1.232283561","rc":[{"ltp":2.44,"id":144197},{"ltp":1.69,"id":891555}]}]}
{"op":"mcm","clk":"11975016847","pt":1724760841811,"mc":[{"id":"1.232283561","rc":[{"ltp":2.62,"id":144197},{"ltp":1.64,"id":891555}]}]}
{"op":"mcm","clk":"11975021351","pt":1724760901778,"mc":[{"id":"1.232283561","rc":[{"ltp":2.68,"id":144197},{"ltp":1.59,"id":891555}]}]}
{"op":"mcm","clk":"11975025697","pt":1724760961581,"mc":[{"id":"1.232283561","rc":[{"ltp":2.72,"id":144197},{"ltp":1.58,"id":891555}]}]}
{"op":"mcm","clk":"11975029882","pt":1724761021645,"mc":[{"id":"1.232283561","rc":[{"ltp":2.66,"id":144197},{"ltp":1.6,"id":891555}]}]}
{"op":"mcm","clk":"11975034333","pt":1724761081696,"mc":[{"id":"1.232283561","rc":[{"ltp":2.8,"id":144197},{"ltp":1.57,"id":891555}]}]}
{"op":"mcm","clk":"11975039121","pt":1724761141769,"mc":[{"id":"1.232283561","rc":[{"ltp":2.96,"id":144197},{"ltp":1.5,"id":891555}]}]}
{"op":"mcm","clk":"11975044210","pt":1724761201774,"mc":[{"id":"1.232283561","rc":[{"ltp":3.15,"id":144197},{"ltp":1.46,"id":891555}]}]}
{"op":"mcm","clk":"11975048858","pt":1724761261745,"mc":[{"id":"1.232283561","rc":[{"ltp":3.0,"id":144197},{"ltp":1.5,"id":891555}]}]}
{"op":"mcm","clk":"11975053332","pt":1724761321659,"mc":[{"id":"1.232283561","rc":[{"ltp":3.1,"id":144197},{"ltp":1.46,"id":891555}]}]}
{"op":"mcm","clk":"11975058011","pt":1724761381768,"mc":[{"id":"1.232283561","rc":[{"ltp":3.05,"id":144197},{"ltp":1.48,"id":891555}]}]}
{"op":"mcm","clk":"11975062446","pt":1724761441637,"mc":[{"id":"1.232283561","rc":[{"ltp":3.0,"id":144197},{"ltp":1.49,"id":891555}]}]}
{"op":"mcm","clk":"11975067357","pt":1724761501712,"mc":[{"id":"1.232283561","rc":[{"ltp":1.5,"id":891555}]}]}
{"op":"mcm","clk":"11975072419","pt":1724761561784,"mc":[{"id":"1.232283561","rc":[{"ltp":3.25,"id":144197},{"ltp":1.44,"id":891555}]}]}
{"op":"mcm","clk":"11975077353","pt":1724761621762,"mc":[{"id":"1.232283561","rc":[{"ltp":3.15,"id":144197},{"ltp":1.45,"id":891555}]}]}
{"op":"mcm","clk":"11975082697","pt":1724761681828,"mc":[{"id":"1.232283561","rc":[{"ltp":2.6,"id":144197},{"ltp":1.63,"id":891555}]}]}
{"op":"mcm","clk":"11975088131","pt":1724761741697,"mc":[{"id":"1.232283561","rc":[{"ltp":2.66,"id":144197},{"ltp":1.59,"id":891555}]}]}
{"op":"mcm","clk":"11975093057","pt":1724761801813,"mc":[{"id":"1.232283561","rc":[{"ltp":2.72,"id":144197},{"ltp":1.58,"id":891555}]}]}
{"op":"mcm","clk":"11975097988","pt":1724761861801,"mc":[{"id":"1.232283561","rc":[{"ltp":2.74,"id":144197},{"ltp":1.59,"id":891555}]}]}
{"op":"mcm","clk":"11975103092","pt":1724761921744,"mc":[{"id":"1.232283561","rc":[{"ltp":2.66,"id":144197},{"ltp":1.6,"id":891555}]}]}
{"op":"mcm","clk":"11975107963","pt":1724761981702,"mc":[{"id":"1.232283561","rc":[{"ltp":2.58,"id":144197},{"ltp":1.62,"id":891555}]}]}
{"op":"mcm","clk":"11975112391","pt":1724762041520,"mc":[{"id":"1.232283561","rc":[{"ltp":2.66,"id":144197},{"ltp":1.6,"id":891555}]}]}
{"op":"mcm","clk":"11975116586","pt":1724762101616,"mc":[{"id":"1.232283561","rc":[{"ltp":2.6,"id":144197},{"ltp":1.62,"id":891555}]}]}
{"op":"mcm","clk":"11975121289","pt":1724762161763,"mc":[{"id":"1.232283561","rc":[{"ltp":2.72,"id":144197},{"ltp":1.57,"id":891555}]}]}
{"op":"mcm","clk":"11975125717","pt":1724762221605,"mc":[{"id":"1.232283561","rc":[{"ltp":1.59,"id":891555}]}]}
{"op":"mcm","clk":"11975130227","pt":1724762281677,"mc":[{"id":"1.232283561","rc":[{"ltp":2.9,"id":144197},{"ltp":1.53,"id":891555}]}]}
{"op":"mcm","clk":"11975135128","pt":1724762341731,"mc":[{"id":"1.232283561","rc":[{"ltp":3.35,"id":144197},{"ltp":1.43,"id":891555}]}]}
{"op":"mcm","clk":"11975139857","pt":1724762401486,"mc":[{"id":"1.232283561","rc":[{"ltp":3.2,"id":144197},{"ltp":1.45,"id":891555}]}]}
{"op":"mcm","clk":"11975144071","pt":1724762461447,"mc":[{"id":"1.232283561","rc":[{"ltp":3.3,"id":144197},{"ltp":1.43,"id":891555}]}]}
{"op":"mcm","clk":"11975148596","pt":1724762521826,"mc":[{"id":"1.232283561","rc":[{"ltp":3.2,"id":144197},{"ltp":1.45,"id":891555}]}]}
{"op":"mcm","clk":"11975163215","pt":1724762581799,"mc":[{"id":"1.232283561","rc":[{"ltp":3.6,"id":144197},{"ltp":1.38,"id":891555}]}]}
{"op":"mcm","clk":"11975167637","pt":1724762641783,"mc":[{"id":"1.232283561","rc":[{"ltp":3.7,"id":144197},{"ltp":1.37,"id":891555}]}]}
{"op":"mcm","clk":"11975172281","pt":1724762701750,"mc":[{"id":"1.232283561","rc":[{"ltp":3.6,"id":144197},{"ltp":1.38,"id":891555}]}]}
{"op":"mcm","clk":"11975176753","pt":1724762761799,"mc":[{"id":"1.232283561","rc":[{"ltp":3.05,"id":144197},{"ltp":1.48,"id":891555}]}]}
{"op":"mcm","clk":"11975181402","pt":1724762821668,"mc":[{"id":"1.232283561","rc":[{"ltp":3.0,"id":144197},{"ltp":1.49,"id":891555}]}]}
{"op":"mcm","clk":"11975185945","pt":1724762881567,"mc":[{"id":"1.232283561","rc":[{"ltp":2.98,"id":144197},{"ltp":1.51,"id":891555}]}]}
{"op":"mcm","clk":"11975189695","pt":1724762941355,"mc":[{"id":"1.232283561","rc":[{"ltp":3.0,"id":144197},{"ltp":1.49,"id":891555}]}]}
{"op":"mcm","clk":"11975193565","pt":1724763001715,"mc":[{"id":"1.232283561","rc":[{"ltp":1.5,"id":891555}]}]}
{"op":"mcm","clk":"11975201699","pt":1724763121651,"mc":[{"id":"1.232283561","rc":[{"ltp":2.96,"id":144197},{"ltp":1.52,"id":891555}]}]}
{"op":"mcm","clk":"11975205682","pt":1724763181754,"mc":[{"id":"1.232283561","rc":[{"ltp":2.78,"id":144197},{"ltp":1.56,"id":891555}]}]}
{"op":"mcm","clk":"11975209420","pt":1724763241816,"mc":[{"id":"1.232283561","rc":[{"ltp":2.7,"id":144197},{"ltp":1.59,"id":891555}]}]}
{"op":"mcm","clk":"11975217192","pt":1724763361768,"mc":[{"id":"1.232283561","rc":[{"ltp":2.28,"id":144197},{"ltp":1.79,"id":891555}]}]}
{"op":"mcm","clk":"11975220817","pt":1724763421746,"mc":[{"id":"1.232283561","rc":[{"ltp":2.2,"id":144197},{"ltp":1.82,"id":891555}]}]}
{"op":"mcm","clk":"11975224393","pt":1724763481737,"mc":[{"id":"1.232283561","rc":[{"ltp":2.28,"id":144197},{"ltp":1.77,"id":891555}]}]}
{"op":"mcm","clk":"11975231885","pt":1724763601781,"mc":[{"id":"1.232283561","rc":[{"ltp":2.26,"id":144197},{"ltp":1.79,"id":891555}]}]}
{"op":"mcm","clk":"11975236019","pt":1724763661656,"mc":[{"id":"1.232283561","rc":[{"ltp":2.6,"id":144197},{"ltp":1.63,"id":891555}]}]}
{"op":"mcm","clk":"11975240132","pt":1724763721815,"mc":[{"id":"1.232283561","rc":[{"ltp":2.52,"id":144197},{"ltp":1.65,"id":891555}]}]}
{"op":"mcm","clk":"11975244070","pt":1724763781712,"mc":[{"id":"1.232283561","rc":[{"ltp":2.46,"id":144197},{"ltp":1.69,"id":891555}]}]}
{"op":"mcm","clk":"11975248749","pt":1724763841762,"mc":[{"id":"1.232283561","rc":[{"ltp":2.04,"id":144197},{"ltp":1.96,"id":891555}]}]}
{"op":"mcm","clk":"11975253234","pt":1724763901732,"mc":[{"id":"1.232283561","rc":[{"ltp":2.16,"id":144197},{"ltp":1.84,"id":891555}]}]}
{"op":"mcm","clk":"11975257676","pt":1724763961696,"mc":[{"id":"1.232283561","rc":[{"ltp":2.26,"id":144197},{"ltp":1.8,"id":891555}]}]}
{"op":"mcm","clk":"11975262081","pt":1724764021417,"mc":[{"id":"1.232283561","rc":[{"ltp":2.36,"id":144197},{"ltp":1.74,"id":891555}]}]}
{"op":"mcm","clk":"11975266629","pt":1724764081758,"mc":[{"id":"1.232283561","rc":[{"ltp":2.28,"id":144197},{"ltp":1.77,"id":891555}]}]}
{"op":"mcm","clk":"11975271010","pt":1724764141264,"mc":[{"id":"1.232283561","rc":[{"ltp":2.26,"id":144197},{"ltp":1.8,"id":891555}]}]}
{"op":"mcm","clk":"11975275930","pt":1724764201628,"mc":[{"id":"1.232283561","rc":[{"ltp":2.46,"id":144197},{"ltp":1.69,"id":891555}]}]}
{"op":"mcm","clk":"11975280541","pt":1724764261689,"mc":[{"id":"1.232283561","rc":[{"ltp":2.52,"id":144197},{"ltp":1.66,"id":891555}]}]}
{"op":"mcm","clk":"11975284917","pt":1724764321683,"mc":[{"id":"1.232283561","rc":[{"ltp":2.46,"id":144197},{"ltp":1.68,"id":891555}]}]}
{"op":"mcm","clk":"11975289627","pt":1724764381765,"mc":[{"id":"1.232283561","rc":[{"ltp":2.44,"id":144197},{"ltp":1.69,"id":891555}]}]}
{"op":"mcm","clk":"11975299247","pt":1724764501803,"mc":[{"id":"1.232283561","rc":[{"ltp":1.7,"id":891555}]}]}
{"op":"mcm","clk":"11975304308","pt":1724764561564,"mc":[{"id":"1.232283561","rc":[{"ltp":2.46,"id":144197},{"ltp":1.72,"id":891555}]}]}
{"op":"mcm","clk":"11975309511","pt":1724764621718,"mc":[{"id":"1.232283561","rc":[{"ltp":1.67,"id":891555}]}]}
{"op":"mcm","clk":"11975314611","pt":1724764681572,"mc":[{"id":"1.232283561","rc":[{"ltp":1.68,"id":891555}]}]}
{"op":"mcm","clk":"11975320203","pt":1724764741341,"mc":[{"id":"1.232283561","rc":[{"ltp":2.48,"id":144197},{"ltp":1.67,"id":891555}]}]}
{"op":"mcm","clk":"11975325942","pt":1724764801824,"mc":[{"id":"1.232283561","rc":[{"ltp":2.2,"id":144197},{"ltp":1.84,"id":891555}]}]}
{"op":"mcm","clk":"11975331818","pt":1724764861398,"mc":[{"id":"1.232283561","rc":[{"ltp":2.28,"id":144197},{"ltp":1.79,"id":891555}]}]}
{"op":"mcm","clk":"11975337862","pt":1724764921772,"mc":[{"id":"1.232283561","rc":[{"ltp":2.32,"id":144197},{"ltp":1.74,"id":891555}]}]}
{"op":"mcm","clk":"11975344166","pt":1724764981669,"mc":[{"id":"1.232283561","rc":[{"ltp":2.28,"id":144197},{"ltp":1.77,"id":891555}]}]}
{"op":"mcm","clk":"11975350221","pt":1724765041812,"mc":[{"id":"1.232283561","rc":[{"ltp":2.3,"id":144197},{"ltp":1.8,"id":891555}]}]}
{"op":"mcm","clk":"11975355837","pt":1724765101777,"mc":[{"id":"1.232283561","rc":[{"ltp":2.24,"id":144197},{"ltp":1.81,"id":891555}]}]}
{"op":"mcm","clk":"11975361667","pt":1724765161812,"mc":[{"id":"1.232283561","rc":[{"ltp":2.22,"id":144197}]}]}
{"op":"mcm","clk":"11975367087","pt":1724765221744,"mc":[{"id":"1.232283561","rc":[{"ltp":2.04,"id":144197},{"ltp":1.94,"id":891555}]}]}
{"op":"mcm","clk":"11975372453","pt":1724765281593,"mc":[{"id":"1.232283561","rc":[{"ltp":1.96,"id":144197},{"ltp":2.06,"id":891555}]}]}
{"op":"mcm","clk":"11975377559","pt":1724765341793,"mc":[{"id":"1.232283561","rc":[{"ltp":1.92,"id":144197},{"ltp":2.08,"id":891555}]}]}
{"op":"mcm","clk":"11975382042","pt":1724765401676,"mc":[{"id":"1.232283561","rc":[{"ltp":2.06,"id":144197},{"ltp":1.93,"id":891555}]}]}
{"op":"mcm","clk":"11975386472","pt":1724765461675,"mc":[{"id":"1.232283561","rc":[{"ltp":2.08,"id":144197},{"ltp":1.92,"id":891555}]}]}
{"op":"mcm","clk":"11975390802","pt":1724765521228,"mc":[{"id":"1.232283561","rc":[{"ltp":2.06,"id":144197},{"ltp":1.95,"id":891555}]}]}
{"op":"mcm","clk":"11975395844","pt":1724765581641,"mc":[{"id":"1.232283561","rc":[{"ltp":2.24,"id":144197},{"ltp":1.84,"id":891555}]}]}
{"op":"mcm","clk":"11975401178","pt":1724765641788,"mc":[{"id":"1.232283561","rc":[{"ltp":2.4,"id":144197},{"ltp":1.77,"id":891555}]}]}
{"op":"mcm","clk":"11975406371","pt":1724765701726,"mc":[{"id":"1.232283561","rc":[{"ltp":2.5,"id":144197},{"ltp":1.66,"id":891555}]}]}
{"op":"mcm","clk":"11975411681","pt":1724765761600,"mc":[{"id":"1.232283561","rc":[{"ltp":2.48,"id":144197},{"ltp":1.69,"id":891555}]}]}
{"op":"mcm","clk":"11975417704","pt":1724765821813,"mc":[{"id":"1.232283561","rc":[{"ltp":3.05,"id":144197},{"ltp":1.48,"id":891555}]}]}
{"op":"mcm","clk":"11975424500","pt":1724765881813,"mc":[{"id":"1.232283561","rc":[{"ltp":2.86,"id":144197},{"ltp":1.54,"id":891555}]}]}
{"op":"mcm","clk":"11975430573","pt":1724765941758,"mc":[{"id":"1.232283561","rc":[{"ltp":2.82,"id":144197},{"ltp":1.55,"id":891555}]}]}
{"op":"mcm","clk":"11975436477","pt":1724766001823,"mc":[{"id":"1.232283561","rc":[{"ltp":2.84,"id":144197}]}]}
{"op":"mcm","clk":"11975442568","pt":1724766061804,"mc":[{"id":"1.232283561","rc":[{"ltp":2.82,"id":144197}]}]}
{"op":"mcm","clk":"11975447549","pt":1724766121374,"mc":[{"id":"1.232283561","rc":[{"ltp":2.92,"id":144197},{"ltp":1.52,"id":891555}]}]}
{"op":"mcm","clk":"11975452925","pt":1724766181739,"mc":[{"id":"1.232283561","rc":[{"ltp":2.96,"id":144197},{"ltp":1.51,"id":891555}]}]}
{"op":"mcm","clk":"11975458488","pt":1724766241785,"mc":[{"id":"1.232283561","rc":[{"ltp":3.0,"id":144197},{"ltp":1.5,"id":891555}]}]}
{"op":"mcm","clk":"11975463679","pt":1724766301780,"mc":[{"id":"1.232283561","rc":[{"ltp":2.98,"id":144197}]}]}
{"op":"mcm","clk":"11975469040","pt":1724766361171,"mc":[{"id":"1.232283561","rc":[{"ltp":1.51,"id":891555}]}]}
{"op":"mcm","clk":"11975474233","pt":1724766421056,"mc":[{"id":"1.232283561","rc":[{"ltp":2.94,"id":144197},{"ltp":1.53,"id":891555}]}]}
{"op":"mcm","clk":"11975479712","pt":1724766481602,"mc":[{"id":"1.232283561","rc":[{"ltp":2.86,"id":144197},{"ltp":1.54,"id":891555}]}]}
{"op":"mcm","clk":"11975484558","pt":1724766541697,"mc":[{"id":"1.232283561","rc":[{"ltp":2.78,"id":144197},{"ltp":1.55,"id":891555}]}]}
{"op":"mcm","clk":"11975489169","pt":1724766601760,"mc":[{"id":"1.232283561","rc":[{"ltp":3.85,"id":144197},{"ltp":1.37,"id":891555}]}]}
{"op":"mcm","clk":"11975494387","pt":1724766661734,"mc":[{"id":"1.232283561","rc":[{"ltp":4.3,"id":144197},{"ltp":1.3,"id":891555}]}]}
{"op":"mcm","clk":"11975499282","pt":1724766721820,"mc":[{"id":"1.232283561","rc":[{"ltp":3.6,"id":144197},{"ltp":1.4,"id":891555}]}]}
{"op":"mcm","clk":"11975504213","pt":1724766781815,"mc":[{"id":"1.232283561","rc":[{"ltp":3.5,"id":144197}]}]}
{"op":"mcm","clk":"11975509321","pt":1724766841688,"mc":[{"id":"1.232283561","rc":[{"ltp":3.3,"id":144197},{"ltp":1.43,"id":891555}]}]}
{"op":"mcm","clk":"11975514318","pt":1724766901654,"mc":[{"id":"1.232283561","rc":[{"ltp":3.1,"id":144197},{"ltp":1.46,"id":891555}]}]}
{"op":"mcm","clk":"11975519470","pt":1724766961541,"mc":[{"id":"1.232283561","rc":[{"ltp":3.4,"id":144197},{"ltp":1.41,"id":891555}]}]}
{"op":"mcm","clk":"11975525365","pt":1724767021814,"mc":[{"id":"1.232283561","rc":[{"ltp":3.0,"id":144197},{"ltp":1.51,"id":891555}]}]}
{"op":"mcm","clk":"11975530680","pt":1724767081711,"mc":[{"id":"1.232283561","rc":[{"ltp":3.05,"id":144197},{"ltp":1.48,"id":891555}]}]}
{"op":"mcm","clk":"11975536568","pt":1724767141581,"mc":[{"id":"1.232283561","rc":[{"ltp":2.52,"id":144197},{"ltp":1.64,"id":891555}]}]}
{"op":"mcm","clk":"11975542109","pt":1724767201659,"mc":[{"id":"1.232283561","rc":[{"ltp":2.62,"id":144197},{"ltp":1.61,"id":891555}]}]}
{"op":"mcm","clk":"11975547536","pt":1724767261666,"mc":[{"id":"1.232283561","rc":[{"ltp":2.76,"id":144197},{"ltp":1.58,"id":891555}]}]}
{"op":"mcm","clk":"11975552322","pt":1724767321706,"mc":[{"id":"1.232283561","rc":[{"ltp":2.66,"id":144197},{"ltp":1.61,"id":891555}]}]}
{"op":"mcm","clk":"11975556592","pt":1724767381813,"mc":[{"id":"1.232283561","rc":[{"ltp":2.68,"id":144197},{"ltp":1.6,"id":891555}]}]}
{"op":"mcm","clk":"11975560810","pt":1724767441807,"mc":[{"id":"1.232283561","rc":[{"ltp":3.55,"id":144197},{"ltp":1.38,"id":891555}]}]}
{"op":"mcm","clk":"11975564827","pt":1724767501342,"mc":[{"id":"1.232283561","rc":[{"ltp":1.39,"id":891555}]}]}
{"op":"mcm","clk":"11975569038","pt":1724767561757,"mc":[{"id":"1.232283561","rc":[{"ltp":3.7,"id":144197},{"ltp":1.37,"id":891555}]}]}
{"op":"mcm","clk":"11975573263","pt":1724767621829,"mc":[{"id":"1.232283561","rc":[{"ltp":3.4,"id":144197},{"ltp":1.41,"id":891555}]}]}
{"op":"mcm","clk":"11975577188","pt":1724767681590,"mc":[{"id":"1.232283561","rc":[{"ltp":3.3,"id":144197},{"ltp":1.44,"id":891555}]}]}
{"op":"mcm","clk":"11975581387","pt":1724767741778,"mc":[{"id":"1.232283561","rc":[{"ltp":4.8,"id":144197},{"ltp":1.26,"id":891555}]}]}
{"op":"mcm","clk":"11975585768","pt":1724767801663,"mc":[{"id":"1.232283561","rc":[{"ltp":4.9,"id":144197},{"ltp":1.25,"id":891555}]}]}
{"op":"mcm","clk":"11975590493","pt":1724767861821,"mc":[{"id":"1.232283561","rc":[{"ltp":4.7,"id":144197},{"ltp":1.27,"id":891555}]}]}
{"op":"mcm","clk":"11975594790","pt":1724767921790,"mc":[{"id":"1.232283561","rc":[{"ltp":5.2,"id":144197},{"ltp":1.24,"id":891555}]}]}
{"op":"mcm","clk":"11975617337","pt":1724768041804,"mc":[{"id":"1.232283561","rc":[{"ltp":5.3,"id":144197},{"ltp":1.23,"id":891555}]}]}
{"op":"mcm","clk":"11975622434","pt":1724768101774,"mc":[{"id":"1.232283561","rc":[{"ltp":4.8,"id":144197},{"ltp":1.26,"id":891555}]}]}
{"op":"mcm","clk":"11975628083","pt":1724768161672,"mc":[{"id":"1.232283561","rc":[{"ltp":4.5,"id":144197},{"ltp":1.28,"id":891555}]}]}
{"op":"mcm","clk":"11975633911","pt":1724768221738,"mc":[{"id":"1.232283561","rc":[{"ltp":4.8,"id":144197},{"ltp":1.26,"id":891555}]}]}
{"op":"mcm","clk":"11975639727","pt":1724768281726,"mc":[{"id":"1.232283561","rc":[{"ltp":4.0,"id":144197},{"ltp":1.32,"id":891555}]}]}
{"op":"mcm","clk":"11975645696","pt":1724768341788,"mc":[{"id":"1.232283561","rc":[{"ltp":3.9,"id":144197},{"ltp":1.34,"id":891555}]}]}
{"op":"mcm","clk":"11975650894","pt":1724768401804,"mc":[{"id":"1.232283561","rc":[{"ltp":3.8,"id":144197},{"ltp":1.36,"id":891555}]}]}
{"op":"mcm","clk":"11975656161","pt":1724768461823,"mc":[{"id":"1.232283561","rc":[{"ltp":3.95,"id":144197},{"ltp":1.33,"id":891555}]}]}
{"op":"mcm","clk":"11975661780","pt":1724768521820,"mc":[{"id":"1.232283561","rc":[{"ltp":3.8,"id":144197},{"ltp":1.36,"id":891555}]}]}
{"op":"mcm","clk":"11975667030","pt":1724768581816,"mc":[{"id":"1.232283561","rc":[{"ltp":3.35,"id":144197},{"ltp":1.42,"id":891555}]}]}
{"op":"mcm","clk":"11975672346","pt":1724768641790,"mc":[{"id":"1.232283561","rc":[{"ltp":3.25,"id":144197},{"ltp":1.44,"id":891555}]}]}
{"op":"mcm","clk":"11975678692","pt":1724768701775,"mc":[{"id":"1.232283561","rc":[{"ltp":3.05,"id":144197},{"ltp":1.49,"id":891555}]}]}
{"op":"mcm","clk":"11975684366","pt":1724768761805,"mc":[{"id":"1.232283561","rc":[{"ltp":2.68,"id":144197},{"ltp":1.58,"id":891555}]}]}
{"op":"mcm","clk":"11975689563","pt":1724768821778,"mc":[{"id":"1.232283561","rc":[{"ltp":2.84,"id":144197},{"ltp":1.53,"id":891555}]}]}
{"op":"mcm","clk":"11975694923","pt":1724768881747,"mc":[{"id":"1.232283561","rc":[{"ltp":3.25,"id":144197},{"ltp":1.44,"id":891555}]}]}
{"op":"mcm","clk":"11975700012","pt":1724768941738,"mc":[{"id":"1.232283561","rc":[{"ltp":3.2,"id":144197},{"ltp":1.45,"id":891555}]}]}
{"op":"mcm","clk":"11975704818","pt":1724769001790,"mc":[{"id":"1.232283561","rc":[{"ltp":3.25,"id":144197},{"ltp":1.44,"id":891555}]}]}
{"op":"mcm","clk":"11975710299","pt":1724769061552,"mc":[{"id":"1.232283561","rc":[{"ltp":3.3,"id":144197}]}]}
{"op":"mcm","clk":"11975715423","pt":1724769121808,"mc":[{"id":"1.232283561","rc":[{"ltp":3.55,"id":144197},{"ltp":1.39,"id":891555}]}]}
{"op":"mcm","clk":"11975720373","pt":1724769181586,"mc":[{"id":"1.232283561","rc":[{"ltp":3.7,"id":144197},{"ltp":1.37,"id":891555}]}]}
{"op":"mcm","clk":"11975725767","pt":1724769241828,"mc":[{"id":"1.232283561","rc":[{"ltp":3.25,"id":144197},{"ltp":1.43,"id":891555}]}]}
{"op":"mcm","clk":"11975731802","pt":1724769301687,"mc":[{"id":"1.232283561","rc":[{"ltp":3.1,"id":144197},{"ltp":1.48,"id":891555}]}]}
{"op":"mcm","clk":"11975737162","pt":1724769361752,"mc":[{"id":"1.232283561","rc":[{"ltp":3.3,"id":144197},{"ltp":1.44,"id":891555}]}]}
{"op":"mcm","clk":"11975742474","pt":1724769421801,"mc":[{"id":"1.232283561","rc":[{"ltp":3.1,"id":144197},{"ltp":1.47,"id":891555}]}]}
{"op":"mcm","clk":"11975747814","pt":1724769481719,"mc":[{"id":"1.232283561","rc":[{"ltp":3.05,"id":144197},{"ltp":1.49,"id":891555}]}]}
{"op":"mcm","clk":"11975752849","pt":1724769541760,"mc":[{"id":"1.232283561","rc":[{"ltp":3.25,"id":144197},{"ltp":1.44,"id":891555}]}]}
{"op":"mcm","clk":"11975758051","pt":1724769601732,"mc":[{"id":"1.232283561","rc":[{"ltp":3.2,"id":144197},{"ltp":1.45,"id":891555}]}]}
{"op":"mcm","clk":"11975763468","pt":1724769661565,"mc":[{"id":"1.232283561","rc":[{"ltp":2.62,"id":144197},{"ltp":1.62,"id":891555}]}]}
{"op":"mcm","clk":"11975771371","pt":1724769721783,"mc":[{"id":"1.232283561","rc":[{"ltp":2.56,"id":144197},{"ltp":1.64,"id":891555}]}]}
{"op":"mcm","clk":"11975777707","pt":1724769781767,"mc":[{"id":"1.232283561","rc":[{"ltp":2.68,"id":144197},{"ltp":1.6,"id":891555}]}]}
{"op":"mcm","clk":"11975782890","pt":1724769841821,"mc":[{"id":"1.232283561","rc":[{"ltp":2.52,"id":144197},{"ltp":1.66,"id":891555}]}]}
{"op":"mcm","clk":"11975787945","pt":1724769901788,"mc":[{"id":"1.232283561","rc":[{"ltp":2.1,"id":144197},{"ltp":1.92,"id":891555}]}]}
{"op":"mcm","clk":"11975792696","pt":1724769961823,"mc":[{"id":"1.232283561","rc":[{"ltp":2.04,"id":144197},{"ltp":1.95,"id":891555}]}]}
{"op":"mcm","clk":"11975800220","pt":1724770021828,"mc":[{"id":"1.232283561","rc":[{"ltp":2.12,"id":144197},{"ltp":1.83,"id":891555}]}]}
{"op":"mcm","clk":"11975806292","pt":1724770081595,"mc":[{"id":"1.232283561","rc":[{"ltp":2.22,"id":144197},{"ltp":1.8,"id":891555}]}]}
{"op":"mcm","clk":"11975812196","pt":1724770141780,"mc":[{"id":"1.232283561","rc":[{"ltp":2.3,"id":144197},{"ltp":1.76,"id":891555}]}]}
{"op":"mcm","clk":"11975817724","pt":1724770201650,"mc":[{"id":"1.232283561","rc":[{"ltp":3.75,"id":144197},{"ltp":1.36,"id":891555}]}]}
{"op":"mcm","clk":"11975823459","pt":1724770261722,"mc":[{"id":"1.232283561","rc":[{"ltp":3.9,"id":144197},{"ltp":1.32,"id":891555}]}]}
{"op":"mcm","clk":"11975830553","pt":1724770321770,"mc":[{"id":"1.232283561","rc":[{"ltp":3.75,"id":144197},{"ltp":1.36,"id":891555}]}]}
{"op":"mcm","clk":"11975836802","pt":1724770381762,"mc":[{"id":"1.232283561","rc":[{"ltp":3.9,"id":144197},{"ltp":1.34,"id":891555}]}]}
{"op":"mcm","clk":"11975843273","pt":1724770441813,"mc":[{"id":"1.232283561","rc":[{"ltp":4.1,"id":144197},{"ltp":1.33,"id":891555}]}]}
{"op":"mcm","clk":"11975849116","pt":1724770501785,"mc":[{"id":"1.232283561","rc":[{"ltp":4.2,"id":144197},{"ltp":1.31,"id":891555}]}]}
{"op":"mcm","clk":"11975854945","pt":1724770561634,"mc":[{"id":"1.232283561","rc":[{"ltp":4.3,"id":144197},{"ltp":1.3,"id":891555}]}]}
{"op":"mcm","clk":"11975861589","pt":1724770621791,"mc":[{"id":"1.232283561","rc":[{"ltp":4.6,"id":144197},{"ltp":1.27,"id":891555}]}]}
{"op":"mcm","clk":"11975868176","pt":1724770681804,"mc":[{"id":"1.232283561","rc":[{"ltp":8.6,"id":144197},{"ltp":1.13,"id":891555}]}]}
{"op":"mcm","clk":"11975874609","pt":1724770741783,"mc":[{"id":"1.232283561","rc":[{"ltp":8.8,"id":144197},{"ltp":1.12,"id":891555}]}]}
{"op":"mcm","clk":"11975880639","pt":1724770801735,"mc":[{"id":"1.232283561","rc":[{"ltp":9.4,"id":144197},{"ltp":1.13,"id":891555}]}]}
{"op":"mcm","clk":"11975887572","pt":1724770861792,"mc":[{"id":"1.232283561","rc":[{"ltp":8.6,"id":144197},{"ltp":1.12,"id":891555}]}]}
{"op":"mcm","clk":"11975893796","pt":1724770921789,"mc":[{"id":"1.232283561","rc":[{"ltp":9.2,"id":144197}]}]}
{"op":"mcm","clk":"11975899819","pt":1724770981780,"mc":[{"id":"1.232283561","rc":[{"ltp":11.0,"id":144197},{"ltp":1.1,"id":891555}]}]}
{"op":"mcm","clk":"11975905809","pt":1724771041752,"mc":[{"id":"1.232283561","rc":[{"ltp":15.0,"id":144197},{"ltp":1.07,"id":891555}]}]}
{"op":"mcm","clk":"11975911914","pt":1724771101827,"mc":[{"id":"1.232283561","rc":[{"ltp":26.0,"id":144197},{"ltp":1.04,"id":891555}]}]}
{"op":"mcm","clk":"11975918300","pt":1724771161687,"mc":[{"id":"1.232283561","rc":[{"ltp":34.0,"id":144197},{"ltp":1.03,"id":891555}]}]}
{"op":"mcm","clk":"11975924256","pt":1724771221805,"mc":[{"id":"1.232283561","rc":[{"ltp":12.0,"id":144197},{"ltp":1.09,"id":891555}]}]}
{"op":"mcm","clk":"11975930488","pt":1724771281803,"mc":[{"id":"1.232283561","rc":[{"ltp":11.0,"id":144197},{"ltp":1.1,"id":891555}]}]}
{"op":"mcm","clk":"11975937428","pt":1724771341792,"mc":[{"id":"1.232283561","rc":[{"ltp":5.3,"id":144197},{"ltp":1.24,"id":891555}]}]}
{"op":"mcm","clk":"11975944670","pt":1724771401770,"mc":[{"id":"1.232283561","rc":[{"ltp":4.9,"id":144197},{"ltp":1.25,"id":891555}]}]}
{"op":"mcm","clk":"11975953586","pt":1724771461825,"mc":[{"id":"1.232283561","rc":[{"ltp":6.4,"id":144197},{"ltp":1.19,"id":891555}]}]}
{"op":"mcm","clk":"11975961320","pt":1724771521791,"mc":[{"id":"1.232283561","rc":[{"ltp":7.6,"id":144197},{"ltp":1.14,"id":891555}]}]}
{"op":"mcm","clk":"11975969352","pt":1724771581787,"mc":[{"id":"1.232283561","rc":[{"ltp":9.4,"id":144197},{"ltp":1.12,"id":891555}]}]}
{"op":"mcm","clk":"11975978041","pt":1724771641747,"mc":[{"id":"1.232283561","rc":[{"ltp":42.0,"id":144197},{"ltp":1.03,"id":891555}]}]}
{"op":"mcm","clk":"11975986161","pt":1724771701822,"mc":[{"id":"1.232283561","rc":[{"ltp":60.0,"id":144197},{"ltp":1.02,"id":891555}]}]}
{"op":"mcm","clk":"11975994914","pt":1724771761754,"mc":[{"id":"1.232283561","rc":[{"ltp":400.0,"id":144197},{"ltp":1.01,"id":891555}]}]}
{"op":"mcm","clk":"11976009539","pt":1724771881432,"mc":[{"id":"1.232283561","rc":[{"ltp":1000.0,"id":144197}]}]}
{"op":"mcm","clk":"11976016413","pt":1724771940301,"mc":[{"id":"1.232283561","rc":[{"ltp":400.0,"id":144197}]}]}
{"op":"mcm","clk":"11976023758","pt":1724772001409,"mc":[{"id":"1.232283561","rc":[{"ltp":1000.0,"id":144197}]}]}
{"op":"mcm","clk":"11976044438","pt":1724772176281,"mc":[{"id":"1.232283561","marketDefinition":{"bspMarket":false,"turnInPlayEnabled":true,"persistenceEnabled":true,"marketBaseRate":5.0,"eventId":"33527201","eventTypeId":"4","numberOfWinners":1,"bettingType":"ODDS","marketType":"MATCH_ODDS","marketTime":"2024-08-27T12:00:00.000Z","suspendTime":"2024-08-27T12:00:00.000Z","bspReconciled":false,"complete":true,"inPlay":true,"crossMatching":true,"runnersVoidable":false,"numberOfActiveRunners":2,"betDelay":5,"status":"SUSPENDED","runners":[{"status":"ACTIVE","sortPriority":1,"id":891555,"name":"USA"},{"status":"ACTIVE","sortPriority":2,"id":144197,"name":"Canada"}],"regulators":["MR_INT"],"countryCode":"GB","discountAllowed":true,"timezone":"GMT","openDate":"2024-08-27T12:00:00.000Z","version":6103356401,"name":"Match Odds","eventName":"USA v Canada"}}]}
{"op":"mcm","clk":"11976063915","pt":1724772355264,"mc":[{"id":"1.232283561","marketDefinition":{"bspMarket":false,"turnInPlayEnabled":true,"persistenceEnabled":true,"marketBaseRate":5.0,"eventId":"33527201","eventTypeId":"4","numberOfWinners":1,"bettingType":"ODDS","marketType":"MATCH_ODDS","marketTime":"2024-08-27T12:00:00.000Z","suspendTime":"2024-08-27T12:00:00.000Z","bspReconciled":false,"complete":true,"inPlay":true,"crossMatching":false,"runnersVoidable":false,"numberOfActiveRunners":0,"betDelay":5,"status":"CLOSED","settledTime":"2024-08-27T15:25:07.000Z","runners":[{"status":"WINNER","sortPriority":1,"id":891555,"name":"USA"},{"status":"LOSER","sortPriority":2,"id":144197,"name":"Canada"}],"regulators":["MR_INT"],"countryCode":"GB","discountAllowed":true,"timezone":"GMT","openDate":"2024-08-27T12:00:00.000Z","version":6103357420,"name":"Match Odds","eventName":"USA v Canada"}}]}
