{"op":"mcm","clk":"11779671587","pt":1722846780495,"mc":[{"id":"1.231465188","marketDefinition":{"bspMarket":false,"turnInPlayEnabled":true,"persistenceEnabled":true,"marketBaseRate":5.0,"eventId":"33469581","eventTypeId":"4","numberOfWinners":1,"bettingType":"ODDS","marketType":"MATCH_ODDS","marketTime":"2024-08-06T20:00:00.000Z","suspendTime":"2024-08-06T20:00:00.000Z","bspReconciled":false,"complete":true,"inPlay":false,"crossMatching":true,"runnersVoidable":false,"numberOfActiveRunners":2,"betDelay":0,"status":"OPEN","runners":[{"status":"ACTIVE","sortPriority":1,"id":58385184,"name":"Surrey Jaguars"},{"status":"ACTIVE","sortPriority":2,"id":19144241,"name":"Montreal Tigers"}],"regulators":["MR_INT"],"countryCode":"GB","discountAllowed":true,"timezone":"GMT","openDate":"2024-08-06T20:00:00.000Z","version":6058380851,"name":"Match Odds","eventName":"Surrey Jaguars v Montreal Tigers"}}]}
{"op":"mcm","clk":"11781737160","pt":1722885205042,"mc":[{"id":"1.231465188","rc":[{"ltp":2.06,"id":58385184},{"ltp":1.94,"id":19144241}]}]}
{"op":"mcm","clk":"11783650847","pt":1722929756915,"mc":[{"id":"1.231465188","rc":[{"ltp":1.75,"id":19144241}]}]}
{"op":"mcm","clk":"11783653423","pt":1722929816799,"mc":[{"id":"1.231465188","rc":[{"ltp":1.78,"id":19144241}]}]}
{"op":"mcm","clk":"11783817168","pt":1722935514426,"mc":[{"id":"1.231465188","rc":[{"ltp":2.26,"id":58385184},{"ltp":1.79,"id":19144241}]}]}
{"op":"mcm","clk":"11784066559","pt":1722941302414,"mc":[{"id":"1.231465188","rc":[{"ltp":1.77,"id":19144241}]}]}
{"op":"mcm","clk":"11784594857","pt":1722951887847,"mc":[{"id":"1.231465188","rc":[{"ltp":1.78,"id":19144241}]}]}
{"op":"mcm","clk":"11785152624","pt":1722958557438,"mc":[{"id":"1.231465188","rc":[{"ltp":2.28,"id":58385184}]}]}
{"op":"mcm","clk":"11785664045","pt":1722963002418,"mc":[{"id":"1.231465188","rc":[{"ltp":1.75,"id":19144241}]}]}
{"op":"mcm","clk":"11785682875","pt":1722963168509,"mc":[{"id":"1.231465188","rc":[{"ltp":1.78,"id":19144241}]}]}
{"op":"mcm","clk":"11785702409","pt":1722963358147,"mc":[{"id":"1.231465188","rc":[{"ltp":1.74,"id":19144241}]}]}
{"op":"mcm","clk":"11785733235","pt":1722963650600,"mc":[{"id":"1.231465188","rc":[{"ltp":2.44,"id":58385184},{"ltp":1.78,"id":19144241}]}]}
{"op":"mcm","clk":"11785746897","pt":1722963773663,"mc":[{"id":"1.231465188","rc":[{"ltp":2.28,"id":58385184}]}]}
{"op":"mcm","clk":"11785788794","pt":1722964138044,"mc":[{"id":"1.231465188","rc":[{"ltp":2.32,"id":58385184},{"ltp":1.7,"id":19144241}]}]}
{"op":"mcm","clk":"11785796192","pt":1722964198093,"mc":[{"id":"1.231465188","rc":[{"ltp":1.68,"id":19144241}]}]}
{"op":"mcm","clk":"11785803299","pt":1722964253892,"mc":[{"id":"1.231465188","rc":[{"ltp":1.71,"id":19144241}]}]}
{"op":"mcm","clk":"11785810784","pt":1722964312237,"mc":[{"id":"1.231465188","rc":[{"ltp":2.3,"id":58385184}]}]}
{"op":"mcm","clk":"11785826925","pt":1722964436866,"mc":[{"id":"1.231465188","rc":[{"ltp":2.4,"id":58385184}]}]}
{"op":"mcm","clk":"11785834539","pt":1722964498424,"mc":[{"id":"1.231465188","rc":[{"ltp":2.3,"id":58385184}]}]}
{"op":"mcm","clk":"11785864460","pt":1722964734067,"mc":[{"id":"1.231465188","rc":[{"ltp":2.28,"id":58385184},{"ltp":1.78,"id":19144241}]}]}
{"op":"mcm","clk":"11785907908","pt":1722965085552,"mc":[{"id":"1.231465188","rc":[{"ltp":2.42,"id":58385184}]}]}
{"op":"mcm","clk":"11785917220","pt":1722965157280,"mc":[{"id":"1.231465188","rc":[{"ltp":2.3,"id":58385184},{"ltp":1.72,"id":19144241}]}]}
{"op":"mcm","clk":"11785949415","pt":1722965394937,"mc":[{"id":"1.231465188","rc":[{"ltp":2.28,"id":58385184},{"ltp":1.77,"id":19144241}]}]}
{"op":"mcm","clk":"11786018467","pt":1722965865405,"mc":[{"id":"1.231465188","rc":[{"ltp":2.38,"id":58385184},{"ltp":1.78,"id":19144241}]}]}
{"op":"mcm","clk":"11786029448","pt":1722965935305,"mc":[{"id":"1.231465188","rc":[{"ltp":1.73,"id":19144241}]}]}
{"op":"mcm","clk":"11786037606","pt":1722965994684,"mc":[{"id":"1.231465188","rc":[{"ltp":2.28,"id":58385184},{"ltp":1.77,"id":19144241}]}]}
{"op":"mcm","clk":"11786132421","pt":1722966578568,"mc":[{"id":"1.231465188","rc":[{"ltp":1.76,"id":19144241}]}]}
{"op":"mcm","clk":"11786144211","pt":1722966657841,"mc":[{"id":"1.231465188","rc":[{"ltp":1.77,"id":19144241}]}]}
{"op":"mcm","clk":"11786151178","pt":1722966704788,"mc":[{"id":"1.231465188","rc":[{"ltp":2.38,"id":58385184},{"ltp":1.78,"id":19144241}]}]}
{"op":"mcm","clk":"11786161428","pt":1722966771952,"mc":[{"id":"1.231465188","rc":[{"ltp":2.36,"id":58385184}]}]}
{"op":"mcm","clk":"11786175046","pt":1722966878089,"mc":[{"id":"1.231465188","rc":[{"ltp":2.28,"id":58385184}]}]}
{"op":"mcm","clk":"11786183115","pt":1722966939549,"mc":[{"id":"1.231465188","rc":[{"ltp":2.34,"id":58385184}]}]}
{"op":"mcm","clk":"11786228953","pt":1722967306369,"mc":[{"id":"1.231465188","rc":[{"ltp":2.36,"id":58385184},{"ltp":1.73,"id":19144241}]}]}
{"op":"mcm","clk":"11786268696","pt":1722967611054,"mc":[{"id":"1.231465188","rc":[{"ltp":2.28,"id":58385184},{"ltp":1.78,"id":19144241}]}]}
{"op":"mcm","clk":"11786283250","pt":1722967717489,"mc":[{"id":"1.231465188","rc":[{"ltp":2.36,"id":58385184},{"ltp":1.72,"id":19144241}]}]}
{"op":"mcm","clk":"11786288911","pt":1722967761137,"mc":[{"id":"1.231465188","rc":[{"ltp":2.28,"id":58385184},{"ltp":1.78,"id":19144241}]}]}
{"op":"mcm","clk":"11786315818","pt":1722967975401,"mc":[{"id":"1.231465188","rc":[{"ltp":2.38,"id":58385184},{"ltp":1.77,"id":19144241}]}]}
{"op":"mcm","clk":"11786330635","pt":1722968097929,"mc":[{"id":"1.231465188","rc":[{"ltp":1.72,"id":19144241}]}]}
{"op":"mcm","clk":"11786356057","pt":1722968277097,"mc":[{"id":"1.231465188","rc":[{"ltp":2.28,"id":58385184},{"ltp":1.78,"id":19144241}]}]}
{"op":"mcm","clk":"11786536343","pt":1722969508887,"mc":[{"id":"1.231465188","rc":[{"ltp":1.76,"id":19144241}]}]}
{"op":"mcm","clk":"11786549624","pt":1722969596753,"mc":[{"id":"1.231465188","rc":[{"ltp":1.78,"id":19144241}]}]}
{"op":"mcm","clk":"11786558623","pt":1722969652326,"mc":[{"id":"1.231465188","rc":[{"ltp":1.72,"id":19144241}]}]}
{"op":"mcm","clk":"11786569597","pt":1722969720659,"mc":[{"id":"1.231465188","rc":[{"ltp":1.77,"id":19144241}]}]}
{"op":"mcm","clk":"11786579052","pt":1722969780350,"mc":[{"id":"1.231465188","rc":[{"ltp":1.78,"id":19144241}]}]}
{"op":"mcm","clk":"11786645107","pt":1722970232793,"mc":[{"id":"1.231465188","rc":[{"ltp":2.38,"id":58385184}]}]}
{"op":"mcm","clk":"11786664883","pt":1722970376866,"mc":[{"id":"1.231465188","rc":[{"ltp":2.26,"id":58385184},{"ltp":1.79,"id":19144241}]}]}
{"op":"mcm","clk":"11786693072","pt":1722970592011,"mc":[{"id":"1.231465188","rc":[{"ltp":2.28,"id":58385184},{"ltp":1.78,"id":19144241}]}]}
{"op":"mcm","clk":"11786704248","pt":1722970673788,"mc":[{"id":"1.231465188","rc":[{"ltp":1.74,"id":19144241}]}]}
{"op":"mcm","clk":"11786712833","pt":1722970737597,"mc":[{"id":"1.231465188","rc":[{"ltp":1.78,"id":19144241}]}]}
{"op":"mcm","clk":"11786718678","pt":1722970782570,"mc":[{"id":"1.231465188","rc":[{"ltp":1.79,"id":19144241}]}]}
{"op":"mcm","clk":"11786774107","pt":1722971218223,"mc":[{"id":"1.231465188","rc":[{"ltp":2.26,"id":58385184},{"ltp":1.73,"id":19144241}]}]}
{"op":"mcm","clk":"11786802232","pt":1722971454104,"mc":[{"id":"1.231465188","rc":[{"ltp":2.28,"id":58385184},{"ltp":1.78,"id":19144241}]}]}
{"op":"mcm","clk":"11786815261","pt":1722971568237,"mc":[{"id":"1.231465188","rc":[{"ltp":1.74,"id":19144241}]}]}
{"op":"mcm","clk":"11786828487","pt":1722971609727,"mc":[{"id":"1.231465188","rc":[{"ltp":1.78,"id":19144241}]}]}
{"op":"mcm","clk":"11786854110","pt":1722971815555,"mc":[{"id":"1.231465188","rc":[{"ltp":2.38,"id":58385184},{"ltp":1.77,"id":19144241}]}]}
{"op":"mcm","clk":"11786861318","pt":1722971877689,"mc":[{"id":"1.231465188","rc":[{"ltp":2.3,"id":58385184},{"ltp":1.71,"id":19144241}]}]}
{"op":"mcm","clk":"11786880880","pt":1722972056779,"mc":[{"id":"1.231465188","rc":[{"ltp":2.28,"id":58385184},{"ltp":1.77,"id":19144241}]}]}
{"op":"mcm","clk":"11786897160","pt":1722972207970,"mc":[{"id":"1.231465188","rc":[{"ltp":2.3,"id":58385184}]}]}
{"op":"mcm","clk":"11786905970","pt":1722972292450,"mc":[{"id":"1.231465188","rc":[{"ltp":1.71,"id":19144241}]}]}
{"op":"mcm","clk":"11786932203","pt":1722972537297,"mc":[{"id":"1.231465188","rc":[{"ltp":2.26,"id":58385184},{"ltp":1.8,"id":19144241}]}]}
{"op":"mcm","clk":"11786938072","pt":1722972597176,"mc":[{"id":"1.231465188","rc":[{"ltp":2.28,"id":58385184}]}]}
{"op":"mcm","clk":"11786943860","pt":1722972651231,"mc":[{"id":"1.231465188","rc":[{"ltp":2.26,"id":58385184},{"ltp":1.72,"id":19144241}]}]}
{"op":"mcm","clk":"11786956639","pt":1722972774513,"mc":[{"id":"1.231465188","rc":[{"ltp":2.24,"id":58385184},{"ltp":1.81,"id":19144241}]}]}
{"op":"mcm","clk":"11786962569","pt":1722972834485,"mc":[{"id":"1.231465188","rc":[{"ltp":2.18,"id":58385184}]}]}
{"op":"mcm","clk":"11786968958","pt":1722972897455,"mc":[{"id":"1.231465188","rc":[{"ltp":2.02,"id":58385184},{"ltp":1.94,"id":19144241}]}]}
{"op":"mcm","clk":"11786975425","pt":1722972957510,"mc":[{"id":"1.231465188","rc":[{"ltp":2.04,"id":19144241}]}]}
{"op":"mcm","clk":"11786985838","pt":1722973071201,"mc":[{"id":"1.231465188","rc":[{"ltp":2.08,"id":58385184},{"ltp":1.92,"id":19144241}]}]}
{"op":"mcm","clk":"11786989991","pt":1722973116568,"mc":[{"id":"1.231465188","rc":[{"ltp":2.1,"id":58385184},{"ltp":1.9,"id":19144241}]}]}
{"op":"mcm","clk":"11786996835","pt":1722973190665,"mc":[{"id":"1.231465188","rc":[{"ltp":2.14,"id":58385184},{"ltp":1.88,"id":19144241}]}]}
{"op":"mcm","clk":"11787002888","pt":1722973257696,"mc":[{"id":"1.231465188","rc":[{"ltp":2.04,"id":58385184},{"ltp":1.93,"id":19144241}]}]}
{"op":"mcm","clk":"11787008320","pt":1722973317731,"mc":[{"id":"1.231465188","rc":[{"ltp":2.08,"id":58385184},{"ltp":1.92,"id":19144241}]}]}
{"op":"mcm","clk":"11787013064","pt":1722973371706,"mc":[{"id":"1.231465188","rc":[{"ltp":2.04,"id":58385184}]}]}
{"op":"mcm","clk":"11787019206","pt":1722973436869,"mc":[{"id":"1.231465188","rc":[{"ltp":1.96,"id":19144241}]}]}
{"op":"mcm","clk":"11787024554","pt":1722973497344,"mc":[{"id":"1.231465188","rc":[{"ltp":1.93,"id":19144241}]}]}
{"op":"mcm","clk":"11787029099","pt":1722973549405,"mc":[{"id":"1.231465188","rc":[{"ltp":2.08,"id":58385184}]}]}
{"op":"mcm","clk":"11787034377","pt":1722973603055,"mc":[{"id":"1.231465188","rc":[{"ltp":2.06,"id":58385184}]}]}
{"op":"mcm","clk":"11787041184","pt":1722973673918,"mc":[{"id":"1.231465188","rc":[{"ltp":2.08,"id":58385184},{"ltp":1.92,"id":19144241}]}]}
{"op":"mcm","clk":"11787046541","pt":1722973732609,"mc":[{"id":"1.231465188","rc":[{"ltp":1.89,"id":19144241}]}]}
{"op":"mcm","clk":"11787064909","pt":1722973914683,"mc":[{"id":"1.231465188","rc":[{"ltp":2.2,"id":58385184},{"ltp":1.83,"id":19144241}]}]}
{"op":"mcm","clk":"11787081861","pt":1722974098248,"mc":[{"id":"1.231465188","rc":[{"ltp":1.82,"id":19144241}]}]}
{"op":"mcm","clk":"11787086350","pt":1722974158337,"mc":[{"id":"1.231465188","rc":[{"ltp":2.18,"id":58385184},{"ltp":1.78,"id":19144241}]}]}
{"op":"mcm","clk":"11787090763","pt":1722974217576,"mc":[{"id":"1.231465188","rc":[{"ltp":1.71,"id":19144241}]}]}
{"op":"mcm","clk":"11787095154","pt":1722974273868,"mc":[{"id":"1.231465188","rc":[{"ltp":2.28,"id":58385184},{"ltp":1.78,"id":19144241}]}]}
{"op":"mcm","clk":"11787103689","pt":1722974396959,"mc":[{"id":"1.231465188","rc":[{"ltp":2.26,"id":58385184},{"ltp":1.8,"id":19144241}]}]}
{"op":"mcm","clk":"11787108149","pt":1722974455156,"mc":[{"id":"1.231465188","marketDefinition":{"bspMarket":false,"turnInPlayEnabled":true,"persistenceEnabled":true,"marketBaseRate":5.0,"eventId":"33469581","eventTypeId":"4","numberOfWinners":1,"bettingType":"ODDS","marketType":"MATCH_ODDS","marketTime":"2024-08-06T20:00:00.000Z","suspendTime":"2024-08-06T20:00:00.000Z","bspReconciled":false,"complete":true,"inPlay":true,"crossMatching":true,"runnersVoidable":false,"numberOfActiveRunners":2,"betDelay":5,"status":"OPEN","runners":[{"status":"ACTIVE","sortPriority":1,"id":58385184,"name":"Surrey Jaguars"},{"status":"ACTIVE","sortPriority":2,"id":19144241,"name":"Montreal Tigers"}],"regulators":["MR_INT"],"countryCode":"GB","discountAllowed":true,"timezone":"GMT","openDate":"2024-08-06T20:00:00.000Z","version":6060045865,"name":"Match Odds","eventName":"Surrey Jaguars v Montreal Tigers"}}]}
{"op":"mcm","clk":"11787112645","pt":1722974515014,"mc":[{"id":"1.231465188","rc":[{"ltp":2.28,"id":58385184},{"ltp":1.78,"id":19144241}]}]}
{"op":"mcm","clk":"11787126511","pt":1722974693828,"mc":[{"id":"1.231465188","rc":[{"ltp":1.8,"id":19144241}]}]}
{"op":"mcm","clk":"11787131762","pt":1722974758292,"mc":[{"id":"1.231465188","rc":[{"ltp":1.79,"id":19144241}]}]}
{"op":"mcm","clk":"11787136047","pt":1722974810991,"mc":[{"id":"1.231465188","rc":[{"ltp":1.78,"id":19144241}]}]}
{"op":"mcm","clk":"11787151008","pt":1722974989948,"mc":[{"id":"1.231465188","rc":[{"ltp":2.26,"id":58385184},{"ltp":1.79,"id":19144241}]}]}
{"op":"mcm","clk":"11787156553","pt":1722975058336,"mc":[{"id":"1.231465188","rc":[{"ltp":2.28,"id":58385184},{"ltp":1.8,"id":19144241}]}]}
{"op":"mcm","clk":"11787160852","pt":1722975117898,"mc":[{"id":"1.231465188","rc":[{"ltp":2.0,"id":19144241}]}]}
{"op":"mcm","clk":"11787168326","pt":1722975238044,"mc":[{"id":"1.231465188","rc":[{"ltp":2.0,"id":58385184}]}]}
{"op":"mcm","clk":"11787172410","pt":1722975298436,"mc":[{"id":"1.231465188","rc":[{"ltp":1.97,"id":58385184},{"ltp":1.83,"id":19144241}]}]}
{"op":"mcm","clk":"11787191517","pt":1722975594307,"mc":[{"id":"1.231465188","rc":[{"ltp":2.02,"id":58385184},{"ltp":1.98,"id":19144241}]}]}
{"op":"mcm","clk":"11787208216","pt":1722975835775,"mc":[{"id":"1.231465188","rc":[{"ltp":2.04,"id":58385184},{"ltp":1.95,"id":19144241}]}]}
{"op":"mcm","clk":"11787212500","pt":1722975891264,"mc":[{"id":"1.231465188","rc":[{"ltp":1.91,"id":19144241}]}]}
{"op":"mcm","clk":"11787231451","pt":1722976135797,"mc":[{"id":"1.231465188","rc":[{"ltp":2.06,"id":58385184},{"ltp":1.93,"id":19144241}]}]}
{"op":"mcm","clk":"11787242733","pt":1722976315816,"mc":[{"id":"1.231465188","rc":[{"ltp":1.91,"id":19144241}]}]}
{"op":"mcm","clk":"11787246161","pt":1722976372752,"mc":[{"id":"1.231465188","rc":[{"ltp":2.18,"id":58385184},{"ltp":1.84,"id":19144241}]}]}
{"op":"mcm","clk":"11787249976","pt":1722976435568,"mc":[{"id":"1.231465188","rc":[{"ltp":1.83,"id":19144241}]}]}
{"op":"mcm","clk":"11787257218","pt":1722976554543,"mc":[{"id":"1.231465188","rc":[{"ltp":1.84,"id":19144241}]}]}
{"op":"mcm","clk":"11787264382","pt":1722976677360,"mc":[{"id":"1.231465188","rc":[{"ltp":1.88,"id":19144241}]}]}
{"op":"mcm","clk":"11787267704","pt":1722976737537,"mc":[{"id":"1.231465188","rc":[{"ltp":1.84,"id":19144241}]}]}
{"op":"mcm","clk":"11787271114","pt":1722976797389,"mc":[{"id":"1.231465188","rc":[{"ltp":1.89,"id":19144241}]}]}
{"op":"mcm","clk":"11787274479","pt":1722976858182,"mc":[{"id":"1.231465188","rc":[{"ltp":2.06,"id":58385184}]}]}
{"op":"mcm","clk":"11787277160","pt":1722976908918,"mc":[{"id":"1.231465188","rc":[{"ltp":1.94,"id":19144241}]}]}
{"op":"mcm","clk":"11787288729","pt":1722976975891,"mc":[{"id":"1.231465188","rc":[{"ltp":1.91,"id":19144241}]}]}
{"op":"mcm","clk":"11787292239","pt":1722977035963,"mc":[{"id":"1.231465188","rc":[{"ltp":1.89,"id":19144241}]}]}
{"op":"mcm","clk":"11787299200","pt":1722977156426,"mc":[{"id":"1.231465188","rc":[{"ltp":2.08,"id":58385184},{"ltp":1.91,"id":19144241}]}]}
{"op":"mcm","clk":"11787312134","pt":1722977440794,"mc":[{"id":"1.231465188","rc":[{"ltp":1.89,"id":19144241}]}]}
{"op":"mcm","clk":"11787316347","pt":1722977541399,"mc":[{"id":"1.231465188","rc":[{"ltp":2.12,"id":58385184}]}]}
{"op":"mcm","clk":"11787323363","pt":1722977745314,"mc":[{"id":"1.231465188","rc":[{"ltp":1.84,"id":19144241}]}]}
{"op":"mcm","clk":"11787344189","pt":1722978295739,"mc":[{"id":"1.231465188","rc":[{"ltp":1.87,"id":19144241}]}]}
{"op":"mcm","clk":"11787350162","pt":1722978476939,"mc":[{"id":"1.231465188","rc":[{"ltp":2.14,"id":58385184}]}]}
{"op":"mcm","clk":"11787365652","pt":1722978893988,"mc":[{"id":"1.231465188","rc":[{"ltp":1.9,"id":19144241}]}]}
{"op":"mcm","clk":"11787368435","pt":1722978958346,"mc":[{"id":"1.231465188","rc":[{"ltp":2.18,"id":58385184},{"ltp":1.84,"id":19144241}]}]}
{"op":"mcm","clk":"11787376048","pt":1722979138271,"mc":[{"id":"1.231465188","rc":[{"ltp":1.85,"id":19144241}]}]}
{"op":"mcm","clk":"11787383424","pt":1722979317695,"mc":[{"id":"1.231465188","rc":[{"ltp":1.89,"id":19144241}]}]}
{"op":"mcm","clk":"11787385624","pt":1722979372774,"mc":[{"id":"1.231465188","rc":[{"ltp":1.9,"id":19144241}]}]}
{"op":"mcm","clk":"11787387257","pt":1722979419551,"mc":[{"id":"1.231465188","rc":[{"ltp":2.1,"id":58385184}]}]}
{"op":"mcm","clk":"11787401419","pt":1722979795621,"mc":[{"id":"1.231465188","rc":[{"ltp":2.08,"id":58385184},{"ltp":1.92,"id":19144241}]}]}
{"op":"mcm","clk":"11787403843","pt":1722979855908,"mc":[{"id":"1.231465188","rc":[{"ltp":2.1,"id":58385184},{"ltp":1.89,"id":19144241}]}]}
{"op":"mcm","clk":"11787408537","pt":1722979976390,"mc":[{"id":"1.231465188","rc":[{"ltp":1.86,"id":19144241}]}]}
{"op":"mcm","clk":"11787412802","pt":1722980076834,"mc":[{"id":"1.231465188","rc":[{"ltp":1.85,"id":19144241}]}]}
{"op":"mcm","clk":"11787419944","pt":1722980277966,"mc":[{"id":"1.231465188","rc":[{"ltp":2.18,"id":58385184},{"ltp":1.83,"id":19144241}]}]}
{"op":"mcm","clk":"11787423954","pt":1722980396791,"mc":[{"id":"1.231465188","rc":[{"ltp":1.84,"id":19144241}]}]}
{"op":"mcm","clk":"11787429577","pt":1722980577660,"mc":[{"id":"1.231465188","rc":[{"ltp":1.83,"id":19144241}]}]}
{"op":"mcm","clk":"11787443334","pt":1722980937573,"mc":[{"id":"1.231465188","rc":[{"ltp":1.85,"id":19144241}]}]}
{"op":"mcm","clk":"11787445557","pt":1722980995511,"mc":[{"id":"1.231465188","rc":[{"ltp":2.12,"id":58385184},{"ltp":1.89,"id":19144241}]}]}
{"op":"mcm","clk":"11787447988","pt":1722981054016,"mc":[{"id":"1.231465188","rc":[{"ltp":1.86,"id":19144241}]}]}
{"op":"mcm","clk":"11787452823","pt":1722981178300,"mc":[{"id":"1.231465188","rc":[{"ltp":1.89,"id":19144241}]}]}
{"op":"mcm","clk":"11787467851","pt":1722981536281,"mc":[{"id":"1.231465188","rc":[{"ltp":1.84,"id":19144241}]}]}
{"op":"mcm","clk":"11787470290","pt":1722981594860,"mc":[{"id":"1.231465188","rc":[{"ltp":1.82,"id":19144241}]}]}
{"op":"mcm","clk":"11787473180","pt":1722981653490,"mc":[{"id":"1.231465188","rc":[{"ltp":1.87,"id":19144241}]}]}
{"op":"mcm","clk":"11787489163","pt":1722982016012,"mc":[{"id":"1.231465188","rc":[{"ltp":1.89,"id":19144241}]}]}
{"op":"mcm","clk":"11787491556","pt":1722982068978,"mc":[{"id":"1.231465188","rc":[{"ltp":1.87,"id":19144241}]}]}
{"op":"mcm","clk":"11787503192","pt":1722982317706,"mc":[{"id":"1.231465188","rc":[{"ltp":1.89,"id":19144241}]}]}
{"op":"mcm","clk":"11787516808","pt":1722982437467,"mc":[{"id":"1.231465188","rc":[{"ltp":1.86,"id":19144241}]}]}
{"op":"mcm","clk":"11787519509","pt":1722982498075,"mc":[{"id":"1.231465188","rc":[{"ltp":1.89,"id":19144241}]}]}
{"op":"mcm","clk":"11787524514","pt":1722982614919,"mc":[{"id":"1.231465188","rc":[{"ltp":1.82,"id":19144241}]}]}
{"op":"mcm","clk":"11787527250","pt":1722982675110,"mc":[{"id":"1.231465188","rc":[{"ltp":1.86,"id":19144241}]}]}
{"op":"mcm","clk":"11787532095","pt":1722982793165,"mc":[{"id":"1.231465188","rc":[{"ltp":1.9,"id":19144241}]}]}
{"op":"mcm","clk":"11787534845","pt":1722982856640,"mc":[{"id":"1.231465188","rc":[{"ltp":2.1,"id":58385184},{"ltp":1.88,"id":19144241}]}]}
{"op":"mcm","clk":"11787538162","pt":1722982916649,"mc":[{"id":"1.231465188","rc":[{"ltp":1.86,"id":19144241}]}]}
{"op":"mcm","clk":"11787548012","pt":1722983158214,"mc":[{"id":"1.231465188","rc":[{"ltp":1.8,"id":19144241}]}]}
{"op":"mcm","clk":"11787550510","pt":1722983217786,"mc":[{"id":"1.231465188","rc":[{"ltp":1.78,"id":19144241}]}]}
{"op":"mcm","clk":"11787553047","pt":1722983277028,"mc":[{"id":"1.231465188","rc":[{"ltp":1.72,"id":19144241}]}]}
{"op":"mcm","clk":"11787555177","pt":1722983327387,"mc":[{"id":"1.231465188","rc":[{"ltp":2.3,"id":58385184},{"ltp":1.76,"id":19144241}]}]}
{"op":"mcm","clk":"11787558035","pt":1722983394455,"mc":[{"id":"1.231465188","rc":[{"ltp":2.32,"id":58385184},{"ltp":1.72,"id":19144241}]}]}
{"op":"mcm","clk":"11787560702","pt":1722983453212,"mc":[{"id":"1.231465188","rc":[{"ltp":2.38,"id":58385184}]}]}
{"op":"mcm","clk":"11787563495","pt":1722983514748,"mc":[{"id":"1.231465188","rc":[{"ltp":2.46,"id":58385184},{"ltp":1.69,"id":19144241}]}]}
{"op":"mcm","clk":"11787565660","pt":1722983567727,"mc":[{"id":"1.231465188","rc":[{"ltp":2.44,"id":58385184},{"ltp":1.7,"id":19144241}]}]}
{"op":"mcm","clk":"11787568438","pt":1722983632787,"mc":[{"id":"1.231465188","rc":[{"ltp":2.36,"id":58385184},{"ltp":1.71,"id":19144241}]}]}
{"op":"mcm","clk":"11787570758","pt":1722983696034,"mc":[{"id":"1.231465188","rc":[{"ltp":2.4,"id":58385184}]}]}
{"op":"mcm","clk":"11787573118","pt":1722983758103,"mc":[{"id":"1.231465188","rc":[{"ltp":2.38,"id":58385184},{"ltp":1.72,"id":19144241}]}]}
{"op":"mcm","clk":"11787575693","pt":1722983817908,"mc":[{"id":"1.231465188","rc":[{"ltp":1.71,"id":19144241}]}]}
{"op":"mcm","clk":"11787578227","pt":1722983876401,"mc":[{"id":"1.231465188","rc":[{"ltp":2.44,"id":58385184},{"ltp":1.69,"id":19144241}]}]}
{"op":"mcm","clk":"11787580945","pt":1722983936497,"mc":[{"id":"1.231465188","rc":[{"ltp":2.42,"id":58385184},{"ltp":1.7,"id":19144241}]}]}
{"op":"mcm","clk":"11787583434","pt":1722983996884,"mc":[{"id":"1.231465188","rc":[{"ltp":2.4,"id":58385184},{"ltp":1.71,"id":19144241}]}]}
{"op":"mcm","clk":"11787588398","pt":1722984111136,"mc":[{"id":"1.231465188","rc":[{"ltp":2.34,"id":58385184}]}]}
{"op":"mcm","clk":"11787590757","pt":1722984174996,"mc":[{"id":"1.231465188","rc":[{"ltp":2.38,"id":58385184},{"ltp":1.72,"id":19144241}]}]}
{"op":"mcm","clk":"11787593000","pt":1722984230416,"mc":[{"id":"1.231465188","rc":[{"ltp":2.4,"id":58385184},{"ltp":1.71,"id":19144241}]}]}
{"op":"mcm","clk":"11787595499","pt":1722984291883,"mc":[{"id":"1.231465188","rc":[{"ltp":2.36,"id":58385184},{"ltp":1.73,"id":19144241}]}]}
{"op":"mcm","clk":"11787598211","pt":1722984354009,"mc":[{"id":"1.231465188","rc":[{"ltp":2.34,"id":58385184},{"ltp":1.74,"id":19144241}]}]}
{"op":"mcm","clk":"11787603652","pt":1722984476371,"mc":[{"id":"1.231465188","rc":[{"ltp":2.32,"id":58385184},{"ltp":1.75,"id":19144241}]}]}
{"op":"mcm","clk":"11787605840","pt":1722984525915,"mc":[{"id":"1.231465188","rc":[{"ltp":2.34,"id":58385184},{"ltp":1.74,"id":19144241}]}]}
{"op":"mcm","clk":"11787609039","pt":1722984593477,"mc":[{"id":"1.231465188","rc":[{"ltp":1.75,"id":19144241}]}]}
{"op":"mcm","clk":"11787611485","pt":1722984646797,"mc":[{"id":"1.231465188","rc":[{"ltp":2.32,"id":58385184}]}]}
{"op":"mcm","clk":"11787616341","pt":1722984760614,"mc":[{"id":"1.231465188","rc":[{"ltp":1.72,"id":19144241}]}]}
{"op":"mcm","clk":"11787619131","pt":1722984832116,"mc":[{"id":"1.231465188","rc":[{"ltp":2.36,"id":58385184},{"ltp":1.73,"id":19144241}]}]}
{"op":"mcm","clk":"11787624173","pt":1722984957588,"mc":[{"id":"1.231465188","rc":[{"ltp":2.56,"id":58385184},{"ltp":1.69,"id":19144241}]}]}
{"op":"mcm","clk":"11787626895","pt":1722985018246,"mc":[{"id":"1.231465188","rc":[{"ltp":2.5,"id":58385184},{"ltp":1.66,"id":19144241}]}]}
{"op":"mcm","clk":"11787629592","pt":1722985078416,"mc":[{"id":"1.231465188","rc":[{"ltp":3.0,"id":58385184},{"ltp":1.43,"id":19144241}]}]}
{"op":"mcm","clk":"11787632373","pt":1722985138433,"mc":[{"id":"1.231465188","rc":[{"ltp":3.6,"id":58385184},{"ltp":1.37,"id":19144241}]}]}
{"op":"mcm","clk":"11787635296","pt":1722985198111,"mc":[{"id":"1.231465188","rc":[{"ltp":3.7,"id":58385184},{"ltp":1.38,"id":19144241}]}]}
{"op":"mcm","clk":"11787638378","pt":1722985258379,"mc":[{"id":"1.231465188","rc":[{"ltp":4.2,"id":58385184},{"ltp":1.32,"id":19144241}]}]}
{"op":"mcm","clk":"11787641053","pt":1722985318122,"mc":[{"id":"1.231465188","rc":[{"ltp":3.85,"id":58385184},{"ltp":1.34,"id":19144241}]}]}
{"op":"mcm","clk":"11787643930","pt":1722985378318,"mc":[{"id":"1.231465188","rc":[{"ltp":5.0,"id":58385184},{"ltp":1.25,"id":19144241}]}]}
{"op":"mcm","clk":"11787646879","pt":1722985438261,"mc":[{"id":"1.231465188","rc":[{"ltp":4.3,"id":58385184},{"ltp":1.29,"id":19144241}]}]}
{"op":"mcm","clk":"11787649371","pt":1722985498269,"mc":[{"id":"1.231465188","rc":[{"ltp":4.4,"id":58385184}]}]}
{"op":"mcm","clk":"11787652045","pt":1722985557836,"mc":[{"id":"1.231465188","rc":[{"ltp":3.6,"id":58385184},{"ltp":1.36,"id":19144241}]}]}
{"op":"mcm","clk":"11787654808","pt":1722985618402,"mc":[{"id":"1.231465188","rc":[{"ltp":4.1,"id":58385184},{"ltp":1.32,"id":19144241}]}]}
{"op":"mcm","clk":"11787657427","pt":1722985676905,"mc":[{"id":"1.231465188","rc":[{"ltp":4.0,"id":58385184},{"ltp":1.33,"id":19144241}]}]}
{"op":"mcm","clk":"11787660393","pt":1722985737117,"mc":[{"id":"1.231465188","rc":[{"ltp":4.1,"id":58385184},{"ltp":1.32,"id":19144241}]}]}
{"op":"mcm","clk":"11787663718","pt":1722985798396,"mc":[{"id":"1.231465188","rc":[{"ltp":3.9,"id":58385184},{"ltp":1.34,"id":19144241}]}]}
{"op":"mcm","clk":"11787666838","pt":1722985857414,"mc":[{"id":"1.231465188","rc":[{"ltp":4.3,"id":58385184},{"ltp":1.31,"id":19144241}]}]}
{"op":"mcm","clk":"11787669910","pt":1722985917560,"mc":[{"id":"1.231465188","rc":[{"ltp":4.0,"id":58385184},{"ltp":1.33,"id":19144241}]}]}
{"op":"mcm","clk":"11787673066","pt":1722985978425,"mc":[{"id":"1.231465188","rc":[{"ltp":3.75,"id":58385184},{"ltp":1.36,"id":19144241}]}]}
{"op":"mcm","clk":"11787676033","pt":1722986037800,"mc":[{"id":"1.231465188","rc":[{"ltp":4.0,"id":58385184},{"ltp":1.32,"id":19144241}]}]}
{"op":"mcm","clk":"11787678982","pt":1722986098393,"mc":[{"id":"1.231465188","rc":[{"ltp":4.1,"id":58385184}]}]}
{"op":"mcm","clk":"11787681954","pt":1722986158482,"mc":[{"id":"1.231465188","rc":[{"ltp":4.2,"id":58385184},{"ltp":1.31,"id":19144241}]}]}
{"op":"mcm","clk":"11787687913","pt":1722986277545,"mc":[{"id":"1.231465188","rc":[{"ltp":4.0,"id":58385184},{"ltp":1.33,"id":19144241}]}]}
{"op":"mcm","clk":"11787691000","pt":1722986338231,"mc":[{"id":"1.231465188","rc":[{"ltp":4.4,"id":58385184},{"ltp":1.29,"id":19144241}]}]}
{"op":"mcm","clk":"11787693461","pt":1722986397605,"mc":[{"id":"1.231465188","rc":[{"ltp":4.2,"id":58385184},{"ltp":1.32,"id":19144241}]}]}
{"op":"mcm","clk":"11787696370","pt":1722986458369,"mc":[{"id":"1.231465188","rc":[{"ltp":4.0,"id":58385184},{"ltp":1.33,"id":19144241}]}]}
{"op":"mcm","clk":"11787701900","pt":1722986578032,"mc":[{"id":"1.231465188","rc":[{"ltp":1.3,"id":19144241}]}]}
{"op":"mcm","clk":"11787704446","pt":1722986635329,"mc":[{"id":"1.231465188","rc":[{"ltp":4.2,"id":58385184},{"ltp":1.31,"id":19144241}]}]}
{"op":"mcm","clk":"11787707414","pt":1722986697680,"mc":[{"id":"1.231465188","rc":[{"ltp":1.32,"id":19144241}]}]}
{"op":"mcm","clk":"11787710407","pt":1722986758374,"mc":[{"id":"1.231465188","rc":[{"ltp":3.85,"id":58385184},{"ltp":1.35,"id":19144241}]}]}
{"op":"mcm","clk":"11787713475","pt":1722986818120,"mc":[{"id":"1.231465188","rc":[{"ltp":4.0,"id":58385184},{"ltp":1.33,"id":19144241}]}]}
{"op":"mcm","clk":"11787716221","pt":1722986877981,"mc":[{"id":"1.231465188","rc":[{"ltp":1.35,"id":19144241}]}]}
{"op":"mcm","clk":"11787719116","pt":1722986938157,"mc":[{"id":"1.231465188","rc":[{"ltp":3.75,"id":58385184}]}]}
{"op":"mcm","clk":"11787722247","pt":1722986998064,"mc":[{"id":"1.231465188","rc":[{"ltp":1.36,"id":19144241}]}]}
{"op":"mcm","clk":"11787725418","pt":1722987057694,"mc":[{"id":"1.231465188","rc":[{"ltp":3.7,"id":58385184},{"ltp":1.37,"id":19144241}]}]}
{"op":"mcm","clk":"11787728161","pt":1722987117704,"mc":[{"id":"1.231465188","rc":[{"ltp":3.75,"id":58385184},{"ltp":1.36,"id":19144241}]}]}
{"op":"mcm","clk":"11787733842","pt":1722987237209,"mc":[{"id":"1.231465188","rc":[{"ltp":4.2,"id":58385184}]}]}
{"op":"mcm","clk":"11787736583","pt":1722987297952,"mc":[{"id":"1.231465188","rc":[{"ltp":3.9,"id":58385184},{"ltp":1.35,"id":19144241}]}]}
{"op":"mcm","clk":"11787739063","pt":1722987355342,"mc":[{"id":"1.231465188","rc":[{"ltp":3.7,"id":58385184},{"ltp":1.33,"id":19144241}]}]}
{"op":"mcm","clk":"11787741903","pt":1722987418194,"mc":[{"id":"1.231465188","rc":[{"ltp":4.0,"id":58385184}]}]}
{"op":"mcm","clk":"11787744241","pt":1722987471365,"mc":[{"id":"1.231465188","rc":[{"ltp":1.43,"id":19144241}]}]}
{"op":"mcm","clk":"11787747396","pt":1722987538218,"mc":[{"id":"1.231465188","rc":[{"ltp":3.55,"id":58385184},{"ltp":1.39,"id":19144241}]}]}
{"op":"mcm","clk":"11787749868","pt":1722987593585,"mc":[{"id":"1.231465188","rc":[{"ltp":4.1,"id":58385184},{"ltp":1.33,"id":19144241}]}]}
{"op":"mcm","clk":"11787752735","pt":1722987656371,"mc":[{"id":"1.231465188","rc":[{"ltp":3.55,"id":58385184},{"ltp":1.39,"id":19144241}]}]}
{"op":"mcm","clk":"11787754911","pt":1722987710302,"mc":[{"id":"1.231465188","rc":[{"ltp":4.0,"id":58385184},{"ltp":1.33,"id":19144241}]}]}
{"op":"mcm","clk":"11787756938","pt":1722987762270,"mc":[{"id":"1.231465188","rc":[{"ltp":1.3,"id":19144241}]}]}
{"op":"mcm","clk":"11787767835","pt":1722987837311,"mc":[{"id":"1.231465188","rc":[{"ltp":1.31,"id":19144241}]}]}
{"op":"mcm","clk":"11787775713","pt":1722988007608,"mc":[{"id":"1.231465188","marketDefinition":{"bspMarket":false,"turnInPlayEnabled":true,"persistenceEnabled":true,"marketBaseRate":5.0,"eventId":"33469581","eventTypeId":"4","numberOfWinners":1,"bettingType":"ODDS","marketType":"MATCH_ODDS","marketTime":"2024-08-06T20:00:00.000Z","suspendTime":"2024-08-06T20:00:00.000Z","bspReconciled":false,"complete":true,"inPlay":true,"crossMatching":true,"runnersVoidable":false,"numberOfActiveRunners":2,"betDelay":5,"status":"SUSPENDED","runners":[{"status":"ACTIVE","sortPriority":1,"id":58385184,"name":"Surrey Jaguars"},{"status":"ACTIVE","sortPriority":2,"id":19144241,"name":"Montreal Tigers"}],"regulators":["MR_INT"],"countryCode":"GB","discountAllowed":true,"timezone":"GMT","openDate":"2024-08-06T20:00:00.000Z","version":6060207493,"name":"Match Odds","eventName":"Surrey Jaguars v Montreal Tigers"}}]}
{"op":"mcm","clk":"11787778935","pt":1722988078067,"mc":[{"id":"1.231465188","marketDefinition":{"bspMarket":false,"turnInPlayEnabled":true,"persistenceEnabled":true,"marketBaseRate":5.0,"eventId":"33469581","eventTypeId":"4","numberOfWinners":1,"bettingType":"ODDS","marketType":"MATCH_ODDS","marketTime":"2024-08-06T20:00:00.000Z","suspendTime":"2024-08-06T20:00:00.000Z","bspReconciled":false,"complete":true,"inPlay":true,"crossMatching":false,"runnersVoidable":false,"numberOfActiveRunners":2,"betDelay":5,"status":"SUSPENDED","runners":[{"status":"ACTIVE","sortPriority":1,"id":58385184,"name":"Surrey Jaguars"},{"status":"ACTIVE","sortPriority":2,"id":19144241,"name":"Montreal Tigers"}],"regulators":["MR_INT"],"countryCode":"GB","discountAllowed":true,"timezone":"GMT","openDate":"2024-08-06T20:00:00.000Z","version":6060209974,"name":"Match Odds","eventName":"Surrey Jaguars v Montreal Tigers"}}]}
{"op":"mcm","clk":"11787779001","pt":1722988079262,"mc":[{"id":"1.231465188","marketDefinition":{"bspMarket":false,"turnInPlayEnabled":true,"persistenceEnabled":true,"marketBaseRate":5.0,"eventId":"33469581","eventTypeId":"4","numberOfWinners":1,"bettingType":"ODDS","marketType":"MATCH_ODDS","marketTime":"2024-08-06T20:00:00.000Z","suspendTime":"2024-08-06T20:00:00.000Z","bspReconciled":false,"complete":true,"inPlay":true,"crossMatching":false,"runnersVoidable":false,"numberOfActiveRunners":0,"betDelay":5,"status":"CLOSED","settledTime":"2024-08-06T23:47:51.000Z","runners":[{"status":"REMOVED","sortPriority":1,"removalDate":"2024-08-06T23:47:51.000Z","id":58385184,"name":"Surrey Jaguars"},{"status":"REMOVED","sortPriority":2,"removalDate":"2024-08-06T23:47:51.000Z","id":19144241,"name":"Montreal Tigers"}],"regulators":["MR_INT"],"countryCode":"GB","discountAllowed":true,"timezone":"GMT","openDate":"2024-08-06T20:00:00.000Z","version":6060209976,"name":"Match Odds","eventName":"Surrey Jaguars v Montreal Tigers"}}]}
