{"op":"mcm","clk":"11859099380","pt":1723906327447,"mc":[{"id":"1.231569099","marketDefinition":{"bspMarket":false,"turnInPlayEnabled":true,"persistenceEnabled":true,"marketBaseRate":5.0,"eventId":"33477015","eventTypeId":"4","numberOfWinners":0,"bettingType":"LINE","marketType":"A_2ND_INN_RUNS_LINE","marketTime":"2024-08-17T14:00:00.000Z","suspendTime":"2024-08-17T14:00:00.000Z","bspReconciled":false,"complete":true,"inPlay":true,"crossMatching":false,"runnersVoidable":false,"numberOfActiveRunners":1,"betDelay":3,"status":"OPEN","runners":[{"status":"ACTIVE","sortPriority":1,"id":15316,"name":"Total Runs"}],"regulators":["MR_INT"],"countryCode":"GB","discountAllowed":true,"timezone":"GMT","openDate":"2024-08-17T14:00:00.000Z","version":6080090811,"name":"West Indies 2nd Innings Runs Line","eventName":"West Indies v South Africa"}}]}
{"op":"mcm","clk":"11859881294","pt":1723908967603,"mc":[{"id":"1.231569099","rc":[{"ltp":183.5,"id":15316}]}]}
{"op":"mcm","clk":"11859920207","pt":1723909087485,"mc":[{"id":"1.231569099","rc":[{"ltp":174.5,"id":15316}]}]}
{"op":"mcm","clk":"11859938702","pt":1723909147301,"mc":[{"id":"1.231569099","rc":[{"ltp":175.5,"id":15316}]}]}
{"op":"mcm","clk":"11859957620","pt":1723909207590,"mc":[{"id":"1.231569099","rc":[{"ltp":180.5,"id":15316}]}]}
{"op":"mcm","clk":"11859976218","pt":1723909267407,"mc":[{"id":"1.231569099","rc":[{"ltp":185.5,"id":15316}]}]}
{"op":"mcm","clk":"11860012008","pt":1723909387149,"mc":[{"id":"1.231569099","rc":[{"ltp":183.5,"id":15316}]}]}
{"op":"mcm","clk":"11860030104","pt":1723909447552,"mc":[{"id":"1.231569099","rc":[{"ltp":180.5,"id":15316}]}]}
{"op":"mcm","clk":"11860065557","pt":1723909566636,"mc":[{"id":"1.231569099","rc":[{"ltp":183.5,"id":15316}]}]}
{"op":"mcm","clk":"11860099143","pt":1723909687577,"mc":[{"id":"1.231569099","rc":[{"ltp":186.5,"id":15316}]}]}
{"op":"mcm","clk":"11860129179","pt":1723909807613,"mc":[{"id":"1.231569099","rc":[{"ltp":181.5,"id":15316}]}]}
{"op":"mcm","clk":"11860156609","pt":1723909927253,"mc":[{"id":"1.231569099","rc":[{"ltp":169.5,"id":15316}]}]}
{"op":"mcm","clk":"11860194021","pt":1723910106921,"mc":[{"id":"1.231569099","rc":[{"ltp":184.5,"id":15316}]}]}
{"op":"mcm","clk":"11860218471","pt":1723910227562,"mc":[{"id":"1.231569099","rc":[{"ltp":180.5,"id":15316}]}]}
{"op":"mcm","clk":"11860241548","pt":1723910347639,"mc":[{"id":"1.231569099","rc":[{"ltp":183.5,"id":15316}]}]}
{"op":"mcm","clk":"11860250379","pt":1723910402455,"mc":[{"id":"1.231569099","rc":[{"ltp":184.5,"id":15316}]}]}
{"op":"mcm","clk":"11860271789","pt":1723910527502,"mc":[{"id":"1.231569099","rc":[{"ltp":187.5,"id":15316}]}]}
{"op":"mcm","clk":"11860282629","pt":1723910587654,"mc":[{"id":"1.231569099","rc":[{"ltp":191.5,"id":15316}]}]}
{"op":"mcm","clk":"11860294294","pt":1723910647490,"mc":[{"id":"1.231569099","rc":[{"ltp":192.5,"id":15316}]}]}
{"op":"mcm","clk":"11860305497","pt":1723910707602,"mc":[{"id":"1.231569099","rc":[{"ltp":191.5,"id":15316}]}]}
{"op":"mcm","clk":"11860317114","pt":1723910767559,"mc":[{"id":"1.231569099","rc":[{"ltp":192.5,"id":15316}]}]}
{"op":"mcm","clk":"11860417037","pt":1723911187646,"mc":[{"id":"1.231569099","rc":[{"ltp":191.5,"id":15316}]}]}
{"op":"mcm","clk":"11860429668","pt":1723911247321,"mc":[{"id":"1.231569099","rc":[{"ltp":194.5,"id":15316}]}]}
{"op":"mcm","clk":"11860468958","pt":1723911427476,"mc":[{"id":"1.231569099","rc":[{"ltp":193.5,"id":15316}]}]}
{"op":"mcm","clk":"11860481026","pt":1723911486970,"mc":[{"id":"1.231569099","rc":[{"ltp":192.5,"id":15316}]}]}
{"op":"mcm","clk":"11860525734","pt":1723911727466,"mc":[{"id":"1.231569099","rc":[{"ltp":196.5,"id":15316}]}]}
{"op":"mcm","clk":"11860569359","pt":1723911966839,"mc":[{"id":"1.231569099","rc":[{"ltp":199.5,"id":15316}]}]}
{"op":"mcm","clk":"11860591938","pt":1723912087398,"mc":[{"id":"1.231569099","rc":[{"ltp":196.5,"id":15316}]}]}
{"op":"mcm","clk":"11860647992","pt":1723912387618,"mc":[{"id":"1.231569099","rc":[{"ltp":203.5,"id":15316}]}]}
{"op":"mcm","clk":"11860737296","pt":1723912806462,"mc":[{"id":"1.231569099","rc":[{"ltp":204.5,"id":15316}]}]}
{"op":"mcm","clk":"11860852746","pt":1723913407020,"mc":[{"id":"1.231569099","rc":[{"ltp":206.5,"id":15316}]}]}
{"op":"mcm","clk":"11860972019","pt":1723914181019,"mc":[{"id":"1.231569099","rc":[{"ltp":207.5,"id":15316}]}]}
{"op":"mcm","clk":"11861104222","pt":1723915027108,"mc":[{"id":"1.231569099","rc":[{"ltp":208.5,"id":15316}]}]}
{"op":"mcm","clk":"11861122772","pt":1723915147301,"mc":[{"id":"1.231569099","rc":[{"ltp":209.5,"id":15316}]}]}
{"op":"mcm","clk":"11861141735","pt":1723915267482,"mc":[{"id":"1.231569099","rc":[{"ltp":219.5,"id":15316}]}]}
{"op":"mcm","clk":"11861164155","pt":1723915387383,"mc":[{"id":"1.231569099","rc":[{"ltp":228.5,"id":15316}]}]}
{"op":"mcm","clk":"11861347480","pt":1723916467527,"mc":[{"id":"1.231569099","rc":[{"ltp":201.5,"id":15316}]}]}
{"op":"mcm","clk":"11861500181","pt":1723917307521,"mc":[{"id":"1.231569099","rc":[{"ltp":179.5,"id":15316}]}]}
{"op":"mcm","clk":"11861509457","pt":1723917367265,"mc":[{"id":"1.231569099","rc":[{"ltp":174.5,"id":15316}]}]}
{"op":"mcm","clk":"11861557683","pt":1723917667018,"mc":[{"id":"1.231569099","rc":[{"ltp":172.5,"id":15316}]}]}
{"op":"mcm","clk":"11861579837","pt":1723917787638,"mc":[{"id":"1.231569099","rc":[{"ltp":177.5,"id":15316}]}]}
{"op":"mcm","clk":"11861602431","pt":1723917906277,"mc":[{"id":"1.231569099","rc":[{"ltp":179.5,"id":15316}]}]}
{"op":"mcm","clk":"11861667791","pt":1723918266752,"mc":[{"id":"1.231569099","rc":[{"ltp":178.5,"id":15316}]}]}
{"op":"mcm","clk":"11861701158","pt":1723918446664,"mc":[{"id":"1.231569099","rc":[{"ltp":179.5,"id":15316}]}]}
{"op":"mcm","clk":"11861851110","pt":1723919227604,"mc":[{"id":"1.231569099","rc":[{"ltp":205.5,"id":15316}]}]}
{"op":"mcm","clk":"11861872440","pt":1723919346733,"mc":[{"id":"1.231569099","rc":[{"ltp":202.5,"id":15316}]}]}
{"op":"mcm","clk":"11861883653","pt":1723919407351,"mc":[{"id":"1.231569099","rc":[{"ltp":205.5,"id":15316}]}]}
{"op":"mcm","clk":"11861895263","pt":1723919466533,"mc":[{"id":"1.231569099","rc":[{"ltp":207.5,"id":15316}]}]}
{"op":"mcm","clk":"11861993978","pt":1723919919503,"mc":[{"id":"1.231569099","rc":[{"ltp":184.5,"id":15316}]}]}
{"op":"mcm","clk":"11862062496","pt":1723920246805,"mc":[{"id":"1.231569099","rc":[{"ltp":187.5,"id":15316}]}]}
{"op":"mcm","clk":"11862074006","pt":1723920307250,"mc":[{"id":"1.231569099","rc":[{"ltp":188.5,"id":15316}]}]}
{"op":"mcm","clk":"11862137649","pt":1723920667302,"mc":[{"id":"1.231569099","rc":[{"ltp":170.5,"id":15316}]}]}
{"op":"mcm","clk":"11862220166","pt":1723921147530,"mc":[{"id":"1.231569099","rc":[{"ltp":150.5,"id":15316}]}]}
{"op":"mcm","clk":"11862240841","pt":1723921267356,"mc":[{"id":"1.231569099","rc":[{"ltp":152.5,"id":15316}]}]}
{"op":"mcm","clk":"11862250824","pt":1723921326787,"mc":[{"id":"1.231569099","rc":[{"ltp":153.5,"id":15316}]}]}
{"op":"mcm","clk":"11862282895","pt":1723921507285,"mc":[{"id":"1.231569099","rc":[{"ltp":157.5,"id":15316}]}]}
{"op":"mcm","clk":"11862372563","pt":1723921927622,"mc":[{"id":"1.231569099","rc":[{"ltp":175.5,"id":15316}]}]}
{"op":"mcm","clk":"11862411312","pt":1723922047470,"mc":[{"id":"1.231569099","rc":[{"ltp":174.5,"id":15316}]}]}
{"op":"mcm","clk":"11862679698","pt":1723923307026,"mc":[{"id":"1.231569099","rc":[{"ltp":173.5,"id":15316}]}]}
{"op":"mcm","clk":"11862717046","pt":1723923487561,"mc":[{"id":"1.231569099","rc":[{"ltp":177.5,"id":15316}]}]}
{"op":"mcm","clk":"11862896850","pt":1723924387610,"mc":[{"id":"1.231569099","rc":[{"ltp":198.5,"id":15316}]}]}
{"op":"mcm","clk":"11862906884","pt":1723924446869,"mc":[{"id":"1.231569099","rc":[{"ltp":200.5,"id":15316}]}]}
{"op":"mcm","clk":"11862926727","pt":1723924567543,"mc":[{"id":"1.231569099","rc":[{"ltp":202.5,"id":15316}]}]}
{"op":"mcm","clk":"11862999192","pt":1723925047575,"mc":[{"id":"1.231569099","rc":[{"ltp":209.5,"id":15316}]}]}
{"op":"mcm","clk":"11863007640","pt":1723925105621,"mc":[{"id":"1.231569099","rc":[{"ltp":210.5,"id":15316}]}]}
{"op":"mcm","clk":"11863035526","pt":1723925287638,"mc":[{"id":"1.231569099","rc":[{"ltp":220.5,"id":15316}]}]}
{"op":"mcm","clk":"11863064768","pt":1723925467346,"mc":[{"id":"1.231569099","rc":[{"ltp":226.5,"id":15316}]}]}
{"op":"mcm","clk":"11863074637","pt":1723925527507,"mc":[{"id":"1.231569099","rc":[{"ltp":225.5,"id":15316}]}]}
{"op":"mcm","clk":"11863124169","pt":1723925827610,"mc":[{"id":"1.231569099","rc":[{"ltp":228.5,"id":15316}]}]}
{"op":"mcm","clk":"11863133796","pt":1723925887358,"mc":[{"id":"1.231569099","rc":[{"ltp":231.5,"id":15316}]}]}
{"op":"mcm","clk":"11863154165","pt":1723926007577,"mc":[{"id":"1.231569099","rc":[{"ltp":239.5,"id":15316}]}]}
{"op":"mcm","clk":"11863191973","pt":1723926247403,"mc":[{"id":"1.231569099","rc":[{"ltp":216.5,"id":15316}]}]}
{"op":"mcm","clk":"11863253627","pt":1723926667050,"mc":[{"id":"1.231569099","rc":[{"ltp":211.5,"id":15316}]}]}
{"op":"mcm","clk":"11863262368","pt":1723926727612,"mc":[{"id":"1.231569099","rc":[{"ltp":190.5,"id":15316}]}]}
{"op":"mcm","clk":"11863270981","pt":1723926787522,"mc":[{"id":"1.231569099","rc":[{"ltp":201.5,"id":15316}]}]}
{"op":"mcm","clk":"11863279817","pt":1723926847288,"mc":[{"id":"1.231569099","rc":[{"ltp":202.5,"id":15316}]}]}
{"op":"mcm","clk":"11863288094","pt":1723926905629,"mc":[{"id":"1.231569099","rc":[{"ltp":203.5,"id":15316}]}]}
{"op":"mcm","clk":"11863305690","pt":1723927027540,"mc":[{"id":"1.231569099","rc":[{"ltp":205.5,"id":15316}]}]}
{"op":"mcm","clk":"11863314002","pt":1723927087453,"mc":[{"id":"1.231569099","rc":[{"ltp":206.5,"id":15316}]}]}
{"op":"mcm","clk":"11863322784","pt":1723927147493,"mc":[{"id":"1.231569099","rc":[{"ltp":208.5,"id":15316}]}]}
{"op":"mcm","clk":"11863331273","pt":1723927207565,"mc":[{"id":"1.231569099","rc":[{"ltp":209.5,"id":15316}]}]}
{"op":"mcm","clk":"11863339468","pt":1723927267226,"mc":[{"id":"1.231569099","rc":[{"ltp":210.5,"id":15316}]}]}
{"op":"mcm","clk":"11863348349","pt":1723927327625,"mc":[{"id":"1.231569099","rc":[{"ltp":211.5,"id":15316}]}]}
{"op":"mcm","clk":"11863369218","pt":1723927387554,"mc":[{"id":"1.231569099","rc":[{"ltp":214.5,"id":15316}]}]}
{"op":"mcm","clk":"11863377843","pt":1723927446719,"mc":[{"id":"1.231569099","rc":[{"ltp":213.5,"id":15316}]}]}
{"op":"mcm","clk":"11863411748","pt":1723927687167,"mc":[{"id":"1.231569099","rc":[{"ltp":212.5,"id":15316}]}]}
{"op":"mcm","clk":"11863428094","pt":1723927807617,"mc":[{"id":"1.231569099","rc":[{"ltp":214.5,"id":15316}]}]}
{"op":"mcm","clk":"11863450952","pt":1723927986868,"mc":[{"id":"1.231569099","rc":[{"ltp":215.5,"id":15316}]}]}
{"op":"mcm","clk":"11863457635","pt":1723928046881,"mc":[{"id":"1.231569099","rc":[{"ltp":217.5,"id":15316}]}]}
{"op":"mcm","clk":"11863500594","pt":1723928407589,"mc":[{"id":"1.231569099","rc":[{"ltp":222.5,"id":15316}]}]}
{"op":"mcm","clk":"11863508200","pt":1723928467366,"mc":[{"id":"1.231569099","rc":[{"ltp":221.5,"id":15316}]}]}
{"op":"mcm","clk":"11863530240","pt":1723928647166,"mc":[{"id":"1.231569099","rc":[{"ltp":212.5,"id":15316}]}]}
{"op":"mcm","clk":"11863536557","pt":1723928707637,"mc":[{"id":"1.231569099","rc":[{"ltp":211.5,"id":15316}]}]}
{"op":"mcm","clk":"11863542259","pt":1723928767307,"mc":[{"id":"1.231569099","rc":[{"ltp":212.5,"id":15316}]}]}
{"op":"mcm","clk":"11863548177","pt":1723928826976,"mc":[{"id":"1.231569099","rc":[{"ltp":216.5,"id":15316}]}]}
{"op":"mcm","clk":"11863554302","pt":1723928884457,"mc":[{"id":"1.231569099","rc":[{"ltp":214.5,"id":15316}]}]}
{"op":"mcm","clk":"11863560410","pt":1723928947386,"mc":[{"id":"1.231569099","rc":[{"ltp":211.5,"id":15316}]}]}
{"op":"mcm","clk":"11863566135","pt":1723929006899,"mc":[{"id":"1.231569099","rc":[{"ltp":213.5,"id":15316}]}]}
{"op":"mcm","clk":"11863614148","pt":1723929486875,"mc":[{"id":"1.231569099","rc":[{"ltp":221.5,"id":15316}]}]}
{"op":"mcm","clk":"11863620430","pt":1723929547252,"mc":[{"id":"1.231569099","rc":[{"ltp":222.5,"id":15316}]}]}
{"op":"mcm","clk":"11863626140","pt":1723929607421,"mc":[{"id":"1.231569099","rc":[{"ltp":225.5,"id":15316}]}]}
{"op":"mcm","clk":"11863642646","pt":1723929786799,"mc":[{"id":"1.231569099","rc":[{"ltp":226.5,"id":15316}]}]}
{"op":"mcm","clk":"11863647985","pt":1723929846964,"mc":[{"id":"1.231569099","rc":[{"ltp":222.5,"id":15316}]}]}
{"op":"mcm","clk":"11863657795","pt":1723929966329,"mc":[{"id":"1.231569099","marketDefinition":{"bspMarket":false,"turnInPlayEnabled":true,"persistenceEnabled":true,"marketBaseRate":5.0,"eventId":"33477015","eventTypeId":"4","numberOfWinners":0,"bettingType":"LINE","marketType":"A_2ND_INN_RUNS_LINE","marketTime":"2024-08-17T14:00:00.000Z","suspendTime":"2024-08-17T14:00:00.000Z","bspReconciled":false,"complete":true,"inPlay":true,"crossMatching":false,"runnersVoidable":false,"numberOfActiveRunners":1,"betDelay":3,"status":"SUSPENDED","runners":[{"status":"ACTIVE","sortPriority":1,"id":15316,"name":"Total Runs"}],"regulators":["MR_INT"],"countryCode":"GB","discountAllowed":true,"timezone":"GMT","openDate":"2024-08-17T14:00:00.000Z","version":6082013563,"name":"West Indies 2nd Innings Runs Line","eventName":"West Indies v South Africa"}}]}
{"op":"mcm","clk":"11863693632","pt":1723930428261,"mc":[{"id":"1.231569099","marketDefinition":{"bspMarket":false,"turnInPlayEnabled":true,"persistenceEnabled":true,"marketBaseRate":5.0,"eventId":"33477015","eventTypeId":"4","numberOfWinners":0,"bettingType":"LINE","marketType":"A_2ND_INN_RUNS_LINE","marketTime":"2024-08-17T14:00:00.000Z","suspendTime":"2024-08-17T14:00:00.000Z","bspReconciled":false,"complete":true,"inPlay":true,"crossMatching":false,"runnersVoidable":false,"numberOfActiveRunners":0,"betDelay":3,"status":"CLOSED","settledTime":"2024-08-17T21:33:44.000Z","runners":[{"status":"WINNER","sortPriority":1,"id":15316,"name":"Total Runs"}],"regulators":["MR_INT"],"countryCode":"GB","discountAllowed":true,"timezone":"GMT","openDate":"2024-08-17T14:00:00.000Z","version":6082035074,"name":"West Indies 2nd Innings Runs Line","eventName":"West Indies v South Africa"}}]}
