{"op":"mcm","clk":"11916444293","pt":1724078061642,"mc":[{"id":"1.232019003","marketDefinition":{"bspMarket":false,"turnInPlayEnabled":true,"persistenceEnabled":true,"marketBaseRate":5.0,"eventId":"33508295","eventTypeId":"4","numberOfWinners":1,"bettingType":"ODDS","marketType":"MATCH_ODDS","marketTime":"2024-08-20T20:30:00.000Z","suspendTime":"2024-08-20T20:30:00.000Z","bspReconciled":false,"complete":true,"inPlay":false,"crossMatching":true,"runnersVoidable":false,"numberOfActiveRunners":2,"betDelay":0,"status":"OPEN","runners":[{"status":"ACTIVE","sortPriority":1,"id":67083366,"name":"New York Strikers"},{"status":"ACTIVE","sortPriority":2,"id":72857116,"name":"Grand Cayman Stingrays"}],"regulators":["MR_INT"],"countryCode":"GB","discountAllowed":true,"timezone":"GMT","openDate":"2024-08-20T20:30:00.000Z","version":6086446669,"name":"Match Odds","eventName":"New York Strikers v Grand Cayman Stingrays"}}]}
{"op":"mcm","clk":"11920181008","pt":1724119773847,"mc":[{"id":"1.232019003","rc":[{"ltp":1.62,"id":67083366},{"ltp":1.62,"id":72857116}]}]}
{"op":"mcm","clk":"11921122875","pt":1724146630471,"mc":[{"id":"1.232019003","rc":[{"ltp":2.86,"id":67083366},{"ltp":1.54,"id":72857116}]}]}
{"op":"mcm","clk":"11921132694","pt":1724146871805,"mc":[{"id":"1.232019003","rc":[{"ltp":1.76,"id":67083366}]}]}
{"op":"mcm","clk":"11921135314","pt":1724146947893,"mc":[{"id":"1.232019003","rc":[{"ltp":1.56,"id":67083366}]}]}
{"op":"mcm","clk":"11921160489","pt":1724147348830,"mc":[{"id":"1.232019003","rc":[{"ltp":2.8,"id":72857116}]}]}
{"op":"mcm","clk":"11921176240","pt":1724147717207,"mc":[{"id":"1.232019003","rc":[{"ltp":1.95,"id":67083366}]}]}
{"op":"mcm","clk":"11921186715","pt":1724147950591,"mc":[{"id":"1.232019003","rc":[{"ltp":1.57,"id":67083366}]}]}
{"op":"mcm","clk":"11921188691","pt":1724148003240,"mc":[{"id":"1.232019003","rc":[{"ltp":1.61,"id":67083366}]}]}
{"op":"mcm","clk":"11921190950","pt":1724148059610,"mc":[{"id":"1.232019003","rc":[{"ltp":2.0,"id":67083366},{"ltp":2.1,"id":72857116}]}]}
{"op":"mcm","clk":"11921211341","pt":1724148483178,"mc":[{"id":"1.232019003","rc":[{"ltp":2.1,"id":67083366},{"ltp":1.9,"id":72857116}]}]}
{"op":"mcm","clk":"11921314171","pt":1724150839219,"mc":[{"id":"1.232019003","rc":[{"ltp":2.16,"id":67083366},{"ltp":1.86,"id":72857116}]}]}
{"op":"mcm","clk":"11921316234","pt":1724150892606,"mc":[{"id":"1.232019003","rc":[{"ltp":1.63,"id":67083366},{"ltp":1.88,"id":72857116}]}]}
{"op":"mcm","clk":"11921416926","pt":1724152937735,"mc":[{"id":"1.232019003","rc":[{"ltp":2.2,"id":67083366},{"ltp":1.83,"id":72857116}]}]}
{"op":"mcm","clk":"11921470364","pt":1724154139624,"mc":[{"id":"1.232019003","rc":[{"ltp":2.36,"id":72857116}]}]}
{"op":"mcm","clk":"11921669383","pt":1724158066167,"mc":[{"id":"1.232019003","rc":[{"ltp":1.62,"id":72857116}]}]}
{"op":"mcm","clk":"11921718373","pt":1724159059132,"mc":[{"id":"1.232019003","rc":[{"ltp":1.7,"id":72857116}]}]}
{"op":"mcm","clk":"11921734548","pt":1724159358380,"mc":[{"id":"1.232019003","rc":[{"ltp":1.96,"id":67083366},{"ltp":2.04,"id":72857116}]}]}
{"op":"mcm","clk":"11921744193","pt":1724159529044,"mc":[{"id":"1.232019003","rc":[{"ltp":2.0,"id":72857116}]}]}
{"op":"mcm","clk":"11922096602","pt":1724165719131,"mc":[{"id":"1.232019003","rc":[{"ltp":1.8,"id":67083366}]}]}
{"op":"mcm","clk":"11922140595","pt":1724166438900,"mc":[{"id":"1.232019003","rc":[{"ltp":2.26,"id":72857116}]}]}
{"op":"mcm","clk":"11922476505","pt":1724170277956,"mc":[{"id":"1.232019003","rc":[{"ltp":1.69,"id":67083366}]}]}
{"op":"mcm","clk":"11922672851","pt":1724172071873,"mc":[{"id":"1.232019003","rc":[{"ltp":3.0,"id":67083366},{"ltp":1.5,"id":72857116}]}]}
{"op":"mcm","clk":"11922772911","pt":1724173098922,"mc":[{"id":"1.232019003","rc":[{"ltp":1.71,"id":67083366},{"ltp":2.4,"id":72857116}]}]}
{"op":"mcm","clk":"11922778747","pt":1724173159062,"mc":[{"id":"1.232019003","rc":[{"ltp":2.98,"id":67083366}]}]}
{"op":"mcm","clk":"11922783918","pt":1724173217069,"mc":[{"id":"1.232019003","rc":[{"ltp":3.0,"id":67083366},{"ltp":1.5,"id":72857116}]}]}
{"op":"mcm","clk":"11922797317","pt":1724173339313,"mc":[{"id":"1.232019003","rc":[{"ltp":1.71,"id":67083366}]}]}
{"op":"mcm","clk":"11922839253","pt":1724173699257,"mc":[{"id":"1.232019003","rc":[{"ltp":2.92,"id":67083366}]}]}
{"op":"mcm","clk":"11923032093","pt":1724175319501,"mc":[{"id":"1.232019003","rc":[{"ltp":1.53,"id":72857116}]}]}
{"op":"mcm","clk":"11923062354","pt":1724175559223,"mc":[{"id":"1.232019003","rc":[{"ltp":2.88,"id":67083366}]}]}
{"op":"mcm","clk":"11923212605","pt":1724176997655,"mc":[{"id":"1.232019003","rc":[{"ltp":1.81,"id":67083366},{"ltp":2.0,"id":72857116}]}]}
{"op":"mcm","clk":"11923220426","pt":1724177058298,"mc":[{"id":"1.232019003","rc":[{"ltp":1.82,"id":67083366},{"ltp":1.57,"id":72857116}]}]}
{"op":"mcm","clk":"11923237105","pt":1724177177042,"mc":[{"id":"1.232019003","rc":[{"ltp":2.0,"id":67083366},{"ltp":2.0,"id":72857116}]}]}
{"op":"mcm","clk":"11923246149","pt":1724177239020,"mc":[{"id":"1.232019003","rc":[{"ltp":2.02,"id":67083366},{"ltp":1.99,"id":72857116}]}]}
{"op":"mcm","clk":"11923255026","pt":1724177298329,"mc":[{"id":"1.232019003","rc":[{"ltp":1.97,"id":67083366},{"ltp":1.93,"id":72857116}]}]}
{"op":"mcm","clk":"11923264213","pt":1724177356361,"mc":[{"id":"1.232019003","rc":[{"ltp":2.44,"id":67083366},{"ltp":1.69,"id":72857116}]}]}
{"op":"mcm","clk":"11923273198","pt":1724177417342,"mc":[{"id":"1.232019003","rc":[{"ltp":1.99,"id":72857116}]}]}
{"op":"mcm","clk":"11923392836","pt":1724178319298,"mc":[{"id":"1.232019003","rc":[{"ltp":1.62,"id":72857116}]}]}
{"op":"mcm","clk":"11923400305","pt":1724178378988,"mc":[{"id":"1.232019003","rc":[{"ltp":1.7,"id":72857116}]}]}
{"op":"mcm","clk":"11923423804","pt":1724178556160,"mc":[{"id":"1.232019003","rc":[{"ltp":1.71,"id":72857116}]}]}
{"op":"mcm","clk":"11923431950","pt":1724178618685,"mc":[{"id":"1.232019003","rc":[{"ltp":1.73,"id":72857116}]}]}
{"op":"mcm","clk":"11923439892","pt":1724178677919,"mc":[{"id":"1.232019003","rc":[{"ltp":1.75,"id":72857116}]}]}
{"op":"mcm","clk":"11923447574","pt":1724178736846,"mc":[{"id":"1.232019003","rc":[{"ltp":1.77,"id":72857116}]}]}
{"op":"mcm","clk":"11923455644","pt":1724178797583,"mc":[{"id":"1.232019003","rc":[{"ltp":1.95,"id":72857116}]}]}
{"op":"mcm","clk":"11923463411","pt":1724178856657,"mc":[{"id":"1.232019003","rc":[{"ltp":1.91,"id":72857116}]}]}
{"op":"mcm","clk":"11923471742","pt":1724178919022,"mc":[{"id":"1.232019003","rc":[{"ltp":1.89,"id":72857116}]}]}
{"op":"mcm","clk":"11923476111","pt":1724178950972,"mc":[{"id":"1.232019003","rc":[{"ltp":1.88,"id":72857116}]}]}
{"op":"mcm","clk":"11923488684","pt":1724179036779,"mc":[{"id":"1.232019003","rc":[{"ltp":1.66,"id":72857116}]}]}
{"op":"mcm","clk":"11923497124","pt":1724179094220,"mc":[{"id":"1.232019003","rc":[{"ltp":2.52,"id":67083366},{"ltp":1.82,"id":72857116}]}]}
{"op":"mcm","clk":"11923505378","pt":1724179150597,"mc":[{"id":"1.232019003","rc":[{"ltp":1.66,"id":72857116}]}]}
{"op":"mcm","clk":"11923513353","pt":1724179206771,"mc":[{"id":"1.232019003","rc":[{"ltp":1.94,"id":72857116}]}]}
{"op":"mcm","clk":"11923524088","pt":1724179279100,"mc":[{"id":"1.232019003","rc":[{"ltp":1.64,"id":72857116}]}]}
{"op":"mcm","clk":"11923613473","pt":1724179794741,"mc":[{"id":"1.232019003","rc":[{"ltp":1.93,"id":72857116}]}]}
{"op":"mcm","clk":"11923627226","pt":1724179879526,"mc":[{"id":"1.232019003","rc":[{"ltp":2.06,"id":67083366},{"ltp":1.95,"id":72857116}]}]}
{"op":"mcm","clk":"11923757428","pt":1724180716002,"mc":[{"id":"1.232019003","rc":[{"ltp":1.5,"id":72857116}]}]}
{"op":"mcm","clk":"11923778082","pt":1724180834819,"mc":[{"id":"1.232019003","rc":[{"ltp":1.8,"id":72857116}]}]}
{"op":"mcm","clk":"11923789200","pt":1724180899581,"mc":[{"id":"1.232019003","rc":[{"ltp":2.2,"id":67083366}]}]}
{"op":"mcm","clk":"11923799341","pt":1724180958064,"mc":[{"id":"1.232019003","rc":[{"ltp":1.79,"id":72857116}]}]}
{"op":"mcm","clk":"11923808890","pt":1724181014413,"mc":[{"id":"1.232019003","rc":[{"ltp":1.82,"id":72857116}]}]}
{"op":"mcm","clk":"11923818756","pt":1724181074121,"mc":[{"id":"1.232019003","rc":[{"ltp":1.83,"id":72857116}]}]}
{"op":"mcm","clk":"11923856565","pt":1724181293580,"mc":[{"id":"1.232019003","rc":[{"ltp":1.85,"id":72857116}]}]}
{"op":"mcm","clk":"11923882276","pt":1724181439103,"mc":[{"id":"1.232019003","rc":[{"ltp":1.83,"id":72857116}]}]}
{"op":"mcm","clk":"11923922609","pt":1724181669408,"mc":[{"id":"1.232019003","rc":[{"ltp":2.26,"id":67083366},{"ltp":1.81,"id":72857116}]}]}
{"op":"mcm","clk":"11923933718","pt":1724181735487,"mc":[{"id":"1.232019003","rc":[{"ltp":2.18,"id":67083366},{"ltp":1.85,"id":72857116}]}]}
{"op":"mcm","clk":"11923944327","pt":1724181797933,"mc":[{"id":"1.232019003","rc":[{"ltp":2.24,"id":67083366},{"ltp":1.82,"id":72857116}]}]}
{"op":"mcm","clk":"11923964854","pt":1724181919185,"mc":[{"id":"1.232019003","rc":[{"ltp":1.81,"id":72857116}]}]}
{"op":"mcm","clk":"11923974604","pt":1724181973987,"mc":[{"id":"1.232019003","rc":[{"ltp":2.26,"id":67083366}]}]}
{"op":"mcm","clk":"11923986767","pt":1724182039003,"mc":[{"id":"1.232019003","rc":[{"ltp":1.8,"id":72857116}]}]}
{"op":"mcm","clk":"11923992924","pt":1724182072054,"mc":[{"id":"1.232019003","rc":[{"ltp":1.81,"id":72857116}]}]}
{"op":"mcm","clk":"11924025081","pt":1724182253470,"mc":[{"id":"1.232019003","rc":[{"ltp":1.76,"id":72857116}]}]}
{"op":"mcm","clk":"11924042219","pt":1724182359700,"mc":[{"id":"1.232019003","rc":[{"ltp":1.8,"id":72857116}]}]}
{"op":"mcm","clk":"11924077231","pt":1724182638978,"mc":[{"id":"1.232019003","rc":[{"ltp":2.24,"id":67083366},{"ltp":1.81,"id":72857116}]}]}
{"op":"mcm","clk":"11924084301","pt":1724182699443,"mc":[{"id":"1.232019003","rc":[{"ltp":2.2,"id":67083366},{"ltp":1.82,"id":72857116}]}]}
{"op":"mcm","clk":"11924091284","pt":1724182758634,"mc":[{"id":"1.232019003","rc":[{"ltp":2.18,"id":67083366}]}]}
{"op":"mcm","clk":"11924102075","pt":1724182852841,"mc":[{"id":"1.232019003","rc":[{"ltp":2.16,"id":67083366}]}]}
{"op":"mcm","clk":"11924159084","pt":1724183340465,"mc":[{"id":"1.232019003","rc":[{"ltp":2.18,"id":67083366},{"ltp":1.85,"id":72857116}]}]}
{"op":"mcm","clk":"11924194608","pt":1724183592222,"mc":[{"id":"1.232019003","rc":[{"ltp":1.8,"id":72857116}]}]}
{"op":"mcm","clk":"11924300513","pt":1724184417295,"mc":[{"id":"1.232019003","rc":[{"ltp":2.4,"id":67083366},{"ltp":1.71,"id":72857116}]}]}
{"op":"mcm","clk":"11924310044","pt":1724184495604,"mc":[{"id":"1.232019003","rc":[{"ltp":2.38,"id":67083366}]}]}
{"op":"mcm","clk":"11924317879","pt":1724184558674,"mc":[{"id":"1.232019003","rc":[{"ltp":2.24,"id":67083366},{"ltp":1.73,"id":72857116}]}]}
{"op":"mcm","clk":"11924325303","pt":1724184619617,"mc":[{"id":"1.232019003","rc":[{"ltp":2.34,"id":67083366}]}]}
{"op":"mcm","clk":"11924363757","pt":1724184856522,"mc":[{"id":"1.232019003","rc":[{"ltp":2.38,"id":67083366},{"ltp":1.72,"id":72857116}]}]}
{"op":"mcm","clk":"11924370143","pt":1724184914029,"mc":[{"id":"1.232019003","rc":[{"ltp":2.32,"id":67083366}]}]}
{"op":"mcm","clk":"11924392639","pt":1724185097856,"mc":[{"id":"1.232019003","rc":[{"ltp":2.24,"id":67083366},{"ltp":1.9,"id":72857116}]}]}
{"op":"mcm","clk":"11924406003","pt":1724185211538,"mc":[{"id":"1.232019003","rc":[{"ltp":2.12,"id":67083366},{"ltp":1.89,"id":72857116}]}]}
{"op":"mcm","clk":"11924414097","pt":1724185277920,"mc":[{"id":"1.232019003","rc":[{"ltp":1.9,"id":72857116}]}]}
{"op":"mcm","clk":"11924421601","pt":1724185339571,"mc":[{"id":"1.232019003","rc":[{"ltp":2.36,"id":67083366},{"ltp":1.74,"id":72857116}]}]}
{"op":"mcm","clk":"11924436603","pt":1724185459518,"mc":[{"id":"1.232019003","rc":[{"ltp":2.32,"id":67083366},{"ltp":1.72,"id":72857116}]}]}
{"op":"mcm","clk":"11924442787","pt":1724185516402,"mc":[{"id":"1.232019003","rc":[{"ltp":2.12,"id":67083366},{"ltp":1.87,"id":72857116}]}]}
{"op":"mcm","clk":"11924449359","pt":1724185578444,"mc":[{"id":"1.232019003","rc":[{"ltp":2.14,"id":67083366},{"ltp":1.86,"id":72857116}]}]}
{"op":"mcm","clk":"11924456421","pt":1724185638645,"mc":[{"id":"1.232019003","rc":[{"ltp":2.12,"id":67083366},{"ltp":1.87,"id":72857116}]}]}
{"op":"mcm","clk":"11924463507","pt":1724185699501,"mc":[{"id":"1.232019003","rc":[{"ltp":2.14,"id":67083366}]}]}
{"op":"mcm","clk":"11924470427","pt":1724185759075,"mc":[{"id":"1.232019003","rc":[{"ltp":2.24,"id":67083366},{"ltp":1.8,"id":72857116}]}]}
{"op":"mcm","clk":"11924477648","pt":1724185819014,"mc":[{"id":"1.232019003","marketDefinition":{"bspMarket":false,"turnInPlayEnabled":true,"persistenceEnabled":true,"marketBaseRate":5.0,"eventId":"33508295","eventTypeId":"4","numberOfWinners":1,"bettingType":"ODDS","marketType":"MATCH_ODDS","marketTime":"2024-08-20T20:30:00.000Z","suspendTime":"2024-08-20T20:30:00.000Z","bspReconciled":false,"complete":true,"inPlay":true,"crossMatching":true,"runnersVoidable":false,"numberOfActiveRunners":2,"betDelay":5,"status":"OPEN","runners":[{"status":"ACTIVE","sortPriority":1,"id":67083366,"name":"New York Strikers"},{"status":"ACTIVE","sortPriority":2,"id":72857116,"name":"Grand Cayman Stingrays"}],"regulators":["MR_INT"],"countryCode":"GB","discountAllowed":true,"timezone":"GMT","openDate":"2024-08-20T20:30:00.000Z","version":6088407494,"name":"Match Odds","eventName":"New York Strikers v Grand Cayman Stingrays"},"rc":[{"ltp":2.12,"id":67083366},{"ltp":1.91,"id":72857116}]}]}
{"op":"mcm","clk":"11924484545","pt":1724185879166,"mc":[{"id":"1.232019003","rc":[{"ltp":2.2,"id":67083366},{"ltp":1.7,"id":72857116}]}]}
{"op":"mcm","clk":"11924491162","pt":1724185938552,"mc":[{"id":"1.232019003","rc":[{"ltp":1.83,"id":72857116}]}]}
{"op":"mcm","clk":"11924502651","pt":1724186057447,"mc":[{"id":"1.232019003","rc":[{"ltp":2.16,"id":67083366},{"ltp":1.85,"id":72857116}]}]}
{"op":"mcm","clk":"11924508139","pt":1724186119107,"mc":[{"id":"1.232019003","rc":[{"ltp":2.1,"id":67083366},{"ltp":1.9,"id":72857116}]}]}
{"op":"mcm","clk":"11924513253","pt":1724186178672,"mc":[{"id":"1.232019003","rc":[{"ltp":2.12,"id":67083366},{"ltp":1.89,"id":72857116}]}]}
{"op":"mcm","clk":"11924522460","pt":1724186299404,"mc":[{"id":"1.232019003","rc":[{"ltp":1.85,"id":72857116}]}]}
{"op":"mcm","clk":"11924526671","pt":1724186358063,"mc":[{"id":"1.232019003","rc":[{"ltp":2.24,"id":67083366},{"ltp":1.8,"id":72857116}]}]}
{"op":"mcm","clk":"11924530709","pt":1724186419512,"mc":[{"id":"1.232019003","rc":[{"ltp":1.75,"id":72857116}]}]}
{"op":"mcm","clk":"11924533879","pt":1724186477107,"mc":[{"id":"1.232019003","rc":[{"ltp":2.26,"id":67083366}]}]}
{"op":"mcm","clk":"11924537020","pt":1724186539267,"mc":[{"id":"1.232019003","rc":[{"ltp":2.32,"id":67083366}]}]}
{"op":"mcm","clk":"11924539940","pt":1724186598383,"mc":[{"id":"1.232019003","rc":[{"ltp":2.34,"id":67083366},{"ltp":1.7,"id":72857116}]}]}
{"op":"mcm","clk":"11924543337","pt":1724186659585,"mc":[{"id":"1.232019003","rc":[{"ltp":2.42,"id":67083366}]}]}
{"op":"mcm","clk":"11924549225","pt":1724186779107,"mc":[{"id":"1.232019003","rc":[{"ltp":2.38,"id":67083366},{"ltp":1.72,"id":72857116}]}]}
{"op":"mcm","clk":"11924551799","pt":1724186839288,"mc":[{"id":"1.232019003","rc":[{"ltp":2.44,"id":67083366},{"ltp":1.7,"id":72857116}]}]}
{"op":"mcm","clk":"11924554431","pt":1724186899358,"mc":[{"id":"1.232019003","rc":[{"ltp":2.5,"id":67083366},{"ltp":1.66,"id":72857116}]}]}
{"op":"mcm","clk":"11924556977","pt":1724186958204,"mc":[{"id":"1.232019003","rc":[{"ltp":2.56,"id":67083366},{"ltp":1.64,"id":72857116}]}]}
{"op":"mcm","clk":"11924559445","pt":1724187017397,"mc":[{"id":"1.232019003","rc":[{"ltp":2.62,"id":67083366},{"ltp":1.61,"id":72857116}]}]}
{"op":"mcm","clk":"11924561988","pt":1724187079025,"mc":[{"id":"1.232019003","rc":[{"ltp":2.66,"id":67083366},{"ltp":1.6,"id":72857116}]}]}
{"op":"mcm","clk":"11924564152","pt":1724187136982,"mc":[{"id":"1.232019003","rc":[{"ltp":2.62,"id":67083366},{"ltp":1.61,"id":72857116}]}]}
{"op":"mcm","clk":"11924569107","pt":1724187259426,"mc":[{"id":"1.232019003","rc":[{"ltp":1.6,"id":72857116}]}]}
{"op":"mcm","clk":"11924571529","pt":1724187316408,"mc":[{"id":"1.232019003","rc":[{"ltp":2.66,"id":67083366}]}]}
{"op":"mcm","clk":"11924573991","pt":1724187377873,"mc":[{"id":"1.232019003","rc":[{"ltp":2.62,"id":67083366}]}]}
{"op":"mcm","clk":"11924578621","pt":1724187497009,"mc":[{"id":"1.232019003","rc":[{"ltp":2.68,"id":67083366},{"ltp":1.59,"id":72857116}]}]}
{"op":"mcm","clk":"11924581112","pt":1724187558864,"mc":[{"id":"1.232019003","rc":[{"ltp":2.72,"id":67083366},{"ltp":1.58,"id":72857116}]}]}
{"op":"mcm","clk":"11924583524","pt":1724187619521,"mc":[{"id":"1.232019003","rc":[{"ltp":2.88,"id":67083366},{"ltp":1.53,"id":72857116}]}]}
{"op":"mcm","clk":"11924585964","pt":1724187679426,"mc":[{"id":"1.232019003","rc":[{"ltp":2.96,"id":67083366},{"ltp":1.54,"id":72857116}]}]}
{"op":"mcm","clk":"11924588529","pt":1724187739288,"mc":[{"id":"1.232019003","rc":[{"ltp":3.05,"id":67083366},{"ltp":1.49,"id":72857116}]}]}
{"op":"mcm","clk":"11924590625","pt":1724187799478,"mc":[{"id":"1.232019003","rc":[{"ltp":3.5,"id":67083366},{"ltp":1.42,"id":72857116}]}]}
{"op":"mcm","clk":"11924592877","pt":1724187859411,"mc":[{"id":"1.232019003","rc":[{"ltp":3.85,"id":67083366},{"ltp":1.35,"id":72857116}]}]}
{"op":"mcm","clk":"11924594732","pt":1724187919375,"mc":[{"id":"1.232019003","rc":[{"ltp":3.75,"id":67083366},{"ltp":1.36,"id":72857116}]}]}
{"op":"mcm","clk":"11924596749","pt":1724187979564,"mc":[{"id":"1.232019003","rc":[{"ltp":3.45,"id":67083366},{"ltp":1.42,"id":72857116}]}]}
{"op":"mcm","clk":"11924598799","pt":1724188039510,"mc":[{"id":"1.232019003","rc":[{"ltp":3.3,"id":67083366},{"ltp":1.44,"id":72857116}]}]}
{"op":"mcm","clk":"11924601033","pt":1724188099265,"mc":[{"id":"1.232019003","rc":[{"ltp":3.5,"id":67083366},{"ltp":1.4,"id":72857116}]}]}
{"op":"mcm","clk":"11924603202","pt":1724188158503,"mc":[{"id":"1.232019003","rc":[{"ltp":3.7,"id":67083366},{"ltp":1.37,"id":72857116}]}]}
{"op":"mcm","clk":"11924610188","pt":1724188339583,"mc":[{"id":"1.232019003","rc":[{"ltp":4.1,"id":67083366},{"ltp":1.32,"id":72857116}]}]}
{"op":"mcm","clk":"11924612622","pt":1724188399605,"mc":[{"id":"1.232019003","rc":[{"ltp":4.5,"id":67083366}]}]}
{"op":"mcm","clk":"11924614891","pt":1724188458750,"mc":[{"id":"1.232019003","rc":[{"ltp":3.85,"id":67083366},{"ltp":1.35,"id":72857116}]}]}
{"op":"mcm","clk":"11924617280","pt":1724188518233,"mc":[{"id":"1.232019003","rc":[{"ltp":4.0,"id":67083366},{"ltp":1.3,"id":72857116}]}]}
{"op":"mcm","clk":"11924619766","pt":1724188579613,"mc":[{"id":"1.232019003","rc":[{"ltp":4.4,"id":67083366}]}]}
{"op":"mcm","clk":"11924622097","pt":1724188639487,"mc":[{"id":"1.232019003","rc":[{"ltp":4.0,"id":67083366},{"ltp":1.32,"id":72857116}]}]}
{"op":"mcm","clk":"11924624342","pt":1724188698912,"mc":[{"id":"1.232019003","rc":[{"ltp":5.0,"id":67083366},{"ltp":1.27,"id":72857116}]}]}
{"op":"mcm","clk":"11924626707","pt":1724188759403,"mc":[{"id":"1.232019003","rc":[{"ltp":4.3,"id":67083366},{"ltp":1.3,"id":72857116}]}]}
{"op":"mcm","clk":"11924631270","pt":1724188879627,"mc":[{"id":"1.232019003","rc":[{"ltp":3.85,"id":67083366},{"ltp":1.35,"id":72857116}]}]}
{"op":"mcm","clk":"11924633852","pt":1724188939478,"mc":[{"id":"1.232019003","rc":[{"ltp":3.9,"id":67083366},{"ltp":1.36,"id":72857116}]}]}
{"op":"mcm","clk":"11924636093","pt":1724188998698,"mc":[{"id":"1.232019003","rc":[{"ltp":1.34,"id":72857116}]}]}
{"op":"mcm","clk":"11924638270","pt":1724189059562,"mc":[{"id":"1.232019003","rc":[{"ltp":1.35,"id":72857116}]}]}
{"op":"mcm","clk":"11924640418","pt":1724189119288,"mc":[{"id":"1.232019003","rc":[{"ltp":1.34,"id":72857116}]}]}
{"op":"mcm","clk":"11924642573","pt":1724189179296,"mc":[{"id":"1.232019003","rc":[{"ltp":4.1,"id":67083366},{"ltp":1.32,"id":72857116}]}]}
{"op":"mcm","clk":"11924644784","pt":1724189238765,"mc":[{"id":"1.232019003","rc":[{"ltp":4.2,"id":67083366},{"ltp":1.3,"id":72857116}]}]}
{"op":"mcm","clk":"11924647018","pt":1724189299038,"mc":[{"id":"1.232019003","rc":[{"ltp":4.3,"id":67083366},{"ltp":1.31,"id":72857116}]}]}
{"op":"mcm","clk":"11924649549","pt":1724189359341,"mc":[{"id":"1.232019003","rc":[{"ltp":1.3,"id":72857116}]}]}
{"op":"mcm","clk":"11924657694","pt":1724189539200,"mc":[{"id":"1.232019003","rc":[{"ltp":1.29,"id":72857116}]}]}
{"op":"mcm","clk":"11924660331","pt":1724189599346,"mc":[{"id":"1.232019003","rc":[{"ltp":4.8,"id":67083366},{"ltp":1.26,"id":72857116}]}]}
{"op":"mcm","clk":"11924663086","pt":1724189659557,"mc":[{"id":"1.232019003","rc":[{"ltp":6.4,"id":67083366},{"ltp":1.18,"id":72857116}]}]}
{"op":"mcm","clk":"11924665624","pt":1724189719596,"mc":[{"id":"1.232019003","rc":[{"ltp":6.2,"id":67083366}]}]}
{"op":"mcm","clk":"11924668464","pt":1724189779272,"mc":[{"id":"1.232019003","rc":[{"ltp":6.6,"id":67083366},{"ltp":1.19,"id":72857116}]}]}
{"op":"mcm","clk":"11924671271","pt":1724189839561,"mc":[{"id":"1.232019003","rc":[{"ltp":5.8,"id":67083366},{"ltp":1.21,"id":72857116}]}]}
{"op":"mcm","clk":"11924674361","pt":1724189899617,"mc":[{"id":"1.232019003","rc":[{"ltp":5.2,"id":67083366},{"ltp":1.24,"id":72857116}]}]}
{"op":"mcm","clk":"11924677367","pt":1724189958459,"mc":[{"id":"1.232019003","rc":[{"ltp":4.8,"id":67083366},{"ltp":1.27,"id":72857116}]}]}
{"op":"mcm","clk":"11924680448","pt":1724190019557,"mc":[{"id":"1.232019003","rc":[{"ltp":5.1,"id":67083366},{"ltp":1.24,"id":72857116}]}]}
{"op":"mcm","clk":"11924683167","pt":1724190077805,"mc":[{"id":"1.232019003","rc":[{"ltp":5.7,"id":67083366},{"ltp":1.21,"id":72857116}]}]}
{"op":"mcm","clk":"11924685904","pt":1724190139459,"mc":[{"id":"1.232019003","rc":[{"ltp":6.0,"id":67083366},{"ltp":1.2,"id":72857116}]}]}
{"op":"mcm","clk":"11924698695","pt":1724190199431,"mc":[{"id":"1.232019003","rc":[{"ltp":8.0,"id":67083366},{"ltp":1.14,"id":72857116}]}]}
{"op":"mcm","clk":"11924701392","pt":1724190259565,"mc":[{"id":"1.232019003","rc":[{"ltp":9.2,"id":67083366},{"ltp":1.12,"id":72857116}]}]}
{"op":"mcm","clk":"11924703925","pt":1724190318163,"mc":[{"id":"1.232019003","rc":[{"ltp":8.0,"id":67083366},{"ltp":1.14,"id":72857116}]}]}
{"op":"mcm","clk":"11924706802","pt":1724190379505,"mc":[{"id":"1.232019003","rc":[{"ltp":8.2,"id":67083366},{"ltp":1.18,"id":72857116}]}]}
{"op":"mcm","clk":"11924709710","pt":1724190438998,"mc":[{"id":"1.232019003","rc":[{"ltp":7.0,"id":67083366}]}]}
{"op":"mcm","clk":"11924712900","pt":1724190499470,"mc":[{"id":"1.232019003","rc":[{"ltp":6.0,"id":67083366},{"ltp":1.2,"id":72857116}]}]}
{"op":"mcm","clk":"11924715706","pt":1724190559345,"mc":[{"id":"1.232019003","rc":[{"ltp":5.5,"id":67083366},{"ltp":1.22,"id":72857116}]}]}
{"op":"mcm","clk":"11924718487","pt":1724190619495,"mc":[{"id":"1.232019003","rc":[{"ltp":5.8,"id":67083366},{"ltp":1.21,"id":72857116}]}]}
{"op":"mcm","clk":"11924721584","pt":1724190679273,"mc":[{"id":"1.232019003","rc":[{"ltp":5.5,"id":67083366},{"ltp":1.23,"id":72857116}]}]}
{"op":"mcm","clk":"11924724271","pt":1724190738834,"mc":[{"id":"1.232019003","rc":[{"ltp":5.4,"id":67083366},{"ltp":1.22,"id":72857116}]}]}
{"op":"mcm","clk":"11924730034","pt":1724190856938,"mc":[{"id":"1.232019003","rc":[{"ltp":5.5,"id":67083366}]}]}
{"op":"mcm","clk":"11924732725","pt":1724190918683,"mc":[{"id":"1.232019003","rc":[{"ltp":5.6,"id":67083366},{"ltp":1.21,"id":72857116}]}]}
{"op":"mcm","clk":"11924735307","pt":1724190978877,"mc":[{"id":"1.232019003","rc":[{"ltp":5.9,"id":67083366}]}]}
{"op":"mcm","clk":"11924737581","pt":1724191038778,"mc":[{"id":"1.232019003","rc":[{"ltp":5.7,"id":67083366}]}]}
{"op":"mcm","clk":"11924740216","pt":1724191098401,"mc":[{"id":"1.232019003","rc":[{"ltp":5.0,"id":67083366},{"ltp":1.25,"id":72857116}]}]}
{"op":"mcm","clk":"11924743077","pt":1724191158466,"mc":[{"id":"1.232019003","rc":[{"ltp":4.6,"id":67083366},{"ltp":1.28,"id":72857116}]}]}
{"op":"mcm","clk":"11924749784","pt":1724191279550,"mc":[{"id":"1.232019003","rc":[{"ltp":4.5,"id":67083366}]}]}
{"op":"mcm","clk":"11924753216","pt":1724191339607,"mc":[{"id":"1.232019003","rc":[{"ltp":5.5,"id":67083366},{"ltp":1.22,"id":72857116}]}]}
{"op":"mcm","clk":"11924756706","pt":1724191399381,"mc":[{"id":"1.232019003","rc":[{"ltp":6.4,"id":67083366},{"ltp":1.18,"id":72857116}]}]}
{"op":"mcm","clk":"11924760629","pt":1724191459607,"mc":[{"id":"1.232019003","rc":[{"ltp":10.0,"id":67083366},{"ltp":1.12,"id":72857116}]}]}
{"op":"mcm","clk":"11924764323","pt":1724191519461,"mc":[{"id":"1.232019003","rc":[{"ltp":8.8,"id":67083366},{"ltp":1.13,"id":72857116}]}]}
{"op":"mcm","clk":"11924767664","pt":1724191579422,"mc":[{"id":"1.232019003","rc":[{"ltp":8.2,"id":67083366},{"ltp":1.14,"id":72857116}]}]}
{"op":"mcm","clk":"11924771249","pt":1724191639491,"mc":[{"id":"1.232019003","rc":[{"ltp":11.0,"id":67083366},{"ltp":1.1,"id":72857116}]}]}
{"op":"mcm","clk":"11924774797","pt":1724191699618,"mc":[{"id":"1.232019003","rc":[{"ltp":15.0,"id":67083366},{"ltp":1.08,"id":72857116}]}]}
{"op":"mcm","clk":"11924778649","pt":1724191759410,"mc":[{"id":"1.232019003","rc":[{"ltp":12.5,"id":67083366},{"ltp":1.09,"id":72857116}]}]}
{"op":"mcm","clk":"11924782237","pt":1724191819541,"mc":[{"id":"1.232019003","rc":[{"ltp":21.0,"id":67083366},{"ltp":1.05,"id":72857116}]}]}
{"op":"mcm","clk":"11924786058","pt":1724191879615,"mc":[{"id":"1.232019003","rc":[{"ltp":38.0,"id":67083366},{"ltp":1.03,"id":72857116}]}]}
{"op":"mcm","clk":"11924789758","pt":1724191938407,"mc":[{"id":"1.232019003","rc":[{"ltp":50.0,"id":67083366},{"ltp":1.02,"id":72857116}]}]}
{"op":"mcm","clk":"11924793279","pt":1724191999482,"mc":[{"id":"1.232019003","rc":[{"ltp":110.0,"id":67083366}]}]}
{"op":"mcm","clk":"11924797218","pt":1724192059514,"mc":[{"id":"1.232019003","rc":[{"ltp":80.0,"id":67083366}]}]}
{"op":"mcm","clk":"11924799973","pt":1724192117990,"mc":[{"id":"1.232019003","rc":[{"ltp":100.0,"id":67083366},{"ltp":1.01,"id":72857116}]}]}
{"op":"mcm","clk":"11924806852","pt":1724192236610,"mc":[{"id":"1.232019003","rc":[{"ltp":200.0,"id":67083366}]}]}
{"op":"mcm","clk":"11924810323","pt":1724192291242,"mc":[{"id":"1.232019003","rc":[{"ltp":490.0,"id":67083366}]}]}
{"op":"mcm","clk":"11924814280","pt":1724192356534,"mc":[{"id":"1.232019003","rc":[{"ltp":700.0,"id":67083366}]}]}
{"op":"mcm","clk":"11924817732","pt":1724192419212,"mc":[{"id":"1.232019003","rc":[{"ltp":1000.0,"id":67083366}]}]}
{"op":"mcm","clk":"11924868549","pt":1724193367880,"mc":[{"id":"1.232019003","marketDefinition":{"bspMarket":false,"turnInPlayEnabled":true,"persistenceEnabled":true,"marketBaseRate":5.0,"eventId":"33508295","eventTypeId":"4","numberOfWinners":1,"bettingType":"ODDS","marketType":"MATCH_ODDS","marketTime":"2024-08-20T20:30:00.000Z","suspendTime":"2024-08-20T20:30:00.000Z","bspReconciled":false,"complete":true,"inPlay":true,"crossMatching":true,"runnersVoidable":false,"numberOfActiveRunners":2,"betDelay":5,"status":"SUSPENDED","runners":[{"status":"ACTIVE","sortPriority":1,"id":67083366,"name":"New York Strikers"},{"status":"ACTIVE","sortPriority":2,"id":72857116,"name":"Grand Cayman Stingrays"}],"regulators":["MR_INT"],"countryCode":"GB","discountAllowed":true,"timezone":"GMT","openDate":"2024-08-20T20:30:00.000Z","version":6088545038,"name":"Match Odds","eventName":"New York Strikers v Grand Cayman Stingrays"}}]}
{"op":"mcm","clk":"11924874134","pt":1724193482244,"mc":[{"id":"1.232019003","marketDefinition":{"bspMarket":false,"turnInPlayEnabled":true,"persistenceEnabled":true,"marketBaseRate":5.0,"eventId":"33508295","eventTypeId":"4","numberOfWinners":1,"bettingType":"ODDS","marketType":"MATCH_ODDS","marketTime":"2024-08-20T20:30:00.000Z","suspendTime":"2024-08-20T20:30:00.000Z","bspReconciled":false,"complete":true,"inPlay":true,"crossMatching":false,"runnersVoidable":false,"numberOfActiveRunners":0,"betDelay":5,"status":"CLOSED","settledTime":"2024-08-20T22:37:46.000Z","runners":[{"status":"LOSER","sortPriority":1,"id":67083366,"name":"New York Strikers"},{"status":"WINNER","sortPriority":2,"id":72857116,"name":"Grand Cayman Stingrays"}],"regulators":["MR_INT"],"countryCode":"GB","discountAllowed":true,"timezone":"GMT","openDate":"2024-08-20T20:30:00.000Z","version":6088547742,"name":"Match Odds","eventName":"New York Strikers v Grand Cayman Stingrays"}}]}
