{"op":"mcm","clk":"11888405609","pt":1724157428590,"mc":[{"id":"1.232049325","marketDefinition":{"bspMarket":false,"turnInPlayEnabled":true,"persistenceEnabled":true,"marketBaseRate":5.0,"eventId":"33511213","eventTypeId":"4","numberOfWinners":1,"bettingType":"ODDS","marketType":"MATCH_ODDS","marketTime":"2024-08-21T21:15:00.000Z","suspendTime":"2024-08-21T21:15:00.000Z","bspReconciled":false,"complete":true,"inPlay":false,"crossMatching":true,"runnersVoidable":false,"numberOfActiveRunners":2,"betDelay":0,"status":"OPEN","runners":[{"status":"ACTIVE","sortPriority":1,"id":67083366,"name":"New York Strikers"},{"status":"ACTIVE","sortPriority":2,"id":72857115,"name":"Miami Lions"}],"regulators":["MR_INT"],"countryCode":"GB","discountAllowed":true,"timezone":"GMT","openDate":"2024-08-21T21:15:00.000Z","version":6087505565,"name":"Match Odds","eventName":"New York Strikers v Miami Lions"}}]}
{"op":"mcm","clk":"11894190616","pt":1724235483394,"mc":[{"id":"1.232049325","rc":[{"ltp":1.03,"id":67083366}]}]}
{"op":"mcm","clk":"11894897531","pt":1724243557557,"mc":[{"id":"1.232049325","rc":[{"ltp":1.5,"id":67083366},{"ltp":3.0,"id":72857115}]}]}
{"op":"mcm","clk":"11894912042","pt":1724243822438,"mc":[{"id":"1.232049325","rc":[{"ltp":1.63,"id":67083366},{"ltp":2.6,"id":72857115}]}]}
{"op":"mcm","clk":"11894913791","pt":1724243851796,"mc":[{"id":"1.232049325","rc":[{"ltp":1.64,"id":72857115}]}]}
{"op":"mcm","clk":"11894934979","pt":1724244205603,"mc":[{"id":"1.232049325","rc":[{"ltp":1.46,"id":67083366},{"ltp":1.72,"id":72857115}]}]}
{"op":"mcm","clk":"11895147111","pt":1724247600524,"mc":[{"id":"1.232049325","rc":[{"ltp":2.1,"id":67083366}]}]}
{"op":"mcm","clk":"11895334273","pt":1724249825191,"mc":[{"id":"1.232049325","rc":[{"ltp":2.0,"id":67083366}]}]}
{"op":"mcm","clk":"11896985847","pt":1724261404695,"mc":[{"id":"1.232049325","rc":[{"ltp":2.96,"id":72857115}]}]}
{"op":"mcm","clk":"11896996478","pt":1724261466160,"mc":[{"id":"1.232049325","rc":[{"ltp":1.99,"id":67083366},{"ltp":3.0,"id":72857115}]}]}
{"op":"mcm","clk":"11897005538","pt":1724261526316,"mc":[{"id":"1.232049325","rc":[{"ltp":2.0,"id":67083366},{"ltp":2.98,"id":72857115}]}]}
{"op":"mcm","clk":"11897015034","pt":1724261584506,"mc":[{"id":"1.232049325","rc":[{"ltp":1.5,"id":67083366},{"ltp":3.0,"id":72857115}]}]}
{"op":"mcm","clk":"11897034524","pt":1724261703628,"mc":[{"id":"1.232049325","rc":[{"ltp":1.49,"id":67083366},{"ltp":2.02,"id":72857115}]}]}
{"op":"mcm","clk":"11897044298","pt":1724261764782,"mc":[{"id":"1.232049325","rc":[{"ltp":1.89,"id":67083366},{"ltp":2.12,"id":72857115}]}]}
{"op":"mcm","clk":"11897053889","pt":1724261824018,"mc":[{"id":"1.232049325","rc":[{"ltp":1.76,"id":67083366},{"ltp":2.3,"id":72857115}]}]}
{"op":"mcm","clk":"11897063944","pt":1724261886112,"mc":[{"id":"1.232049325","rc":[{"ltp":1.74,"id":67083366},{"ltp":2.34,"id":72857115}]}]}
{"op":"mcm","clk":"11897072598","pt":1724261943329,"mc":[{"id":"1.232049325","rc":[{"ltp":1.46,"id":67083366}]}]}
{"op":"mcm","clk":"11897766958","pt":1724265963387,"mc":[{"id":"1.232049325","rc":[{"ltp":1.5,"id":67083366},{"ltp":3.0,"id":72857115}]}]}
{"op":"mcm","clk":"11897850190","pt":1724266494858,"mc":[{"id":"1.232049325","rc":[{"ltp":1.55,"id":67083366}]}]}
{"op":"mcm","clk":"11897884862","pt":1724266743549,"mc":[{"id":"1.232049325","rc":[{"ltp":1.49,"id":67083366}]}]}
{"op":"mcm","clk":"11897918058","pt":1724266986375,"mc":[{"id":"1.232049325","rc":[{"ltp":1.25,"id":67083366},{"ltp":5.6,"id":72857115}]}]}
{"op":"mcm","clk":"11897941644","pt":1724267144141,"mc":[{"id":"1.232049325","rc":[{"ltp":1.23,"id":67083366}]}]}
{"op":"mcm","clk":"11898140278","pt":1724268415484,"mc":[{"id":"1.232049325","rc":[{"ltp":1.68,"id":67083366}]}]}
{"op":"mcm","clk":"11898170123","pt":1724268604073,"mc":[{"id":"1.232049325","rc":[{"ltp":1.64,"id":67083366}]}]}
{"op":"mcm","clk":"11898178887","pt":1724268659675,"mc":[{"id":"1.232049325","rc":[{"ltp":1.63,"id":67083366}]}]}
{"op":"mcm","clk":"11898188629","pt":1724268725234,"mc":[{"id":"1.232049325","rc":[{"ltp":1.41,"id":67083366}]}]}
{"op":"mcm","clk":"11898194127","pt":1724268764251,"mc":[{"id":"1.232049325","rc":[{"ltp":1.61,"id":67083366}]}]}
{"op":"mcm","clk":"11898213132","pt":1724268905366,"mc":[{"id":"1.232049325","rc":[{"ltp":1.63,"id":67083366}]}]}
{"op":"mcm","clk":"11898221039","pt":1724268964769,"mc":[{"id":"1.232049325","rc":[{"ltp":1.41,"id":67083366}]}]}
{"op":"mcm","clk":"11898229630","pt":1724269026511,"mc":[{"id":"1.232049325","rc":[{"ltp":1.57,"id":67083366}]}]}
{"op":"mcm","clk":"11898260281","pt":1724269254789,"mc":[{"id":"1.232049325","rc":[{"ltp":1.61,"id":67083366}]}]}
{"op":"mcm","clk":"11898322474","pt":1724269625848,"mc":[{"id":"1.232049325","rc":[{"ltp":1.44,"id":67083366}]}]}
{"op":"mcm","clk":"11898329262","pt":1724269684830,"mc":[{"id":"1.232049325","rc":[{"ltp":1.45,"id":67083366}]}]}
{"op":"mcm","clk":"11898343617","pt":1724269803608,"mc":[{"id":"1.232049325","rc":[{"ltp":1.55,"id":67083366}]}]}
{"op":"mcm","clk":"11898349791","pt":1724269863793,"mc":[{"id":"1.232049325","rc":[{"ltp":1.49,"id":67083366}]}]}
{"op":"mcm","clk":"11898362173","pt":1724269983968,"mc":[{"id":"1.232049325","rc":[{"ltp":1.4,"id":67083366},{"ltp":3.55,"id":72857115}]}]}
{"op":"mcm","clk":"11898373527","pt":1724270103582,"mc":[{"id":"1.232049325","rc":[{"ltp":1.39,"id":67083366},{"ltp":3.4,"id":72857115}]}]}
{"op":"mcm","clk":"11898378649","pt":1724270156548,"mc":[{"id":"1.232049325","rc":[{"ltp":1.53,"id":67083366},{"ltp":2.88,"id":72857115}]}]}
{"op":"mcm","clk":"11898384819","pt":1724270225097,"mc":[{"id":"1.232049325","rc":[{"ltp":1.43,"id":67083366}]}]}
{"op":"mcm","clk":"11898389579","pt":1724270285974,"mc":[{"id":"1.232049325","rc":[{"ltp":1.5,"id":67083366},{"ltp":3.0,"id":72857115}]}]}
{"op":"mcm","clk":"11898404886","pt":1724270462033,"mc":[{"id":"1.232049325","rc":[{"ltp":1.43,"id":67083366},{"ltp":3.35,"id":72857115}]}]}
{"op":"mcm","clk":"11898409914","pt":1724270525991,"mc":[{"id":"1.232049325","rc":[{"ltp":2.88,"id":72857115}]}]}
{"op":"mcm","clk":"11898414246","pt":1724270577457,"mc":[{"id":"1.232049325","rc":[{"ltp":1.52,"id":67083366}]}]}
{"op":"mcm","clk":"11898419981","pt":1724270642120,"mc":[{"id":"1.232049325","rc":[{"ltp":1.53,"id":67083366}]}]}
{"op":"mcm","clk":"11898424606","pt":1724270700398,"mc":[{"id":"1.232049325","rc":[{"ltp":1.43,"id":67083366},{"ltp":3.35,"id":72857115}]}]}
{"op":"mcm","clk":"11898429425","pt":1724270764038,"mc":[{"id":"1.232049325","rc":[{"ltp":1.5,"id":67083366},{"ltp":2.88,"id":72857115}]}]}
{"op":"mcm","clk":"11898434050","pt":1724270826210,"mc":[{"id":"1.232049325","rc":[{"ltp":3.0,"id":72857115}]}]}
{"op":"mcm","clk":"11898438091","pt":1724270879805,"mc":[{"id":"1.232049325","rc":[{"ltp":1.53,"id":67083366}]}]}
{"op":"mcm","clk":"11898442623","pt":1724270931454,"mc":[{"id":"1.232049325","rc":[{"ltp":1.52,"id":67083366},{"ltp":2.86,"id":72857115}]}]}
{"op":"mcm","clk":"11898459237","pt":1724271125493,"mc":[{"id":"1.232049325","rc":[{"ltp":1.5,"id":67083366}]}]}
{"op":"mcm","clk":"11898464095","pt":1724271180267,"mc":[{"id":"1.232049325","rc":[{"ltp":1.48,"id":67083366}]}]}
{"op":"mcm","clk":"11898475891","pt":1724271303989,"mc":[{"id":"1.232049325","rc":[{"ltp":3.1,"id":72857115}]}]}
{"op":"mcm","clk":"11898480356","pt":1724271349225,"mc":[{"id":"1.232049325","rc":[{"ltp":1.43,"id":67083366}]}]}
{"op":"mcm","clk":"11898493134","pt":1724271485287,"mc":[{"id":"1.232049325","rc":[{"ltp":1.47,"id":67083366},{"ltp":3.05,"id":72857115}]}]}
{"op":"mcm","clk":"11898516973","pt":1724271726214,"mc":[{"id":"1.232049325","rc":[{"ltp":1.5,"id":67083366},{"ltp":3.0,"id":72857115}]}]}
{"op":"mcm","clk":"11898541502","pt":1724272023620,"mc":[{"id":"1.232049325","rc":[{"ltp":1.53,"id":67083366}]}]}
{"op":"mcm","clk":"11898546903","pt":1724272086203,"mc":[{"id":"1.232049325","rc":[{"ltp":1.5,"id":67083366}]}]}
{"op":"mcm","clk":"11898552027","pt":1724272144622,"mc":[{"id":"1.232049325","rc":[{"ltp":1.52,"id":67083366}]}]}
{"op":"mcm","clk":"11898562758","pt":1724272265769,"mc":[{"id":"1.232049325","rc":[{"ltp":1.43,"id":67083366},{"ltp":3.1,"id":72857115}]}]}
{"op":"mcm","clk":"11898582357","pt":1724272506553,"mc":[{"id":"1.232049325","rc":[{"ltp":1.5,"id":67083366}]}]}
{"op":"mcm","clk":"11898586909","pt":1724272565920,"mc":[{"id":"1.232049325","rc":[{"ltp":1.47,"id":67083366},{"ltp":3.15,"id":72857115}]}]}
{"op":"mcm","clk":"11898591281","pt":1724272625856,"mc":[{"id":"1.232049325","rc":[{"ltp":1.51,"id":67083366},{"ltp":2.96,"id":72857115}]}]}
{"op":"mcm","clk":"11898595538","pt":1724272685091,"mc":[{"id":"1.232049325","rc":[{"ltp":1.5,"id":67083366},{"ltp":3.0,"id":72857115}]}]}
{"op":"mcm","clk":"11898599989","pt":1724272745174,"mc":[{"id":"1.232049325","rc":[{"ltp":1.46,"id":67083366},{"ltp":3.2,"id":72857115}]}]}
{"op":"mcm","clk":"11898604159","pt":1724272805828,"mc":[{"id":"1.232049325","rc":[{"ltp":1.47,"id":67083366}]}]}
{"op":"mcm","clk":"11898608059","pt":1724272864995,"mc":[{"id":"1.232049325","rc":[{"ltp":1.5,"id":67083366},{"ltp":3.0,"id":72857115}]}]}
{"op":"mcm","clk":"11898612426","pt":1724272925634,"mc":[{"id":"1.232049325","rc":[{"ltp":1.47,"id":67083366},{"ltp":3.1,"id":72857115}]}]}
{"op":"mcm","clk":"11898616949","pt":1724272986392,"mc":[{"id":"1.232049325","rc":[{"ltp":1.5,"id":67083366},{"ltp":3.0,"id":72857115}]}]}
{"op":"mcm","clk":"11898621323","pt":1724273045949,"mc":[{"id":"1.232049325","rc":[{"ltp":1.48,"id":67083366},{"ltp":3.1,"id":72857115}]}]}
{"op":"mcm","clk":"11898642687","pt":1724273346462,"mc":[{"id":"1.232049325","rc":[{"ltp":1.45,"id":67083366}]}]}
{"op":"mcm","clk":"11898649769","pt":1724273465074,"mc":[{"id":"1.232049325","rc":[{"ltp":1.46,"id":67083366},{"ltp":3.15,"id":72857115}]}]}
{"op":"mcm","clk":"11898653120","pt":1724273525357,"mc":[{"id":"1.232049325","rc":[{"ltp":1.45,"id":67083366}]}]}
{"op":"mcm","clk":"11898656511","pt":1724273585325,"mc":[{"id":"1.232049325","rc":[{"ltp":1.48,"id":67083366},{"ltp":3.1,"id":72857115}]}]}
{"op":"mcm","clk":"11898659646","pt":1724273645505,"mc":[{"id":"1.232049325","rc":[{"ltp":1.45,"id":67083366},{"ltp":3.2,"id":72857115}]}]}
{"op":"mcm","clk":"11898662725","pt":1724273704695,"mc":[{"id":"1.232049325","rc":[{"ltp":1.47,"id":67083366}]}]}
{"op":"mcm","clk":"11898665704","pt":1724273765639,"mc":[{"id":"1.232049325","rc":[{"ltp":1.45,"id":67083366},{"ltp":3.25,"id":72857115}]}]}
{"op":"mcm","clk":"11898668903","pt":1724273826150,"mc":[{"id":"1.232049325","rc":[{"ltp":1.47,"id":67083366},{"ltp":3.15,"id":72857115}]}]}
{"op":"mcm","clk":"11898672178","pt":1724273886085,"mc":[{"id":"1.232049325","rc":[{"ltp":1.46,"id":67083366},{"ltp":3.1,"id":72857115}]}]}
{"op":"mcm","clk":"11898675213","pt":1724273946552,"mc":[{"id":"1.232049325","rc":[{"ltp":1.44,"id":67083366},{"ltp":3.25,"id":72857115}]}]}
{"op":"mcm","clk":"11898678024","pt":1724274006043,"mc":[{"id":"1.232049325","rc":[{"ltp":3.35,"id":72857115}]}]}
{"op":"mcm","clk":"11898681212","pt":1724274066019,"mc":[{"id":"1.232049325","rc":[{"ltp":1.4,"id":67083366},{"ltp":3.5,"id":72857115}]}]}
{"op":"mcm","clk":"11898684442","pt":1724274126506,"mc":[{"id":"1.232049325","rc":[{"ltp":1.42,"id":67083366},{"ltp":3.35,"id":72857115}]}]}
{"op":"mcm","clk":"11898687328","pt":1724274185170,"mc":[{"id":"1.232049325","rc":[{"ltp":1.43,"id":67083366}]}]}
{"op":"mcm","clk":"11898690504","pt":1724274246541,"mc":[{"id":"1.232049325","rc":[{"ltp":1.42,"id":67083366},{"ltp":3.3,"id":72857115}]}]}
{"op":"mcm","clk":"11898693440","pt":1724274306220,"mc":[{"id":"1.232049325","rc":[{"ltp":1.48,"id":67083366},{"ltp":3.15,"id":72857115}]}]}
{"op":"mcm","clk":"11898696223","pt":1724274366180,"mc":[{"id":"1.232049325","rc":[{"ltp":1.71,"id":67083366},{"ltp":2.44,"id":72857115}]}]}
{"op":"mcm","clk":"11898699588","pt":1724274426505,"mc":[{"id":"1.232049325","rc":[{"ltp":1.73,"id":67083366},{"ltp":2.42,"id":72857115}]}]}
{"op":"mcm","clk":"11898702004","pt":1724274484233,"mc":[{"id":"1.232049325","rc":[{"ltp":2.36,"id":72857115}]}]}
{"op":"mcm","clk":"11898704246","pt":1724274545234,"mc":[{"id":"1.232049325","rc":[{"ltp":1.69,"id":67083366},{"ltp":2.42,"id":72857115}]}]}
{"op":"mcm","clk":"11898706500","pt":1724274605920,"mc":[{"id":"1.232049325","rc":[{"ltp":1.64,"id":67083366},{"ltp":2.52,"id":72857115}]}]}
{"op":"mcm","clk":"11898708710","pt":1724274665397,"mc":[{"id":"1.232049325","rc":[{"ltp":2.56,"id":72857115}]}]}
{"op":"mcm","clk":"11898710755","pt":1724274723231,"mc":[{"id":"1.232049325","rc":[{"ltp":1.6,"id":67083366},{"ltp":2.6,"id":72857115}]}]}
{"op":"mcm","clk":"11898723277","pt":1724274786488,"mc":[{"id":"1.232049325","rc":[{"ltp":1.59,"id":67083366}]}]}
{"op":"mcm","clk":"11898725387","pt":1724274846267,"mc":[{"id":"1.232049325","rc":[{"ltp":1.58,"id":67083366},{"ltp":2.72,"id":72857115}]}]}
{"op":"mcm","clk":"11898727570","pt":1724274903768,"mc":[{"id":"1.232049325","marketDefinition":{"bspMarket":false,"turnInPlayEnabled":true,"persistenceEnabled":true,"marketBaseRate":5.0,"eventId":"33511213","eventTypeId":"4","numberOfWinners":1,"bettingType":"ODDS","marketType":"MATCH_ODDS","marketTime":"2024-08-21T21:15:00.000Z","suspendTime":"2024-08-21T21:15:00.000Z","bspReconciled":false,"complete":true,"inPlay":true,"crossMatching":true,"runnersVoidable":false,"numberOfActiveRunners":2,"betDelay":5,"status":"OPEN","runners":[{"status":"ACTIVE","sortPriority":1,"id":67083366,"name":"New York Strikers"},{"status":"ACTIVE","sortPriority":2,"id":72857115,"name":"Miami Lions"}],"regulators":["MR_INT"],"countryCode":"GB","discountAllowed":true,"timezone":"GMT","openDate":"2024-08-21T21:15:00.000Z","version":6090140542,"name":"Match Odds","eventName":"New York Strikers v Miami Lions"},"rc":[{"ltp":1.52,"id":67083366},{"ltp":2.92,"id":72857115}]}]}
{"op":"mcm","clk":"11898729988","pt":1724274966148,"mc":[{"id":"1.232049325","rc":[{"ltp":1.62,"id":67083366},{"ltp":2.52,"id":72857115}]}]}
{"op":"mcm","clk":"11898732901","pt":1724275026418,"mc":[{"id":"1.232049325","rc":[{"ltp":1.49,"id":67083366},{"ltp":2.96,"id":72857115}]}]}
{"op":"mcm","clk":"11898735488","pt":1724275086577,"mc":[{"id":"1.232049325","rc":[{"ltp":1.36,"id":67083366},{"ltp":3.75,"id":72857115}]}]}
{"op":"mcm","clk":"11898738174","pt":1724275146469,"mc":[{"id":"1.232049325","rc":[{"ltp":1.33,"id":67083366},{"ltp":4.0,"id":72857115}]}]}
{"op":"mcm","clk":"11898741103","pt":1724275205848,"mc":[{"id":"1.232049325","rc":[{"ltp":1.3,"id":67083366},{"ltp":4.3,"id":72857115}]}]}
{"op":"mcm","clk":"11898743728","pt":1724275266033,"mc":[{"id":"1.232049325","rc":[{"ltp":1.31,"id":67083366},{"ltp":4.2,"id":72857115}]}]}
{"op":"mcm","clk":"11898746201","pt":1724275325811,"mc":[{"id":"1.232049325","rc":[{"ltp":1.26,"id":67083366},{"ltp":4.8,"id":72857115}]}]}
{"op":"mcm","clk":"11898749058","pt":1724275386519,"mc":[{"id":"1.232049325","rc":[{"ltp":1.3,"id":67083366},{"ltp":4.4,"id":72857115}]}]}
{"op":"mcm","clk":"11898751570","pt":1724275446183,"mc":[{"id":"1.232049325","rc":[{"ltp":1.4,"id":67083366},{"ltp":3.65,"id":72857115}]}]}
{"op":"mcm","clk":"11898754302","pt":1724275506272,"mc":[{"id":"1.232049325","rc":[{"ltp":3.5,"id":72857115}]}]}
{"op":"mcm","clk":"11898756942","pt":1724275566447,"mc":[{"id":"1.232049325","rc":[{"ltp":3.55,"id":72857115}]}]}
{"op":"mcm","clk":"11898759414","pt":1724275626310,"mc":[{"id":"1.232049325","rc":[{"ltp":1.53,"id":67083366},{"ltp":2.94,"id":72857115}]}]}
{"op":"mcm","clk":"11898762394","pt":1724275685986,"mc":[{"id":"1.232049325","rc":[{"ltp":1.59,"id":67083366},{"ltp":2.7,"id":72857115}]}]}
{"op":"mcm","clk":"11898764656","pt":1724275746462,"mc":[{"id":"1.232049325","rc":[{"ltp":1.57,"id":67083366},{"ltp":2.74,"id":72857115}]}]}
{"op":"mcm","clk":"11898767171","pt":1724275806423,"mc":[{"id":"1.232049325","rc":[{"ltp":1.54,"id":67083366},{"ltp":2.84,"id":72857115}]}]}
{"op":"mcm","clk":"11898769452","pt":1724275865995,"mc":[{"id":"1.232049325","rc":[{"ltp":1.52,"id":67083366},{"ltp":2.88,"id":72857115}]}]}
{"op":"mcm","clk":"11898772045","pt":1724275926521,"mc":[{"id":"1.232049325","rc":[{"ltp":1.58,"id":67083366},{"ltp":2.82,"id":72857115}]}]}
{"op":"mcm","clk":"11898774594","pt":1724275986154,"mc":[{"id":"1.232049325","rc":[{"ltp":1.65,"id":67083366},{"ltp":2.62,"id":72857115}]}]}
{"op":"mcm","clk":"11898776959","pt":1724276046533,"mc":[{"id":"1.232049325","rc":[{"ltp":1.63,"id":67083366},{"ltp":2.58,"id":72857115}]}]}
{"op":"mcm","clk":"11898779686","pt":1724276105918,"mc":[{"id":"1.232049325","rc":[{"ltp":1.69,"id":67083366},{"ltp":2.4,"id":72857115}]}]}
{"op":"mcm","clk":"11898782083","pt":1724276166585,"mc":[{"id":"1.232049325","rc":[{"ltp":1.68,"id":67083366},{"ltp":2.46,"id":72857115}]}]}
{"op":"mcm","clk":"11898784330","pt":1724276226422,"mc":[{"id":"1.232049325","rc":[{"ltp":1.9,"id":67083366},{"ltp":1.92,"id":72857115}]}]}
{"op":"mcm","clk":"11898786951","pt":1724276286584,"mc":[{"id":"1.232049325","rc":[{"ltp":2.1,"id":72857115}]}]}
{"op":"mcm","clk":"11898789285","pt":1724276346229,"mc":[{"id":"1.232049325","rc":[{"ltp":2.08,"id":67083366},{"ltp":1.92,"id":72857115}]}]}
{"op":"mcm","clk":"11898792010","pt":1724276406393,"mc":[{"id":"1.232049325","rc":[{"ltp":2.34,"id":67083366},{"ltp":1.77,"id":72857115}]}]}
{"op":"mcm","clk":"11898795040","pt":1724276466580,"mc":[{"id":"1.232049325","rc":[{"ltp":2.3,"id":67083366}]}]}
{"op":"mcm","clk":"11898797846","pt":1724276526562,"mc":[{"id":"1.232049325","rc":[{"ltp":2.08,"id":67083366},{"ltp":1.92,"id":72857115}]}]}
{"op":"mcm","clk":"11898800620","pt":1724276586541,"mc":[{"id":"1.232049325","rc":[{"ltp":2.22,"id":67083366},{"ltp":1.85,"id":72857115}]}]}
{"op":"mcm","clk":"11898803177","pt":1724276646482,"mc":[{"id":"1.232049325","rc":[{"ltp":2.42,"id":67083366},{"ltp":1.69,"id":72857115}]}]}
{"op":"mcm","clk":"11898806017","pt":1724276706573,"mc":[{"id":"1.232049325","rc":[{"ltp":2.36,"id":67083366},{"ltp":1.73,"id":72857115}]}]}
{"op":"mcm","clk":"11898808961","pt":1724276766528,"mc":[{"id":"1.232049325","rc":[{"ltp":2.66,"id":67083366},{"ltp":1.6,"id":72857115}]}]}
{"op":"mcm","clk":"11898811841","pt":1724276825912,"mc":[{"id":"1.232049325","rc":[{"ltp":2.82,"id":67083366},{"ltp":1.54,"id":72857115}]}]}
{"op":"mcm","clk":"11898814915","pt":1724276886553,"mc":[{"id":"1.232049325","rc":[{"ltp":2.58,"id":67083366},{"ltp":1.64,"id":72857115}]}]}
{"op":"mcm","clk":"11898817417","pt":1724276945541,"mc":[{"id":"1.232049325","rc":[{"ltp":1.63,"id":72857115}]}]}
{"op":"mcm","clk":"11898820417","pt":1724277006578,"mc":[{"id":"1.232049325","rc":[{"ltp":2.62,"id":67083366}]}]}
{"op":"mcm","clk":"11898823234","pt":1724277065938,"mc":[{"id":"1.232049325","rc":[{"ltp":2.22,"id":67083366},{"ltp":1.79,"id":72857115}]}]}
{"op":"mcm","clk":"11898826200","pt":1724277126134,"mc":[{"id":"1.232049325","rc":[{"ltp":2.18,"id":67083366},{"ltp":1.85,"id":72857115}]}]}
{"op":"mcm","clk":"11898829418","pt":1724277185973,"mc":[{"id":"1.232049325","rc":[{"ltp":2.06,"id":67083366},{"ltp":1.94,"id":72857115}]}]}
{"op":"mcm","clk":"11898832276","pt":1724277245513,"mc":[{"id":"1.232049325","rc":[{"ltp":2.02,"id":67083366},{"ltp":2.02,"id":72857115}]}]}
{"op":"mcm","clk":"11898835256","pt":1724277306481,"mc":[{"id":"1.232049325","rc":[{"ltp":2.2,"id":67083366},{"ltp":1.81,"id":72857115}]}]}
{"op":"mcm","clk":"11898838126","pt":1724277366397,"mc":[{"id":"1.232049325","rc":[{"ltp":1.82,"id":72857115}]}]}
{"op":"mcm","clk":"11898841081","pt":1724277426369,"mc":[{"id":"1.232049325","rc":[{"ltp":2.22,"id":67083366},{"ltp":1.78,"id":72857115}]}]}
{"op":"mcm","clk":"11898844346","pt":1724277485953,"mc":[{"id":"1.232049325","rc":[{"ltp":2.28,"id":67083366},{"ltp":1.7,"id":72857115}]}]}
{"op":"mcm","clk":"11898847398","pt":1724277546551,"mc":[{"id":"1.232049325","rc":[{"ltp":2.52,"id":67083366},{"ltp":1.65,"id":72857115}]}]}
{"op":"mcm","clk":"11898850143","pt":1724277606194,"mc":[{"id":"1.232049325","rc":[{"ltp":2.66,"id":67083366},{"ltp":1.6,"id":72857115}]}]}
{"op":"mcm","clk":"11898853580","pt":1724277666321,"mc":[{"id":"1.232049325","rc":[{"ltp":2.62,"id":67083366}]}]}
{"op":"mcm","clk":"11898856810","pt":1724277726464,"mc":[{"id":"1.232049325","rc":[{"ltp":2.42,"id":67083366},{"ltp":1.69,"id":72857115}]}]}
{"op":"mcm","clk":"11898859763","pt":1724277786024,"mc":[{"id":"1.232049325","rc":[{"ltp":2.46,"id":67083366},{"ltp":1.68,"id":72857115}]}]}
{"op":"mcm","clk":"11898862410","pt":1724277846090,"mc":[{"id":"1.232049325","rc":[{"ltp":2.58,"id":67083366},{"ltp":1.63,"id":72857115}]}]}
{"op":"mcm","clk":"11898866016","pt":1724277905655,"mc":[{"id":"1.232049325","rc":[{"ltp":3.6,"id":67083366},{"ltp":1.37,"id":72857115}]}]}
{"op":"mcm","clk":"11898869450","pt":1724277966554,"mc":[{"id":"1.232049325","rc":[{"ltp":3.3,"id":67083366},{"ltp":1.42,"id":72857115}]}]}
{"op":"mcm","clk":"11898873152","pt":1724278026535,"mc":[{"id":"1.232049325","rc":[{"ltp":3.55,"id":67083366},{"ltp":1.39,"id":72857115}]}]}
{"op":"mcm","clk":"11898876888","pt":1724278086529,"mc":[{"id":"1.232049325","rc":[{"ltp":3.6,"id":67083366},{"ltp":1.41,"id":72857115}]}]}
{"op":"mcm","clk":"11898880556","pt":1724278146521,"mc":[{"id":"1.232049325","rc":[{"ltp":3.4,"id":67083366}]}]}
{"op":"mcm","clk":"11898884576","pt":1724278206397,"mc":[{"id":"1.232049325","rc":[{"ltp":3.45,"id":67083366}]}]}
{"op":"mcm","clk":"11898887916","pt":1724278266115,"mc":[{"id":"1.232049325","rc":[{"ltp":3.55,"id":67083366},{"ltp":1.39,"id":72857115}]}]}
{"op":"mcm","clk":"11898891266","pt":1724278326182,"mc":[{"id":"1.232049325","rc":[{"ltp":3.85,"id":67083366},{"ltp":1.35,"id":72857115}]}]}
{"op":"mcm","clk":"11898894928","pt":1724278385689,"mc":[{"id":"1.232049325","rc":[{"ltp":3.75,"id":67083366},{"ltp":1.37,"id":72857115}]}]}
{"op":"mcm","clk":"11898897923","pt":1724278446436,"mc":[{"id":"1.232049325","rc":[{"ltp":3.7,"id":67083366},{"ltp":1.38,"id":72857115}]}]}
{"op":"mcm","clk":"11898901192","pt":1724278505628,"mc":[{"id":"1.232049325","rc":[{"ltp":3.55,"id":67083366},{"ltp":1.4,"id":72857115}]}]}
{"op":"mcm","clk":"11898904677","pt":1724278566568,"mc":[{"id":"1.232049325","rc":[{"ltp":3.5,"id":67083366}]}]}
{"op":"mcm","clk":"11898908038","pt":1724278626248,"mc":[{"id":"1.232049325","rc":[{"ltp":3.65,"id":67083366},{"ltp":1.39,"id":72857115}]}]}
{"op":"mcm","clk":"11898911595","pt":1724278686117,"mc":[{"id":"1.232049325","rc":[{"ltp":1.38,"id":72857115}]}]}
{"op":"mcm","clk":"11898915190","pt":1724278746535,"mc":[{"id":"1.232049325","rc":[{"ltp":2.98,"id":67083366},{"ltp":1.5,"id":72857115}]}]}
{"op":"mcm","clk":"11898918715","pt":1724278806415,"mc":[{"id":"1.232049325","rc":[{"ltp":5.2,"id":67083366},{"ltp":1.25,"id":72857115}]}]}
{"op":"mcm","clk":"11898922202","pt":1724278866554,"mc":[{"id":"1.232049325","rc":[{"ltp":7.6,"id":67083366},{"ltp":1.15,"id":72857115}]}]}
{"op":"mcm","clk":"11898925859","pt":1724278926544,"mc":[{"id":"1.232049325","rc":[{"ltp":10.0,"id":67083366},{"ltp":1.12,"id":72857115}]}]}
{"op":"mcm","clk":"11898929592","pt":1724278986533,"mc":[{"id":"1.232049325","rc":[{"ltp":7.8,"id":67083366},{"ltp":1.15,"id":72857115}]}]}
{"op":"mcm","clk":"11898933200","pt":1724279046414,"mc":[{"id":"1.232049325","rc":[{"ltp":8.6,"id":67083366},{"ltp":1.14,"id":72857115}]}]}
{"op":"mcm","clk":"11898936633","pt":1724279105978,"mc":[{"id":"1.232049325","rc":[{"ltp":8.8,"id":67083366},{"ltp":1.13,"id":72857115}]}]}
{"op":"mcm","clk":"11898939948","pt":1724279166170,"mc":[{"id":"1.232049325","rc":[{"ltp":8.2,"id":67083366},{"ltp":1.16,"id":72857115}]}]}
{"op":"mcm","clk":"11898943636","pt":1724279226315,"mc":[{"id":"1.232049325","rc":[{"ltp":15.5,"id":67083366},{"ltp":1.07,"id":72857115}]}]}
{"op":"mcm","clk":"11898957968","pt":1724279465629,"mc":[{"id":"1.232049325","rc":[{"ltp":13.5,"id":67083366},{"ltp":1.08,"id":72857115}]}]}
{"op":"mcm","clk":"11898961516","pt":1724279525591,"mc":[{"id":"1.232049325","rc":[{"ltp":15.5,"id":67083366}]}]}
{"op":"mcm","clk":"11898965208","pt":1724279586008,"mc":[{"id":"1.232049325","rc":[{"ltp":12.0,"id":67083366},{"ltp":1.09,"id":72857115}]}]}
{"op":"mcm","clk":"11898968747","pt":1724279645638,"mc":[{"id":"1.232049325","rc":[{"ltp":15.5,"id":67083366},{"ltp":1.08,"id":72857115}]}]}
{"op":"mcm","clk":"11898972446","pt":1724279706522,"mc":[{"id":"1.232049325","rc":[{"ltp":13.5,"id":67083366}]}]}
{"op":"mcm","clk":"11898976025","pt":1724279766354,"mc":[{"id":"1.232049325","rc":[{"ltp":15.0,"id":67083366},{"ltp":1.06,"id":72857115}]}]}
{"op":"mcm","clk":"11898979817","pt":1724279826536,"mc":[{"id":"1.232049325","rc":[{"ltp":17.5,"id":67083366},{"ltp":1.05,"id":72857115}]}]}
{"op":"mcm","clk":"11898983615","pt":1724279886488,"mc":[{"id":"1.232049325","rc":[{"ltp":34.0,"id":67083366},{"ltp":1.03,"id":72857115}]}]}
{"op":"mcm","clk":"11898991013","pt":1724280005652,"mc":[{"id":"1.232049325","rc":[{"ltp":26.0,"id":67083366},{"ltp":1.04,"id":72857115}]}]}
{"op":"mcm","clk":"11898995195","pt":1724280066471,"mc":[{"id":"1.232049325","rc":[{"ltp":110.0,"id":67083366},{"ltp":1.02,"id":72857115}]}]}
{"op":"mcm","clk":"11898998603","pt":1724280126456,"mc":[{"id":"1.232049325","rc":[{"ltp":90.0,"id":67083366}]}]}
{"op":"mcm","clk":"11899011731","pt":1724280184532,"mc":[{"id":"1.232049325","rc":[{"ltp":60.0,"id":67083366}]}]}
{"op":"mcm","clk":"11899015199","pt":1724280245788,"mc":[{"id":"1.232049325","rc":[{"ltp":1.03,"id":72857115}]}]}
{"op":"mcm","clk":"11899018601","pt":1724280305809,"mc":[{"id":"1.232049325","rc":[{"ltp":27.0,"id":67083366}]}]}
{"op":"mcm","clk":"11899022042","pt":1724280365954,"mc":[{"id":"1.232049325","rc":[{"ltp":50.0,"id":67083366},{"ltp":1.02,"id":72857115}]}]}
{"op":"mcm","clk":"11899025150","pt":1724280426441,"mc":[{"id":"1.232049325","rc":[{"ltp":100.0,"id":67083366},{"ltp":1.01,"id":72857115}]}]}
{"op":"mcm","clk":"11899028579","pt":1724280482423,"mc":[{"id":"1.232049325","rc":[{"ltp":110.0,"id":67083366}]}]}
{"op":"mcm","clk":"11899031513","pt":1724280543910,"mc":[{"id":"1.232049325","rc":[{"ltp":300.0,"id":67083366}]}]}
{"op":"mcm","clk":"11899034565","pt":1724280606468,"mc":[{"id":"1.232049325","rc":[{"ltp":290.0,"id":67083366}]}]}
{"op":"mcm","clk":"11899037362","pt":1724280664859,"mc":[{"id":"1.232049325","rc":[{"ltp":500.0,"id":67083366}]}]}
{"op":"mcm","clk":"11899054986","pt":1724281020795,"mc":[{"id":"1.232049325","rc":[{"ltp":1000.0,"id":67083366}]}]}
{"op":"mcm","clk":"11899101688","pt":1724282011655,"mc":[{"id":"1.232049325","marketDefinition":{"bspMarket":false,"turnInPlayEnabled":true,"persistenceEnabled":true,"marketBaseRate":5.0,"eventId":"33511213","eventTypeId":"4","numberOfWinners":1,"bettingType":"ODDS","marketType":"MATCH_ODDS","marketTime":"2024-08-21T21:15:00.000Z","suspendTime":"2024-08-21T21:15:00.000Z","bspReconciled":false,"complete":true,"inPlay":true,"crossMatching":false,"runnersVoidable":false,"numberOfActiveRunners":0,"betDelay":5,"status":"CLOSED","settledTime":"2024-08-21T23:13:18.000Z","runners":[{"status":"LOSER","sortPriority":1,"id":67083366,"name":"New York Strikers"},{"status":"WINNER","sortPriority":2,"id":72857115,"name":"Miami Lions"}],"regulators":["MR_INT"],"countryCode":"GB","discountAllowed":true,"timezone":"GMT","openDate":"2024-08-21T21:15:00.000Z","version":6090291139,"name":"Match Odds","eventName":"New York Strikers v Miami Lions"}}]}
