{"op":"mcm","clk":"11869333346","pt":1723911289003,"mc":[{"id":"1.231929101","marketDefinition":{"bspMarket":false,"turnInPlayEnabled":true,"persistenceEnabled":true,"marketBaseRate":5.0,"eventId":"33503359","eventTypeId":"4","numberOfWinners":1,"bettingType":"ODDS","marketType":"MATCH_ODDS","marketTime":"2024-08-18T13:15:00.000Z","suspendTime":"2024-08-18T13:15:00.000Z","bspReconciled":false,"complete":true,"inPlay":false,"crossMatching":true,"runnersVoidable":false,"numberOfActiveRunners":2,"betDelay":0,"status":"OPEN","runners":[{"status":"ACTIVE","sortPriority":1,"id":40096581,"name":"Welsh Fire Women"},{"status":"ACTIVE","sortPriority":2,"id":40096576,"name":"London Spirit Women"}],"regulators":["MR_INT"],"countryCode":"GB","discountAllowed":true,"timezone":"GMT","openDate":"2024-08-18T13:15:00.000Z","version":6080652925,"name":"Match Odds","eventName":"Welsh Fire Women v London Spirit Women"}}]}
{"op":"mcm","clk":"11869705529","pt":1723913203569,"mc":[{"id":"1.231929101","rc":[{"ltp":1.99,"id":40096576}]}]}
{"op":"mcm","clk":"11870427479","pt":1723917045716,"mc":[{"id":"1.231929101","rc":[{"ltp":1.93,"id":40096581}]}]}
{"op":"mcm","clk":"11870436212","pt":1723917093093,"mc":[{"id":"1.231929101","rc":[{"ltp":1.9,"id":40096581}]}]}
{"op":"mcm","clk":"11870629262","pt":1723918051381,"mc":[{"id":"1.231929101","rc":[{"ltp":2.08,"id":40096576},{"ltp":1.91,"id":40096581}]}]}
{"op":"mcm","clk":"11870659225","pt":1723918183641,"mc":[{"id":"1.231929101","rc":[{"ltp":1.92,"id":40096581}]}]}
{"op":"mcm","clk":"11871215160","pt":1723920644750,"mc":[{"id":"1.231929101","rc":[{"ltp":1.91,"id":40096581}]}]}
{"op":"mcm","clk":"11871229600","pt":1723920715733,"mc":[{"id":"1.231929101","rc":[{"ltp":2.1,"id":40096576}]}]}
{"op":"mcm","clk":"11871298421","pt":1723921064824,"mc":[{"id":"1.231929101","rc":[{"ltp":2.0,"id":40096576},{"ltp":2.0,"id":40096581}]}]}
{"op":"mcm","clk":"11871991417","pt":1723924541998,"mc":[{"id":"1.231929101","rc":[{"ltp":1.93,"id":40096581}]}]}
{"op":"mcm","clk":"11872000645","pt":1723924601788,"mc":[{"id":"1.231929101","rc":[{"ltp":1.89,"id":40096581}]}]}
{"op":"mcm","clk":"11872019532","pt":1723924725696,"mc":[{"id":"1.231929101","rc":[{"ltp":1.99,"id":40096576}]}]}
{"op":"mcm","clk":"11872045515","pt":1723924906487,"mc":[{"id":"1.231929101","rc":[{"ltp":2.0,"id":40096576},{"ltp":1.9,"id":40096581}]}]}
{"op":"mcm","clk":"11872194980","pt":1723925881034,"mc":[{"id":"1.231929101","rc":[{"ltp":2.06,"id":40096576},{"ltp":1.94,"id":40096581}]}]}
{"op":"mcm","clk":"11872269607","pt":1723926405405,"mc":[{"id":"1.231929101","rc":[{"ltp":2.02,"id":40096576},{"ltp":1.98,"id":40096581}]}]}
{"op":"mcm","clk":"11872293946","pt":1723926586525,"mc":[{"id":"1.231929101","rc":[{"ltp":2.06,"id":40096576},{"ltp":1.94,"id":40096581}]}]}
{"op":"mcm","clk":"11872303171","pt":1723926646897,"mc":[{"id":"1.231929101","rc":[{"ltp":1.93,"id":40096581}]}]}
{"op":"mcm","clk":"11872308148","pt":1723926681059,"mc":[{"id":"1.231929101","rc":[{"ltp":1.9,"id":40096581}]}]}
{"op":"mcm","clk":"11872324184","pt":1723926801901,"mc":[{"id":"1.231929101","rc":[{"ltp":1.91,"id":40096581}]}]}
{"op":"mcm","clk":"11872340658","pt":1723926937821,"mc":[{"id":"1.231929101","rc":[{"ltp":1.9,"id":40096581}]}]}
{"op":"mcm","clk":"11872397898","pt":1723927420995,"mc":[{"id":"1.231929101","rc":[{"ltp":2.1,"id":40096576},{"ltp":1.91,"id":40096581}]}]}
{"op":"mcm","clk":"11872404696","pt":1723927486119,"mc":[{"id":"1.231929101","rc":[{"ltp":1.9,"id":40096581}]}]}
{"op":"mcm","clk":"11872448714","pt":1723927964848,"mc":[{"id":"1.231929101","rc":[{"ltp":1.91,"id":40096581}]}]}
{"op":"mcm","clk":"11872502005","pt":1723928660067,"mc":[{"id":"1.231929101","rc":[{"ltp":1.92,"id":40096581}]}]}
{"op":"mcm","clk":"11872536064","pt":1723929104777,"mc":[{"id":"1.231929101","rc":[{"ltp":2.08,"id":40096576},{"ltp":1.93,"id":40096581}]}]}
{"op":"mcm","clk":"11872576827","pt":1723929462316,"mc":[{"id":"1.231929101","rc":[{"ltp":1.94,"id":40096581}]}]}
{"op":"mcm","clk":"11872773520","pt":1723931907064,"mc":[{"id":"1.231929101","rc":[{"ltp":2.06,"id":40096576}]}]}
{"op":"mcm","clk":"11872815067","pt":1723932521650,"mc":[{"id":"1.231929101","rc":[{"ltp":1.95,"id":40096581}]}]}
{"op":"mcm","clk":"11872819793","pt":1723932586982,"mc":[{"id":"1.231929101","rc":[{"ltp":1.99,"id":40096581}]}]}
{"op":"mcm","clk":"11872823929","pt":1723932641062,"mc":[{"id":"1.231929101","rc":[{"ltp":1.98,"id":40096576},{"ltp":2.02,"id":40096581}]}]}
{"op":"mcm","clk":"11872875522","pt":1723933362974,"mc":[{"id":"1.231929101","rc":[{"ltp":1.96,"id":40096576}]}]}
{"op":"mcm","clk":"11872888992","pt":1723933580407,"mc":[{"id":"1.231929101","rc":[{"ltp":2.04,"id":40096581}]}]}
{"op":"mcm","clk":"11872929050","pt":1723934197161,"mc":[{"id":"1.231929101","rc":[{"ltp":1.98,"id":40096576}]}]}
{"op":"mcm","clk":"11872950586","pt":1723934539625,"mc":[{"id":"1.231929101","rc":[{"ltp":2.02,"id":40096581}]}]}
{"op":"mcm","clk":"11873517784","pt":1723941577975,"mc":[{"id":"1.231929101","rc":[{"ltp":1.97,"id":40096576}]}]}
{"op":"mcm","clk":"11873542759","pt":1723941851996,"mc":[{"id":"1.231929101","rc":[{"ltp":1.98,"id":40096576}]}]}
{"op":"mcm","clk":"11873690440","pt":1723943783490,"mc":[{"id":"1.231929101","rc":[{"ltp":2.0,"id":40096581}]}]}
{"op":"mcm","clk":"11874064129","pt":1723948413337,"mc":[{"id":"1.231929101","rc":[{"ltp":2.02,"id":40096581}]}]}
{"op":"mcm","clk":"11874107936","pt":1723948951785,"mc":[{"id":"1.231929101","rc":[{"ltp":1.99,"id":40096576}]}]}
{"op":"mcm","clk":"11874109234","pt":1723948967147,"mc":[{"id":"1.231929101","rc":[{"ltp":1.97,"id":40096576}]}]}
{"op":"mcm","clk":"11874201731","pt":1723950404511,"mc":[{"id":"1.231929101","rc":[{"ltp":1.99,"id":40096576}]}]}
{"op":"mcm","clk":"11874314385","pt":1723952204806,"mc":[{"id":"1.231929101","rc":[{"ltp":2.0,"id":40096576},{"ltp":2.0,"id":40096581}]}]}
{"op":"mcm","clk":"11874578207","pt":1723957911899,"mc":[{"id":"1.231929101","rc":[{"ltp":1.99,"id":40096581}]}]}
{"op":"mcm","clk":"11874623736","pt":1723959645111,"mc":[{"id":"1.231929101","rc":[{"ltp":2.0,"id":40096581}]}]}
{"op":"mcm","clk":"11874625616","pt":1723959705466,"mc":[{"id":"1.231929101","rc":[{"ltp":2.02,"id":40096576},{"ltp":1.99,"id":40096581}]}]}
{"op":"mcm","clk":"11874660053","pt":1723961251238,"mc":[{"id":"1.231929101","rc":[{"ltp":2.0,"id":40096576}]}]}
{"op":"mcm","clk":"11874707827","pt":1723962809401,"mc":[{"id":"1.231929101","rc":[{"ltp":2.0,"id":40096581}]}]}
{"op":"mcm","clk":"11874728228","pt":1723963661700,"mc":[{"id":"1.231929101","rc":[{"ltp":1.98,"id":40096576}]}]}
{"op":"mcm","clk":"11874733222","pt":1723963844688,"mc":[{"id":"1.231929101","rc":[{"ltp":2.02,"id":40096581}]}]}
{"op":"mcm","clk":"11874736115","pt":1723963965011,"mc":[{"id":"1.231929101","rc":[{"ltp":1.99,"id":40096576}]}]}
{"op":"mcm","clk":"11874738295","pt":1723964054724,"mc":[{"id":"1.231929101","rc":[{"ltp":1.96,"id":40096576}]}]}
{"op":"mcm","clk":"11874779422","pt":1723965404617,"mc":[{"id":"1.231929101","rc":[{"ltp":2.0,"id":40096576},{"ltp":1.99,"id":40096581}]}]}
{"op":"mcm","clk":"11874781479","pt":1723965465045,"mc":[{"id":"1.231929101","rc":[{"ltp":2.0,"id":40096581}]}]}
{"op":"mcm","clk":"11874781980","pt":1723965484145,"mc":[{"id":"1.231929101","rc":[{"ltp":1.99,"id":40096576}]}]}
{"op":"mcm","clk":"11874785164","pt":1723965619965,"mc":[{"id":"1.231929101","rc":[{"ltp":2.02,"id":40096576}]}]}
{"op":"mcm","clk":"11874799185","pt":1723966108791,"mc":[{"id":"1.231929101","rc":[{"ltp":1.97,"id":40096576}]}]}
{"op":"mcm","clk":"11874814502","pt":1723966591838,"mc":[{"id":"1.231929101","rc":[{"ltp":1.96,"id":40096576}]}]}
{"op":"mcm","clk":"11874842455","pt":1723967107972,"mc":[{"id":"1.231929101","rc":[{"ltp":1.99,"id":40096576}]}]}
{"op":"mcm","clk":"11874851195","pt":1723967326028,"mc":[{"id":"1.231929101","rc":[{"ltp":2.02,"id":40096581}]}]}
{"op":"mcm","clk":"11874865184","pt":1723967724358,"mc":[{"id":"1.231929101","rc":[{"ltp":2.0,"id":40096576}]}]}
{"op":"mcm","clk":"11874871938","pt":1723967906160,"mc":[{"id":"1.231929101","rc":[{"ltp":1.99,"id":40096576}]}]}
{"op":"mcm","clk":"11874873513","pt":1723967951525,"mc":[{"id":"1.231929101","rc":[{"ltp":2.0,"id":40096581}]}]}
{"op":"mcm","clk":"11874884215","pt":1723968164272,"mc":[{"id":"1.231929101","rc":[{"ltp":2.02,"id":40096576},{"ltp":1.99,"id":40096581}]}]}
{"op":"mcm","clk":"11874890695","pt":1723968284293,"mc":[{"id":"1.231929101","rc":[{"ltp":2.0,"id":40096576},{"ltp":2.0,"id":40096581}]}]}
{"op":"mcm","clk":"11874925253","pt":1723968903692,"mc":[{"id":"1.231929101","rc":[{"ltp":1.99,"id":40096581}]}]}
{"op":"mcm","clk":"11874970744","pt":1723969567838,"mc":[{"id":"1.231929101","rc":[{"ltp":2.0,"id":40096581}]}]}
{"op":"mcm","clk":"11874978514","pt":1723969696262,"mc":[{"id":"1.231929101","rc":[{"ltp":1.99,"id":40096581}]}]}
{"op":"mcm","clk":"11874983158","pt":1723969769343,"mc":[{"id":"1.231929101","rc":[{"ltp":2.0,"id":40096581}]}]}
{"op":"mcm","clk":"11875008134","pt":1723970133243,"mc":[{"id":"1.231929101","rc":[{"ltp":1.99,"id":40096581}]}]}
{"op":"mcm","clk":"11875129404","pt":1723971860740,"mc":[{"id":"1.231929101","rc":[{"ltp":2.02,"id":40096576}]}]}
{"op":"mcm","clk":"11875205347","pt":1723972656156,"mc":[{"id":"1.231929101","rc":[{"ltp":2.0,"id":40096576}]}]}
{"op":"mcm","clk":"11875210634","pt":1723972713192,"mc":[{"id":"1.231929101","rc":[{"ltp":2.02,"id":40096576}]}]}
{"op":"mcm","clk":"11875219759","pt":1723972819899,"mc":[{"id":"1.231929101","rc":[{"ltp":2.0,"id":40096576}]}]}
{"op":"mcm","clk":"11875250304","pt":1723973179848,"mc":[{"id":"1.231929101","rc":[{"ltp":2.02,"id":40096576},{"ltp":1.97,"id":40096581}]}]}
{"op":"mcm","clk":"11875278956","pt":1723973500423,"mc":[{"id":"1.231929101","rc":[{"ltp":1.98,"id":40096581}]}]}
{"op":"mcm","clk":"11875291978","pt":1723973642192,"mc":[{"id":"1.231929101","rc":[{"ltp":1.97,"id":40096581}]}]}
{"op":"mcm","clk":"11875320122","pt":1723973919967,"mc":[{"id":"1.231929101","rc":[{"ltp":1.98,"id":40096581}]}]}
{"op":"mcm","clk":"11875330843","pt":1723974039803,"mc":[{"id":"1.231929101","rc":[{"ltp":1.97,"id":40096581}]}]}
{"op":"mcm","clk":"11875347530","pt":1723974221747,"mc":[{"id":"1.231929101","rc":[{"ltp":2.08,"id":40096576},{"ltp":1.92,"id":40096581}]}]}
{"op":"mcm","clk":"11875352712","pt":1723974286402,"mc":[{"id":"1.231929101","rc":[{"ltp":2.1,"id":40096576}]}]}
{"op":"mcm","clk":"11875357993","pt":1723974346456,"mc":[{"id":"1.231929101","rc":[{"ltp":1.93,"id":40096581}]}]}
{"op":"mcm","clk":"11875362348","pt":1723974398741,"mc":[{"id":"1.231929101","rc":[{"ltp":1.92,"id":40096581}]}]}
{"op":"mcm","clk":"11875367797","pt":1723974460812,"mc":[{"id":"1.231929101","rc":[{"ltp":1.93,"id":40096581}]}]}
{"op":"mcm","clk":"11875372710","pt":1723974525074,"mc":[{"id":"1.231929101","rc":[{"ltp":2.08,"id":40096576},{"ltp":1.9,"id":40096581}]}]}
{"op":"mcm","clk":"11875377581","pt":1723974585482,"mc":[{"id":"1.231929101","rc":[{"ltp":2.1,"id":40096576}]}]}
{"op":"mcm","clk":"11875394896","pt":1723974822129,"mc":[{"id":"1.231929101","rc":[{"ltp":1.89,"id":40096581}]}]}
{"op":"mcm","clk":"11875403007","pt":1723974938660,"mc":[{"id":"1.231929101","rc":[{"ltp":2.12,"id":40096576},{"ltp":1.9,"id":40096581}]}]}
{"op":"mcm","clk":"11875412518","pt":1723975064657,"mc":[{"id":"1.231929101","rc":[{"ltp":1.91,"id":40096581}]}]}
{"op":"mcm","clk":"11875421756","pt":1723975186215,"mc":[{"id":"1.231929101","rc":[{"ltp":1.9,"id":40096581}]}]}
{"op":"mcm","clk":"11875439270","pt":1723975409738,"mc":[{"id":"1.231929101","rc":[{"ltp":1.91,"id":40096581}]}]}
{"op":"mcm","clk":"11875449197","pt":1723975525485,"mc":[{"id":"1.231929101","rc":[{"ltp":2.1,"id":40096576}]}]}
{"op":"mcm","clk":"11875455422","pt":1723975592085,"mc":[{"id":"1.231929101","rc":[{"ltp":1.9,"id":40096581}]}]}
{"op":"mcm","clk":"11875472503","pt":1723975766472,"mc":[{"id":"1.231929101","rc":[{"ltp":1.89,"id":40096581}]}]}
{"op":"mcm","clk":"11875497177","pt":1723976015660,"mc":[{"id":"1.231929101","rc":[{"ltp":1.9,"id":40096581}]}]}
{"op":"mcm","clk":"11875576803","pt":1723976859637,"mc":[{"id":"1.231929101","rc":[{"ltp":1.91,"id":40096581}]}]}
{"op":"mcm","clk":"11875644212","pt":1723977521301,"mc":[{"id":"1.231929101","rc":[{"ltp":1.92,"id":40096581}]}]}
{"op":"mcm","clk":"11875650742","pt":1723977586208,"mc":[{"id":"1.231929101","rc":[{"ltp":2.06,"id":40096576},{"ltp":1.94,"id":40096581}]}]}
{"op":"mcm","clk":"11875657442","pt":1723977646768,"mc":[{"id":"1.231929101","rc":[{"ltp":1.92,"id":40096581}]}]}
{"op":"mcm","clk":"11875697589","pt":1723977941013,"mc":[{"id":"1.231929101","rc":[{"ltp":1.91,"id":40096581}]}]}
{"op":"mcm","clk":"11875709257","pt":1723978065460,"mc":[{"id":"1.231929101","rc":[{"ltp":1.9,"id":40096581}]}]}
{"op":"mcm","clk":"11875717168","pt":1723978150008,"mc":[{"id":"1.231929101","rc":[{"ltp":2.1,"id":40096576}]}]}
{"op":"mcm","clk":"11875735683","pt":1723978362387,"mc":[{"id":"1.231929101","rc":[{"ltp":1.91,"id":40096581}]}]}
{"op":"mcm","clk":"11875757567","pt":1723978660700,"mc":[{"id":"1.231929101","rc":[{"ltp":1.92,"id":40096581}]}]}
{"op":"mcm","clk":"11875768492","pt":1723978811482,"mc":[{"id":"1.231929101","rc":[{"ltp":2.08,"id":40096576}]}]}
{"op":"mcm","clk":"11875788889","pt":1723979086701,"mc":[{"id":"1.231929101","rc":[{"ltp":1.91,"id":40096581}]}]}
{"op":"mcm","clk":"11875824634","pt":1723979495605,"mc":[{"id":"1.231929101","rc":[{"ltp":1.92,"id":40096581}]}]}
{"op":"mcm","clk":"11875831069","pt":1723979565895,"mc":[{"id":"1.231929101","rc":[{"ltp":1.91,"id":40096581}]}]}
{"op":"mcm","clk":"11875836699","pt":1723979625034,"mc":[{"id":"1.231929101","rc":[{"ltp":2.1,"id":40096576}]}]}
{"op":"mcm","clk":"11875840859","pt":1723979667209,"mc":[{"id":"1.231929101","rc":[{"ltp":1.9,"id":40096581}]}]}
{"op":"mcm","clk":"11875854642","pt":1723979804093,"mc":[{"id":"1.231929101","rc":[{"ltp":1.91,"id":40096581}]}]}
{"op":"mcm","clk":"11875905131","pt":1723980329881,"mc":[{"id":"1.231929101","rc":[{"ltp":2.08,"id":40096576}]}]}
{"op":"mcm","clk":"11875954596","pt":1723980803660,"mc":[{"id":"1.231929101","rc":[{"ltp":1.92,"id":40096581}]}]}
{"op":"mcm","clk":"11875964189","pt":1723980885493,"mc":[{"id":"1.231929101","rc":[{"ltp":1.91,"id":40096581}]}]}
{"op":"mcm","clk":"11876021825","pt":1723981353024,"mc":[{"id":"1.231929101","rc":[{"ltp":1.9,"id":40096581}]}]}
{"op":"mcm","clk":"11876100008","pt":1723982069477,"mc":[{"id":"1.231929101","rc":[{"ltp":1.91,"id":40096581}]}]}
{"op":"mcm","clk":"11876107900","pt":1723982146486,"mc":[{"id":"1.231929101","rc":[{"ltp":2.1,"id":40096576},{"ltp":1.9,"id":40096581}]}]}
{"op":"mcm","clk":"11876136020","pt":1723982434572,"mc":[{"id":"1.231929101","rc":[{"ltp":2.08,"id":40096576}]}]}
{"op":"mcm","clk":"11876152074","pt":1723982608436,"mc":[{"id":"1.231929101","rc":[{"ltp":2.1,"id":40096576},{"ltp":1.91,"id":40096581}]}]}
{"op":"mcm","clk":"11876155670","pt":1723982641286,"mc":[{"id":"1.231929101","rc":[{"ltp":1.9,"id":40096581}]}]}
{"op":"mcm","clk":"11876175104","pt":1723982804182,"mc":[{"id":"1.231929101","rc":[{"ltp":1.91,"id":40096581}]}]}
{"op":"mcm","clk":"11876185721","pt":1723982894769,"mc":[{"id":"1.231929101","rc":[{"ltp":1.9,"id":40096581}]}]}
{"op":"mcm","clk":"11876195808","pt":1723982984848,"mc":[{"id":"1.231929101","rc":[{"ltp":2.08,"id":40096576},{"ltp":1.92,"id":40096581}]}]}
{"op":"mcm","clk":"11876200551","pt":1723983028003,"mc":[{"id":"1.231929101","rc":[{"ltp":1.91,"id":40096581}]}]}
{"op":"mcm","clk":"11876233521","pt":1723983223239,"mc":[{"id":"1.231929101","rc":[{"ltp":2.06,"id":40096576},{"ltp":1.93,"id":40096581}]}]}
{"op":"mcm","clk":"11876249240","pt":1723983346768,"mc":[{"id":"1.231929101","rc":[{"ltp":1.91,"id":40096581}]}]}
{"op":"mcm","clk":"11876251952","pt":1723983368173,"mc":[{"id":"1.231929101","rc":[{"ltp":2.08,"id":40096576},{"ltp":1.92,"id":40096581}]}]}
{"op":"mcm","clk":"11876289969","pt":1723983693234,"mc":[{"id":"1.231929101","rc":[{"ltp":1.91,"id":40096581}]}]}
{"op":"mcm","clk":"11876303094","pt":1723983816490,"mc":[{"id":"1.231929101","rc":[{"ltp":1.92,"id":40096581}]}]}
{"op":"mcm","clk":"11876322998","pt":1723984003971,"mc":[{"id":"1.231929101","rc":[{"ltp":1.91,"id":40096581}]}]}
{"op":"mcm","clk":"11876328555","pt":1723984062590,"mc":[{"id":"1.231929101","rc":[{"ltp":1.92,"id":40096581}]}]}
{"op":"mcm","clk":"11876341340","pt":1723984186690,"mc":[{"id":"1.231929101","rc":[{"ltp":1.93,"id":40096581}]}]}
{"op":"mcm","clk":"11876355183","pt":1723984302562,"mc":[{"id":"1.231929101","rc":[{"ltp":1.91,"id":40096581}]}]}
{"op":"mcm","clk":"11876374232","pt":1723984460090,"mc":[{"id":"1.231929101","rc":[{"ltp":1.9,"id":40096581}]}]}
{"op":"mcm","clk":"11876384432","pt":1723984540128,"mc":[{"id":"1.231929101","rc":[{"ltp":1.92,"id":40096581}]}]}
{"op":"mcm","clk":"11876390364","pt":1723984581803,"mc":[{"id":"1.231929101","rc":[{"ltp":1.91,"id":40096581}]}]}
{"op":"mcm","clk":"11876410306","pt":1723984726817,"mc":[{"id":"1.231929101","rc":[{"ltp":1.9,"id":40096581}]}]}
{"op":"mcm","clk":"11876418814","pt":1723984785794,"mc":[{"id":"1.231929101","rc":[{"ltp":1.91,"id":40096581}]}]}
{"op":"mcm","clk":"11876426753","pt":1723984844672,"mc":[{"id":"1.231929101","rc":[{"ltp":1.92,"id":40096581}]}]}
{"op":"mcm","clk":"11876441482","pt":1723984955472,"mc":[{"id":"1.231929101","rc":[{"ltp":2.06,"id":40096576}]}]}
{"op":"mcm","clk":"11876450433","pt":1723985020837,"mc":[{"id":"1.231929101","rc":[{"ltp":2.08,"id":40096576},{"ltp":1.91,"id":40096581}]}]}
{"op":"mcm","clk":"11876459550","pt":1723985086022,"mc":[{"id":"1.231929101","rc":[{"ltp":2.1,"id":40096576},{"ltp":1.9,"id":40096581}]}]}
{"op":"mcm","clk":"11876468354","pt":1723985146862,"mc":[{"id":"1.231929101","rc":[{"ltp":1.89,"id":40096581}]}]}
{"op":"mcm","clk":"11876476836","pt":1723985206366,"mc":[{"id":"1.231929101","rc":[{"ltp":1.9,"id":40096581}]}]}
{"op":"mcm","clk":"11876484229","pt":1723985258440,"mc":[{"id":"1.231929101","rc":[{"ltp":2.12,"id":40096576},{"ltp":1.88,"id":40096581}]}]}
{"op":"mcm","clk":"11876493593","pt":1723985326415,"mc":[{"id":"1.231929101","rc":[{"ltp":1.95,"id":40096576},{"ltp":2.04,"id":40096581}]}]}
{"op":"mcm","clk":"11876501516","pt":1723985384381,"mc":[{"id":"1.231929101","rc":[{"ltp":1.9,"id":40096576},{"ltp":2.1,"id":40096581}]}]}
{"op":"mcm","clk":"11876509267","pt":1723985446744,"mc":[{"id":"1.231929101","rc":[{"ltp":1.88,"id":40096576},{"ltp":2.12,"id":40096581}]}]}
{"op":"mcm","clk":"11876516574","pt":1723985506985,"mc":[{"id":"1.231929101","rc":[{"ltp":1.9,"id":40096576},{"ltp":2.1,"id":40096581}]}]}
{"op":"mcm","clk":"11876524769","pt":1723985566841,"mc":[{"id":"1.231929101","rc":[{"ltp":2.12,"id":40096581}]}]}
{"op":"mcm","clk":"11876532795","pt":1723985626605,"mc":[{"id":"1.231929101","rc":[{"ltp":2.1,"id":40096581}]}]}
{"op":"mcm","clk":"11876540990","pt":1723985686784,"mc":[{"id":"1.231929101","rc":[{"ltp":1.91,"id":40096576}]}]}
{"op":"mcm","clk":"11876549867","pt":1723985746034,"mc":[{"id":"1.231929101","rc":[{"ltp":1.9,"id":40096576}]}]}
{"op":"mcm","clk":"11876559169","pt":1723985806927,"mc":[{"id":"1.231929101","rc":[{"ltp":1.88,"id":40096576},{"ltp":2.12,"id":40096581}]}]}
{"op":"mcm","clk":"11876567583","pt":1723985866520,"mc":[{"id":"1.231929101","rc":[{"ltp":1.9,"id":40096576}]}]}
{"op":"mcm","clk":"11876574891","pt":1723985926801,"mc":[{"id":"1.231929101","rc":[{"ltp":2.14,"id":40096581}]}]}
{"op":"mcm","clk":"11876582600","pt":1723985986166,"mc":[{"id":"1.231929101","rc":[{"ltp":1.89,"id":40096576},{"ltp":2.12,"id":40096581}]}]}
{"op":"mcm","clk":"11876591295","pt":1723986046956,"mc":[{"id":"1.231929101","rc":[{"ltp":1.87,"id":40096576},{"ltp":2.14,"id":40096581}]}]}
{"op":"mcm","clk":"11876610039","pt":1723986166673,"mc":[{"id":"1.231929101","rc":[{"ltp":1.88,"id":40096576}]}]}
{"op":"mcm","clk":"11876619787","pt":1723986226647,"mc":[{"id":"1.231929101","rc":[{"ltp":1.91,"id":40096576},{"ltp":2.08,"id":40096581}]}]}
{"op":"mcm","clk":"11876629538","pt":1723986286812,"mc":[{"id":"1.231929101","rc":[{"ltp":1.87,"id":40096576},{"ltp":2.12,"id":40096581}]}]}
{"op":"mcm","clk":"11876639575","pt":1723986345748,"mc":[{"id":"1.231929101","rc":[{"ltp":1.88,"id":40096576}]}]}
{"op":"mcm","clk":"11876649653","pt":1723986406707,"mc":[{"id":"1.231929101","rc":[{"ltp":1.87,"id":40096576},{"ltp":2.14,"id":40096581}]}]}
{"op":"mcm","clk":"11876659129","pt":1723986465380,"mc":[{"id":"1.231929101","rc":[{"ltp":1.88,"id":40096576},{"ltp":2.12,"id":40096581}]}]}
{"op":"mcm","clk":"11876668715","pt":1723986526227,"mc":[{"id":"1.231929101","rc":[{"ltp":1.87,"id":40096576}]}]}
{"op":"mcm","clk":"11876679185","pt":1723986586728,"mc":[{"id":"1.231929101","rc":[{"ltp":1.86,"id":40096576},{"ltp":2.14,"id":40096581}]}]}
{"op":"mcm","clk":"11876689975","pt":1723986646396,"mc":[{"id":"1.231929101","rc":[{"ltp":1.87,"id":40096576},{"ltp":2.12,"id":40096581}]}]}
{"op":"mcm","clk":"11876701494","pt":1723986706989,"mc":[{"id":"1.231929101","rc":[{"ltp":1.88,"id":40096576},{"ltp":2.14,"id":40096581}]}]}
{"op":"mcm","clk":"11876712163","pt":1723986766953,"mc":[{"id":"1.231929101","rc":[{"ltp":1.86,"id":40096576},{"ltp":2.16,"id":40096581}]}]}
{"op":"mcm","clk":"11876723866","pt":1723986826720,"mc":[{"id":"1.231929101","rc":[{"ltp":1.85,"id":40096576},{"ltp":2.18,"id":40096581}]}]}
{"op":"mcm","clk":"11876735057","pt":1723986886977,"mc":[{"id":"1.231929101","rc":[{"ltp":1.84,"id":40096576},{"ltp":2.16,"id":40096581}]}]}
{"op":"mcm","clk":"11876745697","pt":1723986946889,"mc":[{"id":"1.231929101","marketDefinition":{"bspMarket":false,"turnInPlayEnabled":true,"persistenceEnabled":true,"marketBaseRate":5.0,"eventId":"33503359","eventTypeId":"4","numberOfWinners":1,"bettingType":"ODDS","marketType":"MATCH_ODDS","marketTime":"2024-08-18T13:15:00.000Z","suspendTime":"2024-08-18T13:15:00.000Z","bspReconciled":false,"complete":true,"inPlay":true,"crossMatching":true,"runnersVoidable":false,"numberOfActiveRunners":2,"betDelay":5,"status":"OPEN","runners":[{"status":"ACTIVE","sortPriority":1,"id":40096581,"name":"Welsh Fire Women"},{"status":"ACTIVE","sortPriority":2,"id":40096576,"name":"London Spirit Women"}],"regulators":["MR_INT"],"countryCode":"GB","discountAllowed":true,"timezone":"GMT","openDate":"2024-08-18T13:15:00.000Z","version":6083664396,"name":"Match Odds","eventName":"Welsh Fire Women v London Spirit Women"},"rc":[{"ltp":1.8,"id":40096576},{"ltp":2.24,"id":40096581}]}]}
{"op":"mcm","clk":"11876755967","pt":1723987006823,"mc":[{"id":"1.231929101","rc":[{"ltp":1.75,"id":40096576},{"ltp":2.28,"id":40096581}]}]}
{"op":"mcm","clk":"11876765453","pt":1723987066900,"mc":[{"id":"1.231929101","rc":[{"ltp":1.9,"id":40096576},{"ltp":2.16,"id":40096581}]}]}
{"op":"mcm","clk":"11876774679","pt":1723987126887,"mc":[{"id":"1.231929101","rc":[{"ltp":1.99,"id":40096576},{"ltp":2.0,"id":40096581}]}]}
{"op":"mcm","clk":"11876784020","pt":1723987186954,"mc":[{"id":"1.231929101","rc":[{"ltp":1.94,"id":40096576},{"ltp":2.06,"id":40096581}]}]}
{"op":"mcm","clk":"11876793585","pt":1723987246895,"mc":[{"id":"1.231929101","rc":[{"ltp":2.0,"id":40096576},{"ltp":2.0,"id":40096581}]}]}
{"op":"mcm","clk":"11876812355","pt":1723987366957,"mc":[{"id":"1.231929101","rc":[{"ltp":1.97,"id":40096576},{"ltp":2.06,"id":40096581}]}]}
{"op":"mcm","clk":"11876821433","pt":1723987426620,"mc":[{"id":"1.231929101","rc":[{"ltp":1.95,"id":40096576},{"ltp":2.04,"id":40096581}]}]}
{"op":"mcm","clk":"11876830401","pt":1723987486897,"mc":[{"id":"1.231929101","rc":[{"ltp":1.99,"id":40096576},{"ltp":2.0,"id":40096581}]}]}
{"op":"mcm","clk":"11876840249","pt":1723987546880,"mc":[{"id":"1.231929101","rc":[{"ltp":2.1,"id":40096576},{"ltp":1.9,"id":40096581}]}]}
{"op":"mcm","clk":"11876848907","pt":1723987606960,"mc":[{"id":"1.231929101","rc":[{"ltp":1.92,"id":40096581}]}]}
{"op":"mcm","clk":"11876857686","pt":1723987666937,"mc":[{"id":"1.231929101","rc":[{"ltp":1.76,"id":40096576},{"ltp":2.32,"id":40096581}]}]}
{"op":"mcm","clk":"11876866192","pt":1723987726900,"mc":[{"id":"1.231929101","rc":[{"ltp":1.75,"id":40096576}]}]}
{"op":"mcm","clk":"11876875338","pt":1723987786932,"mc":[{"id":"1.231929101","rc":[{"ltp":1.65,"id":40096576},{"ltp":2.52,"id":40096581}]}]}
{"op":"mcm","clk":"11876885412","pt":1723987846901,"mc":[{"id":"1.231929101","rc":[{"ltp":1.63,"id":40096576},{"ltp":2.6,"id":40096581}]}]}
{"op":"mcm","clk":"11876895332","pt":1723987906836,"mc":[{"id":"1.231929101","rc":[{"ltp":1.62,"id":40096576}]}]}
{"op":"mcm","clk":"11876905288","pt":1723987966915,"mc":[{"id":"1.231929101","rc":[{"ltp":1.59,"id":40096576},{"ltp":2.68,"id":40096581}]}]}
{"op":"mcm","clk":"11876914998","pt":1723988026943,"mc":[{"id":"1.231929101","rc":[{"ltp":1.68,"id":40096576},{"ltp":2.48,"id":40096581}]}]}
{"op":"mcm","clk":"11876923609","pt":1723988086935,"mc":[{"id":"1.231929101","rc":[{"ltp":1.73,"id":40096576},{"ltp":2.38,"id":40096581}]}]}
{"op":"mcm","clk":"11876932494","pt":1723988146964,"mc":[{"id":"1.231929101","rc":[{"ltp":1.47,"id":40096576},{"ltp":3.15,"id":40096581}]}]}
{"op":"mcm","clk":"11876941705","pt":1723988206836,"mc":[{"id":"1.231929101","rc":[{"ltp":1.4,"id":40096576},{"ltp":3.5,"id":40096581}]}]}
{"op":"mcm","clk":"11876951291","pt":1723988266909,"mc":[{"id":"1.231929101","rc":[{"ltp":1.3,"id":40096576},{"ltp":4.3,"id":40096581}]}]}
{"op":"mcm","clk":"11876969515","pt":1723988386847,"mc":[{"id":"1.231929101","rc":[{"ltp":1.32,"id":40096576},{"ltp":4.1,"id":40096581}]}]}
{"op":"mcm","clk":"11876979002","pt":1723988446930,"mc":[{"id":"1.231929101","rc":[{"ltp":1.31,"id":40096576},{"ltp":4.2,"id":40096581}]}]}
{"op":"mcm","clk":"11876988317","pt":1723988506928,"mc":[{"id":"1.231929101","rc":[{"ltp":4.1,"id":40096581}]}]}
{"op":"mcm","clk":"11876997888","pt":1723988566966,"mc":[{"id":"1.231929101","rc":[{"ltp":1.35,"id":40096576},{"ltp":3.85,"id":40096581}]}]}
{"op":"mcm","clk":"11877019570","pt":1723988626969,"mc":[{"id":"1.231929101","rc":[{"ltp":1.36,"id":40096576},{"ltp":3.75,"id":40096581}]}]}
{"op":"mcm","clk":"11877030941","pt":1723988686949,"mc":[{"id":"1.231929101","rc":[{"ltp":1.42,"id":40096576},{"ltp":3.35,"id":40096581}]}]}
{"op":"mcm","clk":"11877041689","pt":1723988746926,"mc":[{"id":"1.231929101","rc":[{"ltp":1.45,"id":40096576},{"ltp":3.2,"id":40096581}]}]}
{"op":"mcm","clk":"11877052150","pt":1723988806959,"mc":[{"id":"1.231929101","rc":[{"ltp":1.44,"id":40096576},{"ltp":3.25,"id":40096581}]}]}
{"op":"mcm","clk":"11877061266","pt":1723988866954,"mc":[{"id":"1.231929101","rc":[{"ltp":1.43,"id":40096576},{"ltp":3.35,"id":40096581}]}]}
{"op":"mcm","clk":"11877070587","pt":1723988926897,"mc":[{"id":"1.231929101","rc":[{"ltp":1.38,"id":40096576},{"ltp":3.6,"id":40096581}]}]}
{"op":"mcm","clk":"11877079793","pt":1723988986947,"mc":[{"id":"1.231929101","rc":[{"ltp":1.42,"id":40096576},{"ltp":3.4,"id":40096581}]}]}
{"op":"mcm","clk":"11877088920","pt":1723989046829,"mc":[{"id":"1.231929101","rc":[{"ltp":1.38,"id":40096576},{"ltp":3.6,"id":40096581}]}]}
{"op":"mcm","clk":"11877097935","pt":1723989106838,"mc":[{"id":"1.231929101","rc":[{"ltp":1.42,"id":40096576},{"ltp":3.35,"id":40096581}]}]}
{"op":"mcm","clk":"11877106544","pt":1723989166933,"mc":[{"id":"1.231929101","rc":[{"ltp":1.4,"id":40096576},{"ltp":3.5,"id":40096581}]}]}
{"op":"mcm","clk":"11877113429","pt":1723989226949,"mc":[{"id":"1.231929101","rc":[{"ltp":1.39,"id":40096576},{"ltp":3.55,"id":40096581}]}]}
{"op":"mcm","clk":"11877120437","pt":1723989286922,"mc":[{"id":"1.231929101","rc":[{"ltp":1.4,"id":40096576},{"ltp":3.5,"id":40096581}]}]}
{"op":"mcm","clk":"11877129380","pt":1723989346980,"mc":[{"id":"1.231929101","rc":[{"ltp":1.37,"id":40096576},{"ltp":3.7,"id":40096581}]}]}
{"op":"mcm","clk":"11877145134","pt":1723989466968,"mc":[{"id":"1.231929101","rc":[{"ltp":1.36,"id":40096576},{"ltp":3.8,"id":40096581}]}]}
{"op":"mcm","clk":"11877152946","pt":1723989526978,"mc":[{"id":"1.231929101","rc":[{"ltp":1.4,"id":40096576},{"ltp":3.5,"id":40096581}]}]}
{"op":"mcm","clk":"11877161830","pt":1723989586990,"mc":[{"id":"1.231929101","rc":[{"ltp":1.41,"id":40096576},{"ltp":3.45,"id":40096581}]}]}
{"op":"mcm","clk":"11877170985","pt":1723989646924,"mc":[{"id":"1.231929101","rc":[{"ltp":1.5,"id":40096576},{"ltp":3.0,"id":40096581}]}]}
{"op":"mcm","clk":"11877180574","pt":1723989706973,"mc":[{"id":"1.231929101","rc":[{"ltp":1.47,"id":40096576},{"ltp":3.05,"id":40096581}]}]}
{"op":"mcm","clk":"11877190749","pt":1723989766664,"mc":[{"id":"1.231929101","rc":[{"ltp":1.48,"id":40096576}]}]}
{"op":"mcm","clk":"11877201277","pt":1723989826789,"mc":[{"id":"1.231929101","rc":[{"ltp":1.6,"id":40096576},{"ltp":2.66,"id":40096581}]}]}
{"op":"mcm","clk":"11877212051","pt":1723989886761,"mc":[{"id":"1.231929101","rc":[{"ltp":2.62,"id":40096581}]}]}
{"op":"mcm","clk":"11877222726","pt":1723989946932,"mc":[{"id":"1.231929101","rc":[{"ltp":1.7,"id":40096576},{"ltp":2.44,"id":40096581}]}]}
{"op":"mcm","clk":"11877234993","pt":1723990006888,"mc":[{"id":"1.231929101","rc":[{"ltp":1.75,"id":40096576},{"ltp":2.34,"id":40096581}]}]}
{"op":"mcm","clk":"11877247185","pt":1723990066754,"mc":[{"id":"1.231929101","rc":[{"ltp":1.47,"id":40096576},{"ltp":3.1,"id":40096581}]}]}
{"op":"mcm","clk":"11877259050","pt":1723990126903,"mc":[{"id":"1.231929101","rc":[{"ltp":1.48,"id":40096576},{"ltp":3.05,"id":40096581}]}]}
{"op":"mcm","clk":"11877270766","pt":1723990186985,"mc":[{"id":"1.231929101","rc":[{"ltp":1.43,"id":40096576},{"ltp":3.4,"id":40096581}]}]}
{"op":"mcm","clk":"11877282892","pt":1723990246898,"mc":[{"id":"1.231929101","rc":[{"ltp":1.44,"id":40096576},{"ltp":3.25,"id":40096581}]}]}
{"op":"mcm","clk":"11877295100","pt":1723990306972,"mc":[{"id":"1.231929101","rc":[{"ltp":1.41,"id":40096576},{"ltp":3.4,"id":40096581}]}]}
{"op":"mcm","clk":"11877306673","pt":1723990366953,"mc":[{"id":"1.231929101","rc":[{"ltp":1.47,"id":40096576},{"ltp":3.05,"id":40096581}]}]}
{"op":"mcm","clk":"11877318277","pt":1723990426897,"mc":[{"id":"1.231929101","rc":[{"ltp":1.49,"id":40096576}]}]}
{"op":"mcm","clk":"11877329854","pt":1723990486962,"mc":[{"id":"1.231929101","rc":[{"ltp":1.55,"id":40096576},{"ltp":2.78,"id":40096581}]}]}
{"op":"mcm","clk":"11877341316","pt":1723990546917,"mc":[{"id":"1.231929101","rc":[{"ltp":1.62,"id":40096576},{"ltp":2.6,"id":40096581}]}]}
{"op":"mcm","clk":"11877351950","pt":1723990606960,"mc":[{"id":"1.231929101","rc":[{"ltp":1.56,"id":40096576},{"ltp":2.74,"id":40096581}]}]}
{"op":"mcm","clk":"11877363155","pt":1723990666940,"mc":[{"id":"1.231929101","rc":[{"ltp":2.8,"id":40096581}]}]}
{"op":"mcm","clk":"11877374350","pt":1723990726801,"mc":[{"id":"1.231929101","rc":[{"ltp":1.54,"id":40096576},{"ltp":2.84,"id":40096581}]}]}
{"op":"mcm","clk":"11877385243","pt":1723990786929,"mc":[{"id":"1.231929101","rc":[{"ltp":1.46,"id":40096576},{"ltp":3.2,"id":40096581}]}]}
{"op":"mcm","clk":"11877395889","pt":1723990846793,"mc":[{"id":"1.231929101","rc":[{"ltp":1.47,"id":40096576},{"ltp":3.1,"id":40096581}]}]}
{"op":"mcm","clk":"11877406312","pt":1723990906965,"mc":[{"id":"1.231929101","rc":[{"ltp":1.44,"id":40096576},{"ltp":3.25,"id":40096581}]}]}
{"op":"mcm","clk":"11877416542","pt":1723990966715,"mc":[{"id":"1.231929101","rc":[{"ltp":1.43,"id":40096576},{"ltp":3.3,"id":40096581}]}]}
{"op":"mcm","clk":"11877426924","pt":1723991026783,"mc":[{"id":"1.231929101","rc":[{"ltp":1.42,"id":40096576},{"ltp":3.35,"id":40096581}]}]}
{"op":"mcm","clk":"11877437329","pt":1723991086957,"mc":[{"id":"1.231929101","rc":[{"ltp":1.43,"id":40096576}]}]}
{"op":"mcm","clk":"11877448178","pt":1723991146990,"mc":[{"id":"1.231929101","rc":[{"ltp":1.42,"id":40096576},{"ltp":3.3,"id":40096581}]}]}
{"op":"mcm","clk":"11877457896","pt":1723991206775,"mc":[{"id":"1.231929101","rc":[{"ltp":3.4,"id":40096581}]}]}
{"op":"mcm","clk":"11877467814","pt":1723991266949,"mc":[{"id":"1.231929101","rc":[{"ltp":3.5,"id":40096581}]}]}
{"op":"mcm","clk":"11877477381","pt":1723991326812,"mc":[{"id":"1.231929101","rc":[{"ltp":3.4,"id":40096581}]}]}
{"op":"mcm","clk":"11877504806","pt":1723991506177,"mc":[{"id":"1.231929101","rc":[{"ltp":1.41,"id":40096576}]}]}
{"op":"mcm","clk":"11877532489","pt":1723991686061,"mc":[{"id":"1.231929101","rc":[{"ltp":1.42,"id":40096576},{"ltp":3.35,"id":40096581}]}]}
{"op":"mcm","clk":"11877542042","pt":1723991746926,"mc":[{"id":"1.231929101","rc":[{"ltp":3.4,"id":40096581}]}]}
{"op":"mcm","clk":"11877552183","pt":1723991806876,"mc":[{"id":"1.231929101","rc":[{"ltp":1.44,"id":40096576},{"ltp":3.3,"id":40096581}]}]}
{"op":"mcm","clk":"11877561907","pt":1723991866900,"mc":[{"id":"1.231929101","rc":[{"ltp":1.45,"id":40096576},{"ltp":3.25,"id":40096581}]}]}
{"op":"mcm","clk":"11877571342","pt":1723991926845,"mc":[{"id":"1.231929101","rc":[{"ltp":1.43,"id":40096576},{"ltp":3.3,"id":40096581}]}]}
{"op":"mcm","clk":"11877580920","pt":1723991986707,"mc":[{"id":"1.231929101","rc":[{"ltp":3.25,"id":40096581}]}]}
{"op":"mcm","clk":"11877590580","pt":1723992046749,"mc":[{"id":"1.231929101","rc":[{"ltp":3.3,"id":40096581}]}]}
{"op":"mcm","clk":"11877600254","pt":1723992106514,"mc":[{"id":"1.231929101","rc":[{"ltp":3.35,"id":40096581}]}]}
{"op":"mcm","clk":"11877620130","pt":1723992226936,"mc":[{"id":"1.231929101","rc":[{"ltp":1.46,"id":40096576},{"ltp":3.3,"id":40096581}]}]}
{"op":"mcm","clk":"11877629500","pt":1723992286974,"mc":[{"id":"1.231929101","rc":[{"ltp":1.51,"id":40096576},{"ltp":2.98,"id":40096581}]}]}
{"op":"mcm","clk":"11877639348","pt":1723992346986,"mc":[{"id":"1.231929101","rc":[{"ltp":1.49,"id":40096576},{"ltp":3.0,"id":40096581}]}]}
{"op":"mcm","clk":"11877649096","pt":1723992406935,"mc":[{"id":"1.231929101","rc":[{"ltp":1.41,"id":40096576},{"ltp":3.4,"id":40096581}]}]}
{"op":"mcm","clk":"11877658339","pt":1723992466988,"mc":[{"id":"1.231929101","rc":[{"ltp":1.36,"id":40096576},{"ltp":3.9,"id":40096581}]}]}
{"op":"mcm","clk":"11877666846","pt":1723992526974,"mc":[{"id":"1.231929101","rc":[{"ltp":1.37,"id":40096576},{"ltp":3.7,"id":40096581}]}]}
{"op":"mcm","clk":"11877674797","pt":1723992586928,"mc":[{"id":"1.231929101","rc":[{"ltp":1.34,"id":40096576},{"ltp":3.9,"id":40096581}]}]}
{"op":"mcm","clk":"11877682080","pt":1723992646774,"mc":[{"id":"1.231929101","rc":[{"ltp":1.35,"id":40096576},{"ltp":3.85,"id":40096581}]}]}
{"op":"mcm","clk":"11877688988","pt":1723992706765,"mc":[{"id":"1.231929101","rc":[{"ltp":1.33,"id":40096576},{"ltp":3.9,"id":40096581}]}]}
{"op":"mcm","clk":"11877695857","pt":1723992766932,"mc":[{"id":"1.231929101","rc":[{"ltp":1.37,"id":40096576},{"ltp":3.75,"id":40096581}]}]}
{"op":"mcm","clk":"11877702398","pt":1723992826919,"mc":[{"id":"1.231929101","rc":[{"ltp":1.63,"id":40096576},{"ltp":2.58,"id":40096581}]}]}
{"op":"mcm","clk":"11877709393","pt":1723992886963,"mc":[{"id":"1.231929101","rc":[{"ltp":1.67,"id":40096576},{"ltp":2.46,"id":40096581}]}]}
{"op":"mcm","clk":"11877716188","pt":1723992946930,"mc":[{"id":"1.231929101","rc":[{"ltp":1.7,"id":40096576},{"ltp":2.44,"id":40096581}]}]}
{"op":"mcm","clk":"11877723491","pt":1723993006986,"mc":[{"id":"1.231929101","rc":[{"ltp":1.71,"id":40096576},{"ltp":2.38,"id":40096581}]}]}
{"op":"mcm","clk":"11877730455","pt":1723993066923,"mc":[{"id":"1.231929101","rc":[{"ltp":1.65,"id":40096576},{"ltp":2.58,"id":40096581}]}]}
{"op":"mcm","clk":"11877737115","pt":1723993126889,"mc":[{"id":"1.231929101","rc":[{"ltp":1.73,"id":40096576},{"ltp":2.36,"id":40096581}]}]}
{"op":"mcm","clk":"11877743492","pt":1723993186980,"mc":[{"id":"1.231929101","rc":[{"ltp":1.77,"id":40096576},{"ltp":2.3,"id":40096581}]}]}
{"op":"mcm","clk":"11877751119","pt":1723993246967,"mc":[{"id":"1.231929101","rc":[{"ltp":1.83,"id":40096576},{"ltp":2.22,"id":40096581}]}]}
{"op":"mcm","clk":"11877759547","pt":1723993306948,"mc":[{"id":"1.231929101","rc":[{"ltp":1.84,"id":40096576},{"ltp":2.18,"id":40096581}]}]}
{"op":"mcm","clk":"11877768413","pt":1723993366896,"mc":[{"id":"1.231929101","rc":[{"ltp":1.7,"id":40096576},{"ltp":2.44,"id":40096581}]}]}
{"op":"mcm","clk":"11877776687","pt":1723993426952,"mc":[{"id":"1.231929101","rc":[{"ltp":1.69,"id":40096576}]}]}
{"op":"mcm","clk":"11877784517","pt":1723993486910,"mc":[{"id":"1.231929101","rc":[{"ltp":1.72,"id":40096576},{"ltp":2.34,"id":40096581}]}]}
{"op":"mcm","clk":"11877794340","pt":1723993546963,"mc":[{"id":"1.231929101","rc":[{"ltp":2.04,"id":40096576},{"ltp":1.96,"id":40096581}]}]}
{"op":"mcm","clk":"11877804177","pt":1723993606954,"mc":[{"id":"1.231929101","rc":[{"ltp":2.0,"id":40096576},{"ltp":2.0,"id":40096581}]}]}
{"op":"mcm","clk":"11877814262","pt":1723993666902,"mc":[{"id":"1.231929101","rc":[{"ltp":1.98,"id":40096576},{"ltp":2.02,"id":40096581}]}]}
{"op":"mcm","clk":"11877824494","pt":1723993726986,"mc":[{"id":"1.231929101","rc":[{"ltp":1.95,"id":40096576},{"ltp":2.04,"id":40096581}]}]}
{"op":"mcm","clk":"11877834406","pt":1723993786943,"mc":[{"id":"1.231929101","rc":[{"ltp":2.0,"id":40096576},{"ltp":2.0,"id":40096581}]}]}
{"op":"mcm","clk":"11877843698","pt":1723993846937,"mc":[{"id":"1.231929101","rc":[{"ltp":2.16,"id":40096576},{"ltp":1.85,"id":40096581}]}]}
{"op":"mcm","clk":"11877853610","pt":1723993906985,"mc":[{"id":"1.231929101","rc":[{"ltp":1.92,"id":40096576},{"ltp":2.08,"id":40096581}]}]}
{"op":"mcm","clk":"11877863334","pt":1723993966957,"mc":[{"id":"1.231929101","rc":[{"ltp":1.86,"id":40096576},{"ltp":2.18,"id":40096581}]}]}
{"op":"mcm","clk":"11877882378","pt":1723994026903,"mc":[{"id":"1.231929101","rc":[{"ltp":1.75,"id":40096576},{"ltp":2.34,"id":40096581}]}]}
{"op":"mcm","clk":"11877891752","pt":1723994086946,"mc":[{"id":"1.231929101","rc":[{"ltp":1.72,"id":40096576},{"ltp":2.36,"id":40096581}]}]}
{"op":"mcm","clk":"11877901664","pt":1723994146914,"mc":[{"id":"1.231929101","rc":[{"ltp":1.88,"id":40096576},{"ltp":2.14,"id":40096581}]}]}
{"op":"mcm","clk":"11877910857","pt":1723994206971,"mc":[{"id":"1.231929101","rc":[{"ltp":1.8,"id":40096576},{"ltp":2.2,"id":40096581}]}]}
{"op":"mcm","clk":"11877919902","pt":1723994266849,"mc":[{"id":"1.231929101","rc":[{"ltp":1.82,"id":40096576}]}]}
{"op":"mcm","clk":"11877929190","pt":1723994326984,"mc":[{"id":"1.231929101","rc":[{"ltp":1.79,"id":40096576},{"ltp":2.28,"id":40096581}]}]}
{"op":"mcm","clk":"11877938429","pt":1723994386971,"mc":[{"id":"1.231929101","rc":[{"ltp":1.56,"id":40096576},{"ltp":2.78,"id":40096581}]}]}
{"op":"mcm","clk":"11877948051","pt":1723994446913,"mc":[{"id":"1.231929101","rc":[{"ltp":1.63,"id":40096576},{"ltp":2.58,"id":40096581}]}]}
{"op":"mcm","clk":"11877958065","pt":1723994506982,"mc":[{"id":"1.231929101","rc":[{"ltp":1.64,"id":40096576}]}]}
{"op":"mcm","clk":"11877967766","pt":1723994566800,"mc":[{"id":"1.231929101","rc":[{"ltp":1.6,"id":40096576},{"ltp":2.68,"id":40096581}]}]}
{"op":"mcm","clk":"11877977156","pt":1723994626820,"mc":[{"id":"1.231929101","rc":[{"ltp":1.59,"id":40096576},{"ltp":2.72,"id":40096581}]}]}
{"op":"mcm","clk":"11877986366","pt":1723994686872,"mc":[{"id":"1.231929101","rc":[{"ltp":1.61,"id":40096576},{"ltp":2.58,"id":40096581}]}]}
{"op":"mcm","clk":"11877995968","pt":1723994746921,"mc":[{"id":"1.231929101","rc":[{"ltp":2.72,"id":40096576},{"ltp":1.58,"id":40096581}]}]}
{"op":"mcm","clk":"11878004971","pt":1723994806987,"mc":[{"id":"1.231929101","rc":[{"ltp":2.52,"id":40096576},{"ltp":1.63,"id":40096581}]}]}
{"op":"mcm","clk":"11878013453","pt":1723994866941,"mc":[{"id":"1.231929101","rc":[{"ltp":2.44,"id":40096576},{"ltp":1.69,"id":40096581}]}]}
{"op":"mcm","clk":"11878021959","pt":1723994926891,"mc":[{"id":"1.231929101","rc":[{"ltp":1.65,"id":40096576},{"ltp":2.52,"id":40096581}]}]}
{"op":"mcm","clk":"11878030858","pt":1723994986922,"mc":[{"id":"1.231929101","rc":[{"ltp":1.57,"id":40096576},{"ltp":2.72,"id":40096581}]}]}
{"op":"mcm","clk":"11878040552","pt":1723995046917,"mc":[{"id":"1.231929101","rc":[{"ltp":1.44,"id":40096576},{"ltp":3.25,"id":40096581}]}]}
{"op":"mcm","clk":"11878050487","pt":1723995106911,"mc":[{"id":"1.231929101","rc":[{"ltp":1.43,"id":40096576},{"ltp":3.3,"id":40096581}]}]}
{"op":"mcm","clk":"11878060299","pt":1723995166941,"mc":[{"id":"1.231929101","rc":[{"ltp":1.16,"id":40096576},{"ltp":7.2,"id":40096581}]}]}
{"op":"mcm","clk":"11878070393","pt":1723995226930,"mc":[{"id":"1.231929101","rc":[{"ltp":1.14,"id":40096576},{"ltp":7.6,"id":40096581}]}]}
{"op":"mcm","clk":"11878080003","pt":1723995286890,"mc":[{"id":"1.231929101","rc":[{"ltp":1.1,"id":40096576},{"ltp":11.5,"id":40096581}]}]}
{"op":"mcm","clk":"11878098970","pt":1723995406895,"mc":[{"id":"1.231929101","rc":[{"ltp":1.13,"id":40096576},{"ltp":8.6,"id":40096581}]}]}
{"op":"mcm","clk":"11878108628","pt":1723995466895,"mc":[{"id":"1.231929101","rc":[{"ltp":1.12,"id":40096576},{"ltp":9.2,"id":40096581}]}]}
{"op":"mcm","clk":"11878118110","pt":1723995526974,"mc":[{"id":"1.231929101","rc":[{"ltp":1.07,"id":40096576},{"ltp":15.0,"id":40096581}]}]}
{"op":"mcm","clk":"11878128056","pt":1723995586934,"mc":[{"id":"1.231929101","rc":[{"ltp":1.08,"id":40096576},{"ltp":15.5,"id":40096581}]}]}
{"op":"mcm","clk":"11878138104","pt":1723995646905,"mc":[{"id":"1.231929101","rc":[{"ltp":1.16,"id":40096576},{"ltp":7.2,"id":40096581}]}]}
{"op":"mcm","clk":"11878147905","pt":1723995706969,"mc":[{"id":"1.231929101","rc":[{"ltp":1.14,"id":40096576},{"ltp":8.0,"id":40096581}]}]}
{"op":"mcm","clk":"11878157468","pt":1723995766951,"mc":[{"id":"1.231929101","rc":[{"ltp":1.1,"id":40096576},{"ltp":11.5,"id":40096581}]}]}
{"op":"mcm","clk":"11878167167","pt":1723995826943,"mc":[{"id":"1.231929101","rc":[{"ltp":1.08,"id":40096576},{"ltp":13.5,"id":40096581}]}]}
{"op":"mcm","clk":"11878176665","pt":1723995886894,"mc":[{"id":"1.231929101","rc":[{"ltp":14.0,"id":40096581}]}]}
{"op":"mcm","clk":"11878185761","pt":1723995946882,"mc":[{"id":"1.231929101","rc":[{"ltp":1.07,"id":40096576},{"ltp":15.0,"id":40096581}]}]}
{"op":"mcm","clk":"11878194857","pt":1723996006949,"mc":[{"id":"1.231929101","rc":[{"ltp":1.08,"id":40096576},{"ltp":12.5,"id":40096581}]}]}
{"op":"mcm","clk":"11878203304","pt":1723996066706,"mc":[{"id":"1.231929101","rc":[{"ltp":13.5,"id":40096581}]}]}
{"op":"mcm","clk":"11878211862","pt":1723996126955,"mc":[{"id":"1.231929101","rc":[{"ltp":1.17,"id":40096576},{"ltp":7.4,"id":40096581}]}]}
{"op":"mcm","clk":"11878220092","pt":1723996186901,"mc":[{"id":"1.231929101","rc":[{"ltp":1.16,"id":40096576},{"ltp":7.2,"id":40096581}]}]}
{"op":"mcm","clk":"11878228052","pt":1723996246975,"mc":[{"id":"1.231929101","rc":[{"ltp":1.06,"id":40096576},{"ltp":18.0,"id":40096581}]}]}
{"op":"mcm","clk":"11878235844","pt":1723996306968,"mc":[{"id":"1.231929101","rc":[{"ltp":24.0,"id":40096581}]}]}
{"op":"mcm","clk":"11878244454","pt":1723996366910,"mc":[{"id":"1.231929101","rc":[{"ltp":1.08,"id":40096576},{"ltp":13.5,"id":40096581}]}]}
{"op":"mcm","clk":"11878251852","pt":1723996426942,"mc":[{"id":"1.231929101","rc":[{"ltp":1.2,"id":40096576},{"ltp":5.8,"id":40096581}]}]}
{"op":"mcm","clk":"11878258650","pt":1723996486927,"mc":[{"id":"1.231929101","rc":[{"ltp":1.23,"id":40096576},{"ltp":5.3,"id":40096581}]}]}
{"op":"mcm","clk":"11878265932","pt":1723996546930,"mc":[{"id":"1.231929101","rc":[{"ltp":1.2,"id":40096576},{"ltp":5.8,"id":40096581}]}]}
{"op":"mcm","clk":"11878272482","pt":1723996606915,"mc":[{"id":"1.231929101","rc":[{"ltp":1.19,"id":40096576},{"ltp":6.2,"id":40096581}]}]}
{"op":"mcm","clk":"11878278599","pt":1723996666930,"mc":[{"id":"1.231929101","rc":[{"ltp":1.21,"id":40096576},{"ltp":5.4,"id":40096581}]}]}
{"op":"mcm","clk":"11878284839","pt":1723996726899,"mc":[{"id":"1.231929101","rc":[{"ltp":1.39,"id":40096576},{"ltp":3.8,"id":40096581}]}]}
{"op":"mcm","clk":"11878291356","pt":1723996786895,"mc":[{"id":"1.231929101","rc":[{"ltp":1.28,"id":40096576},{"ltp":4.4,"id":40096581}]}]}
{"op":"mcm","clk":"11878308950","pt":1723996906906,"mc":[{"id":"1.231929101","rc":[{"ltp":1.35,"id":40096576},{"ltp":3.75,"id":40096581}]}]}
{"op":"mcm","clk":"11878316826","pt":1723996966872,"mc":[{"id":"1.231929101","rc":[{"ltp":1.3,"id":40096576},{"ltp":4.3,"id":40096581}]}]}
{"op":"mcm","clk":"11878324138","pt":1723997026472,"mc":[{"id":"1.231929101","rc":[{"ltp":1.01,"id":40096576},{"ltp":1000.0,"id":40096581}]}]}
{"op":"mcm","clk":"11878330936","pt":1723997086718,"mc":[{"id":"1.231929101","marketDefinition":{"bspMarket":false,"turnInPlayEnabled":true,"persistenceEnabled":true,"marketBaseRate":5.0,"eventId":"33503359","eventTypeId":"4","numberOfWinners":1,"bettingType":"ODDS","marketType":"MATCH_ODDS","marketTime":"2024-08-18T13:15:00.000Z","suspendTime":"2024-08-18T13:15:00.000Z","bspReconciled":false,"complete":true,"inPlay":true,"crossMatching":true,"runnersVoidable":false,"numberOfActiveRunners":2,"betDelay":5,"status":"SUSPENDED","runners":[{"status":"ACTIVE","sortPriority":1,"id":40096581,"name":"Welsh Fire Women"},{"status":"ACTIVE","sortPriority":2,"id":40096576,"name":"London Spirit Women"}],"regulators":["MR_INT"],"countryCode":"GB","discountAllowed":true,"timezone":"GMT","openDate":"2024-08-18T13:15:00.000Z","version":6084328518,"name":"Match Odds","eventName":"Welsh Fire Women v London Spirit Women"}}]}
{"op":"mcm","clk":"11878347560","pt":1723997216259,"mc":[{"id":"1.231929101","marketDefinition":{"bspMarket":false,"turnInPlayEnabled":true,"persistenceEnabled":true,"marketBaseRate":5.0,"eventId":"33503359","eventTypeId":"4","numberOfWinners":1,"bettingType":"ODDS","marketType":"MATCH_ODDS","marketTime":"2024-08-18T13:15:00.000Z","suspendTime":"2024-08-18T13:15:00.000Z","bspReconciled":false,"complete":true,"inPlay":true,"crossMatching":false,"runnersVoidable":false,"numberOfActiveRunners":0,"betDelay":5,"status":"CLOSED","settledTime":"2024-08-18T16:05:39.000Z","runners":[{"status":"LOSER","sortPriority":1,"id":40096581,"name":"Welsh Fire Women"},{"status":"WINNER","sortPriority":2,"id":40096576,"name":"London Spirit Women"}],"regulators":["MR_INT"],"countryCode":"GB","discountAllowed":true,"timezone":"GMT","openDate":"2024-08-18T13:15:00.000Z","version":6084337992,"name":"Match Odds","eventName":"Welsh Fire Women v London Spirit Women"}}]}
