{"op":"mcm","clk":"11938766236","pt":1724695915419,"mc":[{"id":"1.232320889","marketDefinition":{"bspMarket":false,"turnInPlayEnabled":true,"persistenceEnabled":true,"marketBaseRate":5.0,"eventId":"33529195","eventTypeId":"4","numberOfWinners":1,"bettingType":"ODDS","marketType":"MATCH_ODDS","marketTime":"2024-08-28T00:00:00.000Z","suspendTime":"2024-08-28T00:00:00.000Z","bspReconciled":false,"complete":true,"inPlay":false,"crossMatching":true,"runnersVoidable":false,"numberOfActiveRunners":2,"betDelay":0,"status":"OPEN","runners":[{"status":"ACTIVE","sortPriority":1,"id":47674067,"name":"Barbados Royals W"},{"status":"ACTIVE","sortPriority":2,"id":72963954,"name":"Trinidad Knight Riders W"}],"regulators":["MR_INT"],"countryCode":"GB","discountAllowed":true,"timezone":"GMT","openDate":"2024-08-28T00:00:00.000Z","version":6102126612,"name":"Match Odds","eventName":"Barbados Royals W v Trinidad Knight Riders W"}}]}
{"op":"mcm","clk":"11942927730","pt":1724758339218,"mc":[{"id":"1.232320889","rc":[{"ltp":1.82,"id":47674067}]}]}
{"op":"mcm","clk":"11942932055","pt":1724758404793,"mc":[{"id":"1.232320889","rc":[{"ltp":1.65,"id":47674067},{"ltp":2.54,"id":72963954}]}]}
{"op":"mcm","clk":"11942939447","pt":1724758521641,"mc":[{"id":"1.232320889","rc":[{"ltp":1.84,"id":47674067}]}]}
{"op":"mcm","clk":"11942946083","pt":1724758624527,"mc":[{"id":"1.232320889","rc":[{"ltp":1.65,"id":47674067}]}]}
{"op":"mcm","clk":"11943147989","pt":1724761435555,"mc":[{"id":"1.232320889","rc":[{"ltp":1.83,"id":47674067}]}]}
{"op":"mcm","clk":"11943558380","pt":1724766863660,"mc":[{"id":"1.232320889","rc":[{"ltp":1.66,"id":47674067}]}]}
{"op":"mcm","clk":"11943566008","pt":1724766971793,"mc":[{"id":"1.232320889","rc":[{"ltp":1.81,"id":47674067}]}]}
{"op":"mcm","clk":"11943627925","pt":1724767824086,"mc":[{"id":"1.232320889","rc":[{"ltp":1.82,"id":47674067}]}]}
{"op":"mcm","clk":"11943656357","pt":1724768184646,"mc":[{"id":"1.232320889","rc":[{"ltp":1.81,"id":47674067},{"ltp":2.24,"id":72963954}]}]}
{"op":"mcm","clk":"11943660771","pt":1724768245308,"mc":[{"id":"1.232320889","rc":[{"ltp":1.66,"id":47674067}]}]}
{"op":"mcm","clk":"11943842649","pt":1724770526078,"mc":[{"id":"1.232320889","rc":[{"ltp":1.7,"id":47674067}]}]}
{"op":"mcm","clk":"11943879752","pt":1724771000334,"mc":[{"id":"1.232320889","rc":[{"ltp":1.8,"id":47674067}]}]}
{"op":"mcm","clk":"11943980114","pt":1724771902236,"mc":[{"id":"1.232320889","rc":[{"ltp":1.7,"id":47674067},{"ltp":2.44,"id":72963954}]}]}
{"op":"mcm","clk":"11943987579","pt":1724771964997,"mc":[{"id":"1.232320889","rc":[{"ltp":1.79,"id":47674067}]}]}
{"op":"mcm","clk":"11943993999","pt":1724772025367,"mc":[{"id":"1.232320889","rc":[{"ltp":1.78,"id":47674067}]}]}
{"op":"mcm","clk":"11944000375","pt":1724772081941,"mc":[{"id":"1.232320889","rc":[{"ltp":1.67,"id":47674067}]}]}
{"op":"mcm","clk":"11944006225","pt":1724772143089,"mc":[{"id":"1.232320889","rc":[{"ltp":1.69,"id":47674067},{"ltp":2.46,"id":72963954}]}]}
{"op":"mcm","clk":"11944012104","pt":1724772202841,"mc":[{"id":"1.232320889","rc":[{"ltp":1.77,"id":47674067}]}]}
{"op":"mcm","clk":"11944017879","pt":1724772265085,"mc":[{"id":"1.232320889","rc":[{"ltp":1.68,"id":47674067},{"ltp":2.48,"id":72963954}]}]}
{"op":"mcm","clk":"11944023112","pt":1724772325778,"mc":[{"id":"1.232320889","rc":[{"ltp":1.73,"id":47674067}]}]}
{"op":"mcm","clk":"11944028802","pt":1724772385024,"mc":[{"id":"1.232320889","rc":[{"ltp":1.75,"id":47674067}]}]}
{"op":"mcm","clk":"11944040317","pt":1724772504961,"mc":[{"id":"1.232320889","rc":[{"ltp":1.68,"id":47674067}]}]}
{"op":"mcm","clk":"11944051647","pt":1724772624609,"mc":[{"id":"1.232320889","rc":[{"ltp":1.7,"id":47674067}]}]}
{"op":"mcm","clk":"11944116048","pt":1724773226093,"mc":[{"id":"1.232320889","rc":[{"ltp":1.68,"id":47674067}]}]}
{"op":"mcm","clk":"11944212216","pt":1724774125951,"mc":[{"id":"1.232320889","rc":[{"ltp":1.7,"id":47674067}]}]}
{"op":"mcm","clk":"11944236199","pt":1724774363845,"mc":[{"id":"1.232320889","rc":[{"ltp":1.74,"id":47674067}]}]}
{"op":"mcm","clk":"11944286469","pt":1724774844767,"mc":[{"id":"1.232320889","rc":[{"ltp":1.68,"id":47674067}]}]}
{"op":"mcm","clk":"11944382155","pt":1724775684246,"mc":[{"id":"1.232320889","rc":[{"ltp":1.75,"id":47674067},{"ltp":2.32,"id":72963954}]}]}
{"op":"mcm","clk":"11944465614","pt":1724776457809,"mc":[{"id":"1.232320889","rc":[{"ltp":1.67,"id":47674067}]}]}
{"op":"mcm","clk":"11944473957","pt":1724776524892,"mc":[{"id":"1.232320889","rc":[{"ltp":1.63,"id":47674067}]}]}
{"op":"mcm","clk":"11944488525","pt":1724776643993,"mc":[{"id":"1.232320889","rc":[{"ltp":1.65,"id":47674067}]}]}
{"op":"mcm","clk":"11944591325","pt":1724777458165,"mc":[{"id":"1.232320889","rc":[{"ltp":2.58,"id":72963954}]}]}
{"op":"mcm","clk":"11944614660","pt":1724777665691,"mc":[{"id":"1.232320889","rc":[{"ltp":1.64,"id":47674067},{"ltp":2.52,"id":72963954}]}]}
{"op":"mcm","clk":"11944621493","pt":1724777726135,"mc":[{"id":"1.232320889","rc":[{"ltp":1.68,"id":47674067},{"ltp":2.46,"id":72963954}]}]}
{"op":"mcm","clk":"11944640373","pt":1724777904001,"mc":[{"id":"1.232320889","rc":[{"ltp":1.62,"id":47674067},{"ltp":2.56,"id":72963954}]}]}
{"op":"mcm","clk":"11944647130","pt":1724777962792,"mc":[{"id":"1.232320889","rc":[{"ltp":2.62,"id":72963954}]}]}
{"op":"mcm","clk":"11944669972","pt":1724778139334,"mc":[{"id":"1.232320889","rc":[{"ltp":1.61,"id":47674067},{"ltp":2.64,"id":72963954}]}]}
{"op":"mcm","clk":"11944677645","pt":1724778200738,"mc":[{"id":"1.232320889","rc":[{"ltp":1.62,"id":47674067},{"ltp":2.62,"id":72963954}]}]}
{"op":"mcm","clk":"11944693691","pt":1724778325680,"mc":[{"id":"1.232320889","rc":[{"ltp":1.61,"id":47674067},{"ltp":2.64,"id":72963954}]}]}
{"op":"mcm","clk":"11944700676","pt":1724778380138,"mc":[{"id":"1.232320889","rc":[{"ltp":1.62,"id":47674067},{"ltp":2.62,"id":72963954}]}]}
{"op":"mcm","clk":"11944710492","pt":1724778445523,"mc":[{"id":"1.232320889","rc":[{"ltp":2.6,"id":72963954}]}]}
{"op":"mcm","clk":"11944718457","pt":1724778504718,"mc":[{"id":"1.232320889","rc":[{"ltp":1.63,"id":47674067},{"ltp":2.62,"id":72963954}]}]}
{"op":"mcm","clk":"11944730349","pt":1724778602098,"mc":[{"id":"1.232320889","rc":[{"ltp":2.48,"id":72963954}]}]}
{"op":"mcm","clk":"11944787053","pt":1724779032788,"mc":[{"id":"1.232320889","rc":[{"ltp":1.67,"id":47674067}]}]}
{"op":"mcm","clk":"11944886404","pt":1724779822724,"mc":[{"id":"1.232320889","rc":[{"ltp":1.65,"id":47674067}]}]}
{"op":"mcm","clk":"11944893853","pt":1724779881267,"mc":[{"id":"1.232320889","rc":[{"ltp":1.66,"id":47674067}]}]}
{"op":"mcm","clk":"11944896842","pt":1724779904229,"mc":[{"id":"1.232320889","rc":[{"ltp":1.67,"id":47674067}]}]}
{"op":"mcm","clk":"11944971889","pt":1724780484739,"mc":[{"id":"1.232320889","rc":[{"ltp":1.66,"id":47674067},{"ltp":2.5,"id":72963954}]}]}
{"op":"mcm","clk":"11945041005","pt":1724781009199,"mc":[{"id":"1.232320889","rc":[{"ltp":1.65,"id":47674067}]}]}
{"op":"mcm","clk":"11945155371","pt":1724781916566,"mc":[{"id":"1.232320889","rc":[{"ltp":2.44,"id":72963954}]}]}
{"op":"mcm","clk":"11945242692","pt":1724782430108,"mc":[{"id":"1.232320889","rc":[{"ltp":1.66,"id":47674067}]}]}
{"op":"mcm","clk":"11945251228","pt":1724782484697,"mc":[{"id":"1.232320889","rc":[{"ltp":1.65,"id":47674067}]}]}
{"op":"mcm","clk":"11945258583","pt":1724782529667,"mc":[{"id":"1.232320889","rc":[{"ltp":2.46,"id":72963954}]}]}
{"op":"mcm","clk":"11945295586","pt":1724782766104,"mc":[{"id":"1.232320889","rc":[{"ltp":1.66,"id":47674067}]}]}
{"op":"mcm","clk":"11945351693","pt":1724783124718,"mc":[{"id":"1.232320889","rc":[{"ltp":1.65,"id":47674067}]}]}
{"op":"mcm","clk":"11945360515","pt":1724783181878,"mc":[{"id":"1.232320889","rc":[{"ltp":1.66,"id":47674067},{"ltp":2.44,"id":72963954}]}]}
{"op":"mcm","clk":"11945409533","pt":1724783538799,"mc":[{"id":"1.232320889","rc":[{"ltp":1.65,"id":47674067},{"ltp":2.54,"id":72963954}]}]}
{"op":"mcm","clk":"11945454505","pt":1724783832650,"mc":[{"id":"1.232320889","rc":[{"ltp":1.68,"id":47674067},{"ltp":2.46,"id":72963954}]}]}
{"op":"mcm","clk":"11945471892","pt":1724783944992,"mc":[{"id":"1.232320889","rc":[{"ltp":1.64,"id":47674067}]}]}
{"op":"mcm","clk":"11945640889","pt":1724784985185,"mc":[{"id":"1.232320889","rc":[{"ltp":1.68,"id":47674067}]}]}
{"op":"mcm","clk":"11945644094","pt":1724785005516,"mc":[{"id":"1.232320889","rc":[{"ltp":1.64,"id":47674067}]}]}
{"op":"mcm","clk":"11945686345","pt":1724785285376,"mc":[{"id":"1.232320889","rc":[{"ltp":1.68,"id":47674067}]}]}
{"op":"mcm","clk":"11945696228","pt":1724785339056,"mc":[{"id":"1.232320889","rc":[{"ltp":1.69,"id":47674067}]}]}
{"op":"mcm","clk":"11945750250","pt":1724785691207,"mc":[{"id":"1.232320889","rc":[{"ltp":1.68,"id":47674067}]}]}
{"op":"mcm","clk":"11945790379","pt":1724785945196,"mc":[{"id":"1.232320889","rc":[{"ltp":1.66,"id":47674067}]}]}
{"op":"mcm","clk":"11945808577","pt":1724786065614,"mc":[{"id":"1.232320889","rc":[{"ltp":1.67,"id":47674067}]}]}
{"op":"mcm","clk":"11945817406","pt":1724786122961,"mc":[{"id":"1.232320889","rc":[{"ltp":1.65,"id":47674067},{"ltp":2.52,"id":72963954}]}]}
{"op":"mcm","clk":"11945826714","pt":1724786184944,"mc":[{"id":"1.232320889","rc":[{"ltp":1.66,"id":47674067}]}]}
{"op":"mcm","clk":"11945845528","pt":1724786305485,"mc":[{"id":"1.232320889","rc":[{"ltp":2.5,"id":72963954}]}]}
{"op":"mcm","clk":"11945873903","pt":1724786484674,"mc":[{"id":"1.232320889","rc":[{"ltp":1.67,"id":47674067}]}]}
{"op":"mcm","clk":"11945900004","pt":1724786657812,"mc":[{"id":"1.232320889","rc":[{"ltp":1.7,"id":47674067},{"ltp":2.46,"id":72963954}]}]}
{"op":"mcm","clk":"11945918577","pt":1724786782359,"mc":[{"id":"1.232320889","rc":[{"ltp":1.64,"id":47674067}]}]}
{"op":"mcm","clk":"11945926017","pt":1724786839204,"mc":[{"id":"1.232320889","rc":[{"ltp":2.56,"id":72963954}]}]}
{"op":"mcm","clk":"11945933631","pt":1724786894761,"mc":[{"id":"1.232320889","rc":[{"ltp":1.68,"id":47674067}]}]}
{"op":"mcm","clk":"11945946256","pt":1724786986713,"mc":[{"id":"1.232320889","rc":[{"ltp":1.67,"id":47674067},{"ltp":2.48,"id":72963954}]}]}
{"op":"mcm","clk":"11946106376","pt":1724788162146,"mc":[{"id":"1.232320889","rc":[{"ltp":1.68,"id":47674067}]}]}
{"op":"mcm","clk":"11946147728","pt":1724788463655,"mc":[{"id":"1.232320889","rc":[{"ltp":1.65,"id":47674067},{"ltp":2.54,"id":72963954}]}]}
{"op":"mcm","clk":"11946176964","pt":1724788694498,"mc":[{"id":"1.232320889","rc":[{"ltp":2.46,"id":72963954}]}]}
{"op":"mcm","clk":"11946183652","pt":1724788745715,"mc":[{"id":"1.232320889","rc":[{"ltp":2.48,"id":72963954}]}]}
{"op":"mcm","clk":"11946200887","pt":1724788884910,"mc":[{"id":"1.232320889","rc":[{"ltp":1.69,"id":47674067}]}]}
{"op":"mcm","clk":"11946224075","pt":1724789064496,"mc":[{"id":"1.232320889","rc":[{"ltp":2.46,"id":72963954}]}]}
{"op":"mcm","clk":"11946231904","pt":1724789123844,"mc":[{"id":"1.232320889","rc":[{"ltp":1.7,"id":47674067}]}]}
{"op":"mcm","clk":"11946237734","pt":1724789169236,"mc":[{"id":"1.232320889","rc":[{"ltp":2.42,"id":72963954}]}]}
{"op":"mcm","clk":"11946300081","pt":1724789621617,"mc":[{"id":"1.232320889","rc":[{"ltp":1.71,"id":47674067}]}]}
{"op":"mcm","clk":"11946316804","pt":1724789757447,"mc":[{"id":"1.232320889","rc":[{"ltp":1.72,"id":47674067}]}]}
{"op":"mcm","clk":"11946324208","pt":1724789821535,"mc":[{"id":"1.232320889","rc":[{"ltp":2.4,"id":72963954}]}]}
{"op":"mcm","clk":"11946392120","pt":1724790445142,"mc":[{"id":"1.232320889","rc":[{"ltp":2.44,"id":72963954}]}]}
{"op":"mcm","clk":"11946403095","pt":1724790562954,"mc":[{"id":"1.232320889","rc":[{"ltp":1.69,"id":47674067},{"ltp":2.46,"id":72963954}]}]}
{"op":"mcm","clk":"11946419418","pt":1724790743820,"mc":[{"id":"1.232320889","rc":[{"ltp":1.71,"id":47674067}]}]}
{"op":"mcm","clk":"11946448149","pt":1724791151944,"mc":[{"id":"1.232320889","rc":[{"ltp":1.69,"id":47674067}]}]}
{"op":"mcm","clk":"11946451565","pt":1724791212503,"mc":[{"id":"1.232320889","rc":[{"ltp":1.67,"id":47674067}]}]}
{"op":"mcm","clk":"11946455498","pt":1724791273067,"mc":[{"id":"1.232320889","rc":[{"ltp":1.66,"id":47674067},{"ltp":2.5,"id":72963954}]}]}
{"op":"mcm","clk":"11946489971","pt":1724791908493,"mc":[{"id":"1.232320889","rc":[{"ltp":1.69,"id":47674067},{"ltp":2.44,"id":72963954}]}]}
{"op":"mcm","clk":"11946494294","pt":1724792005327,"mc":[{"id":"1.232320889","rc":[{"ltp":1.7,"id":47674067}]}]}
{"op":"mcm","clk":"11946499562","pt":1724792119885,"mc":[{"id":"1.232320889","rc":[{"ltp":1.69,"id":47674067}]}]}
{"op":"mcm","clk":"11946510150","pt":1724792327253,"mc":[{"id":"1.232320889","rc":[{"ltp":1.7,"id":47674067}]}]}
{"op":"mcm","clk":"11946518904","pt":1724792462451,"mc":[{"id":"1.232320889","rc":[{"ltp":1.71,"id":47674067},{"ltp":2.4,"id":72963954}]}]}
{"op":"mcm","clk":"11946548213","pt":1724792890812,"mc":[{"id":"1.232320889","rc":[{"ltp":1.7,"id":47674067}]}]}
{"op":"mcm","clk":"11946552827","pt":1724792964794,"mc":[{"id":"1.232320889","rc":[{"ltp":1.72,"id":47674067},{"ltp":2.44,"id":72963954}]}]}
{"op":"mcm","clk":"11946555651","pt":1724793008432,"mc":[{"id":"1.232320889","rc":[{"ltp":1.67,"id":47674067}]}]}
{"op":"mcm","clk":"11946563964","pt":1724793142179,"mc":[{"id":"1.232320889","rc":[{"ltp":1.66,"id":47674067}]}]}
{"op":"mcm","clk":"11946578130","pt":1724793205794,"mc":[{"id":"1.232320889","rc":[{"ltp":1.72,"id":47674067},{"ltp":2.48,"id":72963954}]}]}
{"op":"mcm","clk":"11946581373","pt":1724793256319,"mc":[{"id":"1.232320889","rc":[{"ltp":2.46,"id":72963954}]}]}
{"op":"mcm","clk":"11946584563","pt":1724793305083,"mc":[{"id":"1.232320889","rc":[{"ltp":2.36,"id":72963954}]}]}
{"op":"mcm","clk":"11946589184","pt":1724793372039,"mc":[{"id":"1.232320889","rc":[{"ltp":1.67,"id":47674067},{"ltp":2.38,"id":72963954}]}]}
{"op":"mcm","clk":"11946594236","pt":1724793443606,"mc":[{"id":"1.232320889","rc":[{"ltp":1.71,"id":47674067},{"ltp":2.5,"id":72963954}]}]}
{"op":"mcm","clk":"11946598541","pt":1724793505704,"mc":[{"id":"1.232320889","rc":[{"ltp":2.38,"id":72963954}]}]}
{"op":"mcm","clk":"11946606547","pt":1724793619384,"mc":[{"id":"1.232320889","rc":[{"ltp":2.48,"id":72963954}]}]}
{"op":"mcm","clk":"11946610914","pt":1724793680826,"mc":[{"id":"1.232320889","rc":[{"ltp":1.67,"id":47674067}]}]}
{"op":"mcm","clk":"11946615261","pt":1724793745086,"mc":[{"id":"1.232320889","rc":[{"ltp":1.73,"id":47674067}]}]}
{"op":"mcm","clk":"11946618889","pt":1724793794446,"mc":[{"id":"1.232320889","rc":[{"ltp":1.67,"id":47674067},{"ltp":2.5,"id":72963954}]}]}
{"op":"mcm","clk":"11946623262","pt":1724793854738,"mc":[{"id":"1.232320889","rc":[{"ltp":1.68,"id":47674067},{"ltp":2.4,"id":72963954}]}]}
{"op":"mcm","clk":"11946627185","pt":1724793907773,"mc":[{"id":"1.232320889","rc":[{"ltp":1.69,"id":47674067}]}]}
{"op":"mcm","clk":"11946632874","pt":1724793985954,"mc":[{"id":"1.232320889","rc":[{"ltp":1.74,"id":47674067}]}]}
{"op":"mcm","clk":"11946636671","pt":1724794035031,"mc":[{"id":"1.232320889","rc":[{"ltp":1.73,"id":47674067}]}]}
{"op":"mcm","clk":"11946642578","pt":1724794105419,"mc":[{"id":"1.232320889","rc":[{"ltp":1.67,"id":47674067}]}]}
{"op":"mcm","clk":"11946647434","pt":1724794162743,"mc":[{"id":"1.232320889","rc":[{"ltp":1.72,"id":47674067}]}]}
{"op":"mcm","clk":"11946652571","pt":1724794225702,"mc":[{"id":"1.232320889","rc":[{"ltp":1.68,"id":47674067}]}]}
{"op":"mcm","clk":"11946657046","pt":1724794279576,"mc":[{"id":"1.232320889","rc":[{"ltp":1.73,"id":47674067},{"ltp":2.32,"id":72963954}]}]}
{"op":"mcm","clk":"11946661368","pt":1724794332115,"mc":[{"id":"1.232320889","rc":[{"ltp":1.68,"id":47674067},{"ltp":2.34,"id":72963954}]}]}
{"op":"mcm","clk":"11946664056","pt":1724794363370,"mc":[{"id":"1.232320889","rc":[{"ltp":2.36,"id":72963954}]}]}
{"op":"mcm","clk":"11946679383","pt":1724794557838,"mc":[{"id":"1.232320889","rc":[{"ltp":1.74,"id":47674067}]}]}
{"op":"mcm","clk":"11946685463","pt":1724794638137,"mc":[{"id":"1.232320889","rc":[{"ltp":2.42,"id":72963954}]}]}
{"op":"mcm","clk":"11946695511","pt":1724794759842,"mc":[{"id":"1.232320889","rc":[{"ltp":1.73,"id":47674067},{"ltp":2.36,"id":72963954}]}]}
{"op":"mcm","clk":"11946709298","pt":1724794934403,"mc":[{"id":"1.232320889","rc":[{"ltp":1.68,"id":47674067}]}]}
{"op":"mcm","clk":"11946714388","pt":1724795001277,"mc":[{"id":"1.232320889","rc":[{"ltp":1.67,"id":47674067},{"ltp":2.5,"id":72963954}]}]}
{"op":"mcm","clk":"11946718960","pt":1724795062246,"mc":[{"id":"1.232320889","rc":[{"ltp":1.75,"id":47674067},{"ltp":2.38,"id":72963954}]}]}
{"op":"mcm","clk":"11946736662","pt":1724795272234,"mc":[{"id":"1.232320889","rc":[{"ltp":1.66,"id":47674067}]}]}
{"op":"mcm","clk":"11946749399","pt":1724795421333,"mc":[{"id":"1.232320889","rc":[{"ltp":2.32,"id":72963954}]}]}
{"op":"mcm","clk":"11946753790","pt":1724795475860,"mc":[{"id":"1.232320889","rc":[{"ltp":1.75,"id":47674067},{"ltp":2.46,"id":72963954}]}]}
{"op":"mcm","clk":"11946757121","pt":1724795517810,"mc":[{"id":"1.232320889","rc":[{"ltp":2.36,"id":72963954}]}]}
{"op":"mcm","clk":"11946763108","pt":1724795597372,"mc":[{"id":"1.232320889","rc":[{"ltp":1.74,"id":47674067},{"ltp":2.32,"id":72963954}]}]}
{"op":"mcm","clk":"11946766291","pt":1724795639913,"mc":[{"id":"1.232320889","rc":[{"ltp":1.68,"id":47674067},{"ltp":2.48,"id":72963954}]}]}
{"op":"mcm","clk":"11946772427","pt":1724795725468,"mc":[{"id":"1.232320889","rc":[{"ltp":1.75,"id":47674067},{"ltp":2.32,"id":72963954}]}]}
{"op":"mcm","clk":"11946776629","pt":1724795781601,"mc":[{"id":"1.232320889","rc":[{"ltp":1.68,"id":47674067}]}]}
{"op":"mcm","clk":"11946781775","pt":1724795843665,"mc":[{"id":"1.232320889","rc":[{"ltp":1.72,"id":47674067},{"ltp":2.44,"id":72963954}]}]}
{"op":"mcm","clk":"11946785484","pt":1724795895418,"mc":[{"id":"1.232320889","rc":[{"ltp":1.68,"id":47674067},{"ltp":2.34,"id":72963954}]}]}
{"op":"mcm","clk":"11946801058","pt":1724796083415,"mc":[{"id":"1.232320889","rc":[{"ltp":1.75,"id":47674067},{"ltp":2.32,"id":72963954}]}]}
{"op":"mcm","clk":"11946804622","pt":1724796125772,"mc":[{"id":"1.232320889","rc":[{"ltp":2.44,"id":72963954}]}]}
{"op":"mcm","clk":"11946811632","pt":1724796204740,"mc":[{"id":"1.232320889","rc":[{"ltp":1.74,"id":47674067},{"ltp":2.32,"id":72963954}]}]}
{"op":"mcm","clk":"11946855281","pt":1724796726479,"mc":[{"id":"1.232320889","rc":[{"ltp":1.7,"id":47674067}]}]}
{"op":"mcm","clk":"11946881238","pt":1724797043479,"mc":[{"id":"1.232320889","rc":[{"ltp":1.68,"id":47674067}]}]}
{"op":"mcm","clk":"11946896959","pt":1724797215880,"mc":[{"id":"1.232320889","rc":[{"ltp":1.77,"id":47674067},{"ltp":2.48,"id":72963954}]}]}
{"op":"mcm","clk":"11946899751","pt":1724797250409,"mc":[{"id":"1.232320889","rc":[{"ltp":1.76,"id":47674067}]}]}
{"op":"mcm","clk":"11946907339","pt":1724797332541,"mc":[{"id":"1.232320889","rc":[{"ltp":1.68,"id":47674067}]}]}
{"op":"mcm","clk":"11946913678","pt":1724797403389,"mc":[{"id":"1.232320889","rc":[{"ltp":2.34,"id":72963954}]}]}
{"op":"mcm","clk":"11946957701","pt":1724797914492,"mc":[{"id":"1.232320889","rc":[{"ltp":1.77,"id":47674067},{"ltp":2.28,"id":72963954}]}]}
{"op":"mcm","clk":"11946971725","pt":1724798068970,"mc":[{"id":"1.232320889","rc":[{"ltp":1.69,"id":47674067},{"ltp":2.44,"id":72963954}]}]}
{"op":"mcm","clk":"11946983819","pt":1724798206844,"mc":[{"id":"1.232320889","rc":[{"ltp":1.77,"id":47674067}]}]}
{"op":"mcm","clk":"11947008030","pt":1724798480118,"mc":[{"id":"1.232320889","rc":[{"ltp":1.69,"id":47674067}]}]}
{"op":"mcm","clk":"11947012117","pt":1724798529465,"mc":[{"id":"1.232320889","rc":[{"ltp":1.79,"id":47674067}]}]}
{"op":"mcm","clk":"11947026752","pt":1724798595102,"mc":[{"id":"1.232320889","rc":[{"ltp":1.69,"id":47674067}]}]}
{"op":"mcm","clk":"11947057658","pt":1724798961318,"mc":[{"id":"1.232320889","rc":[{"ltp":1.8,"id":47674067}]}]}
{"op":"mcm","clk":"11947094818","pt":1724799445526,"mc":[{"id":"1.232320889","rc":[{"ltp":1.64,"id":47674067}]}]}
{"op":"mcm","clk":"11947098450","pt":1724799496999,"mc":[{"id":"1.232320889","rc":[{"ltp":1.58,"id":47674067},{"ltp":2.7,"id":72963954}]}]}
{"op":"mcm","clk":"11947102670","pt":1724799556345,"mc":[{"id":"1.232320889","rc":[{"ltp":1.63,"id":47674067}]}]}
{"op":"mcm","clk":"11947106846","pt":1724799616337,"mc":[{"id":"1.232320889","rc":[{"ltp":1.57,"id":47674067}]}]}
{"op":"mcm","clk":"11947115957","pt":1724799745272,"mc":[{"id":"1.232320889","rc":[{"ltp":1.67,"id":47674067},{"ltp":2.48,"id":72963954}]}]}
{"op":"mcm","clk":"11947117753","pt":1724799772137,"mc":[{"id":"1.232320889","rc":[{"ltp":1.71,"id":47674067},{"ltp":2.42,"id":72963954}]}]}
{"op":"mcm","clk":"11947123939","pt":1724799864922,"mc":[{"id":"1.232320889","rc":[{"ltp":2.28,"id":72963954}]}]}
{"op":"mcm","clk":"11947127506","pt":1724799916477,"mc":[{"id":"1.232320889","rc":[{"ltp":1.79,"id":47674067}]}]}
{"op":"mcm","clk":"11947132225","pt":1724799985969,"mc":[{"id":"1.232320889","rc":[{"ltp":1.73,"id":47674067}]}]}
{"op":"mcm","clk":"11947136772","pt":1724800044414,"mc":[{"id":"1.232320889","rc":[{"ltp":1.78,"id":47674067}]}]}
{"op":"mcm","clk":"11947141539","pt":1724800104889,"mc":[{"id":"1.232320889","rc":[{"ltp":1.75,"id":47674067}]}]}
{"op":"mcm","clk":"11947163525","pt":1724800396191,"mc":[{"id":"1.232320889","rc":[{"ltp":2.26,"id":72963954}]}]}
{"op":"mcm","clk":"11947168299","pt":1724800461547,"mc":[{"id":"1.232320889","rc":[{"ltp":1.8,"id":47674067}]}]}
{"op":"mcm","clk":"11947177239","pt":1724800579664,"mc":[{"id":"1.232320889","rc":[{"ltp":1.81,"id":47674067},{"ltp":2.22,"id":72963954}]}]}
{"op":"mcm","clk":"11947181646","pt":1724800637250,"mc":[{"id":"1.232320889","rc":[{"ltp":1.86,"id":47674067}]}]}
{"op":"mcm","clk":"11947186183","pt":1724800702809,"mc":[{"id":"1.232320889","rc":[{"ltp":1.78,"id":47674067}]}]}
{"op":"mcm","clk":"11947190254","pt":1724800762901,"mc":[{"id":"1.232320889","rc":[{"ltp":1.8,"id":47674067},{"ltp":2.26,"id":72963954}]}]}
{"op":"mcm","clk":"11947193705","pt":1724800813624,"mc":[{"id":"1.232320889","rc":[{"ltp":2.2,"id":72963954}]}]}
{"op":"mcm","clk":"11947198762","pt":1724800883701,"mc":[{"id":"1.232320889","rc":[{"ltp":1.81,"id":47674067}]}]}
{"op":"mcm","clk":"11947202189","pt":1724800931444,"mc":[{"id":"1.232320889","rc":[{"ltp":2.18,"id":72963954}]}]}
{"op":"mcm","clk":"11947207502","pt":1724801006048,"mc":[{"id":"1.232320889","rc":[{"ltp":1.75,"id":47674067},{"ltp":2.22,"id":72963954}]}]}
{"op":"mcm","clk":"11947211590","pt":1724801065106,"mc":[{"id":"1.232320889","rc":[{"ltp":1.67,"id":47674067}]}]}
{"op":"mcm","clk":"11947218307","pt":1724801184619,"mc":[{"id":"1.232320889","rc":[{"ltp":1.77,"id":47674067}]}]}
{"op":"mcm","clk":"11947221885","pt":1724801244099,"mc":[{"id":"1.232320889","rc":[{"ltp":2.28,"id":72963954}]}]}
{"op":"mcm","clk":"11947225539","pt":1724801301740,"mc":[{"id":"1.232320889","rc":[{"ltp":1.76,"id":47674067},{"ltp":2.3,"id":72963954}]}]}
{"op":"mcm","clk":"11947233969","pt":1724801425795,"mc":[{"id":"1.232320889","rc":[{"ltp":1.77,"id":47674067},{"ltp":2.28,"id":72963954}]}]}
{"op":"mcm","clk":"11947238334","pt":1724801485968,"mc":[{"id":"1.232320889","rc":[{"ltp":1.7,"id":47674067}]}]}
{"op":"mcm","clk":"11947242706","pt":1724801543822,"mc":[{"id":"1.232320889","rc":[{"ltp":1.77,"id":47674067}]}]}
{"op":"mcm","clk":"11947251758","pt":1724801664151,"mc":[{"id":"1.232320889","rc":[{"ltp":1.76,"id":47674067},{"ltp":2.3,"id":72963954}]}]}
{"op":"mcm","clk":"11947256515","pt":1724801725489,"mc":[{"id":"1.232320889","rc":[{"ltp":1.74,"id":47674067}]}]}
{"op":"mcm","clk":"11947261006","pt":1724801784186,"mc":[{"id":"1.232320889","rc":[{"ltp":2.36,"id":72963954}]}]}
{"op":"mcm","clk":"11947265730","pt":1724801846018,"mc":[{"id":"1.232320889","rc":[{"ltp":1.73,"id":47674067}]}]}
{"op":"mcm","clk":"11947282791","pt":1724802075681,"mc":[{"id":"1.232320889","rc":[{"ltp":1.74,"id":47674067}]}]}
{"op":"mcm","clk":"11947284615","pt":1724802100800,"mc":[{"id":"1.232320889","rc":[{"ltp":1.75,"id":47674067},{"ltp":2.32,"id":72963954}]}]}
{"op":"mcm","clk":"11947292413","pt":1724802205191,"mc":[{"id":"1.232320889","rc":[{"ltp":1.76,"id":47674067},{"ltp":2.3,"id":72963954}]}]}
{"op":"mcm","clk":"11947296443","pt":1724802262576,"mc":[{"id":"1.232320889","rc":[{"ltp":1.77,"id":47674067},{"ltp":2.26,"id":72963954}]}]}
{"op":"mcm","clk":"11947300541","pt":1724802320224,"mc":[{"id":"1.232320889","rc":[{"ltp":1.79,"id":47674067},{"ltp":2.3,"id":72963954}]}]}
{"op":"mcm","clk":"11947304838","pt":1724802381598,"mc":[{"id":"1.232320889","rc":[{"ltp":2.26,"id":72963954}]}]}
{"op":"mcm","clk":"11947308884","pt":1724802445702,"mc":[{"id":"1.232320889","rc":[{"ltp":2.24,"id":72963954}]}]}
{"op":"mcm","clk":"11947311553","pt":1724802483121,"mc":[{"id":"1.232320889","rc":[{"ltp":1.8,"id":47674067}]}]}
{"op":"mcm","clk":"11947316821","pt":1724802561261,"mc":[{"id":"1.232320889","rc":[{"ltp":1.79,"id":47674067},{"ltp":2.22,"id":72963954}]}]}
{"op":"mcm","clk":"11947321230","pt":1724802623822,"mc":[{"id":"1.232320889","rc":[{"ltp":1.81,"id":47674067},{"ltp":2.24,"id":72963954}]}]}
{"op":"mcm","clk":"11947325288","pt":1724802683670,"mc":[{"id":"1.232320889","rc":[{"ltp":2.2,"id":72963954}]}]}
{"op":"mcm","clk":"11947336301","pt":1724802859052,"mc":[{"id":"1.232320889","rc":[{"ltp":1.83,"id":47674067}]}]}
{"op":"mcm","clk":"11947340521","pt":1724802923521,"mc":[{"id":"1.232320889","rc":[{"ltp":1.81,"id":47674067},{"ltp":2.24,"id":72963954}]}]}
{"op":"mcm","clk":"11947348750","pt":1724803043303,"mc":[{"id":"1.232320889","rc":[{"ltp":1.82,"id":47674067},{"ltp":2.22,"id":72963954}]}]}
{"op":"mcm","clk":"11947360755","pt":1724803225664,"mc":[{"id":"1.232320889","marketDefinition":{"bspMarket":false,"turnInPlayEnabled":true,"persistenceEnabled":true,"marketBaseRate":5.0,"eventId":"33529195","eventTypeId":"4","numberOfWinners":1,"bettingType":"ODDS","marketType":"MATCH_ODDS","marketTime":"2024-08-28T00:00:00.000Z","suspendTime":"2024-08-28T00:00:00.000Z","bspReconciled":false,"complete":true,"inPlay":true,"crossMatching":true,"runnersVoidable":false,"numberOfActiveRunners":2,"betDelay":5,"status":"OPEN","runners":[{"status":"ACTIVE","sortPriority":1,"id":47674067,"name":"Barbados Royals W"},{"status":"ACTIVE","sortPriority":2,"id":72963954,"name":"Trinidad Knight Riders W"}],"regulators":["MR_INT"],"countryCode":"GB","discountAllowed":true,"timezone":"GMT","openDate":"2024-08-28T00:00:00.000Z","version":6104352918,"name":"Match Odds","eventName":"Barbados Royals W v Trinidad Knight Riders W"},"rc":[{"ltp":1.9,"id":47674067},{"ltp":2.18,"id":72963954}]}]}
{"op":"mcm","clk":"11947364435","pt":1724803284514,"mc":[{"id":"1.232320889","rc":[{"ltp":1.87,"id":47674067}]}]}
{"op":"mcm","clk":"11947368122","pt":1724803342948,"mc":[{"id":"1.232320889","rc":[{"ltp":1.89,"id":47674067},{"ltp":2.12,"id":72963954}]}]}
{"op":"mcm","clk":"11947372463","pt":1724803404010,"mc":[{"id":"1.232320889","rc":[{"ltp":2.14,"id":72963954}]}]}
{"op":"mcm","clk":"11947376080","pt":1724803460787,"mc":[{"id":"1.232320889","rc":[{"ltp":1.91,"id":47674067}]}]}
{"op":"mcm","clk":"11947379809","pt":1724803520956,"mc":[{"id":"1.232320889","rc":[{"ltp":1.89,"id":47674067},{"ltp":2.12,"id":72963954}]}]}
{"op":"mcm","clk":"11947383702","pt":1724803585250,"mc":[{"id":"1.232320889","rc":[{"ltp":1.9,"id":47674067},{"ltp":2.1,"id":72963954}]}]}
{"op":"mcm","clk":"11947387235","pt":1724803642814,"mc":[{"id":"1.232320889","rc":[{"ltp":1.89,"id":47674067},{"ltp":2.12,"id":72963954}]}]}
{"op":"mcm","clk":"11947391269","pt":1724803705454,"mc":[{"id":"1.232320889","rc":[{"ltp":2.1,"id":72963954}]}]}
{"op":"mcm","clk":"11947395021","pt":1724803765727,"mc":[{"id":"1.232320889","rc":[{"ltp":1.87,"id":47674067},{"ltp":2.12,"id":72963954}]}]}
{"op":"mcm","clk":"11947398893","pt":1724803825677,"mc":[{"id":"1.232320889","rc":[{"ltp":1.89,"id":47674067}]}]}
{"op":"mcm","clk":"11947402701","pt":1724803885753,"mc":[{"id":"1.232320889","rc":[{"ltp":1.85,"id":47674067},{"ltp":2.14,"id":72963954}]}]}
{"op":"mcm","clk":"11947407652","pt":1724803946095,"mc":[{"id":"1.232320889","rc":[{"ltp":1.86,"id":47674067},{"ltp":2.16,"id":72963954}]}]}
{"op":"mcm","clk":"11947420390","pt":1724804001338,"mc":[{"id":"1.232320889","rc":[{"ltp":1.87,"id":47674067}]}]}
{"op":"mcm","clk":"11947424674","pt":1724804065512,"mc":[{"id":"1.232320889","rc":[{"ltp":2.12,"id":72963954}]}]}
{"op":"mcm","clk":"11947432420","pt":1724804178511,"mc":[{"id":"1.232320889","rc":[{"ltp":1.86,"id":47674067},{"ltp":2.16,"id":72963954}]}]}
{"op":"mcm","clk":"11947436806","pt":1724804244906,"mc":[{"id":"1.232320889","rc":[{"ltp":1.87,"id":47674067}]}]}
{"op":"mcm","clk":"11947440565","pt":1724804305148,"mc":[{"id":"1.232320889","rc":[{"ltp":1.88,"id":47674067},{"ltp":2.12,"id":72963954}]}]}
{"op":"mcm","clk":"11947444398","pt":1724804364528,"mc":[{"id":"1.232320889","rc":[{"ltp":1.87,"id":47674067},{"ltp":2.16,"id":72963954}]}]}
{"op":"mcm","clk":"11947448298","pt":1724804425907,"mc":[{"id":"1.232320889","rc":[{"ltp":1.89,"id":47674067}]}]}
{"op":"mcm","clk":"11947452495","pt":1724804485898,"mc":[{"id":"1.232320889","rc":[{"ltp":1.88,"id":47674067}]}]}
{"op":"mcm","clk":"11947456070","pt":1724804541921,"mc":[{"id":"1.232320889","rc":[{"ltp":2.12,"id":72963954}]}]}
{"op":"mcm","clk":"11947459812","pt":1724804605717,"mc":[{"id":"1.232320889","rc":[{"ltp":1.87,"id":47674067}]}]}
{"op":"mcm","clk":"11947463490","pt":1724804665988,"mc":[{"id":"1.232320889","rc":[{"ltp":2.18,"id":72963954}]}]}
{"op":"mcm","clk":"11947471455","pt":1724804783842,"mc":[{"id":"1.232320889","rc":[{"ltp":2.14,"id":72963954}]}]}
{"op":"mcm","clk":"11947475600","pt":1724804846122,"mc":[{"id":"1.232320889","rc":[{"ltp":1.9,"id":47674067},{"ltp":2.1,"id":72963954}]}]}
{"op":"mcm","clk":"11947479260","pt":1724804904598,"mc":[{"id":"1.232320889","rc":[{"ltp":1.91,"id":47674067},{"ltp":2.06,"id":72963954}]}]}
{"op":"mcm","clk":"11947483048","pt":1724804965163,"mc":[{"id":"1.232320889","rc":[{"ltp":1.87,"id":47674067},{"ltp":2.1,"id":72963954}]}]}
{"op":"mcm","clk":"11947487104","pt":1724805025422,"mc":[{"id":"1.232320889","rc":[{"ltp":1.9,"id":47674067},{"ltp":2.12,"id":72963954}]}]}
{"op":"mcm","clk":"11947491219","pt":1724805085912,"mc":[{"id":"1.232320889","rc":[{"ltp":1.89,"id":47674067}]}]}
{"op":"mcm","clk":"11947495147","pt":1724805145888,"mc":[{"id":"1.232320889","rc":[{"ltp":1.88,"id":47674067}]}]}
{"op":"mcm","clk":"11947500002","pt":1724805205963,"mc":[{"id":"1.232320889","rc":[{"ltp":1.86,"id":47674067},{"ltp":2.14,"id":72963954}]}]}
{"op":"mcm","clk":"11947504982","pt":1724805265911,"mc":[{"id":"1.232320889","rc":[{"ltp":2.26,"id":47674067},{"ltp":1.79,"id":72963954}]}]}
{"op":"mcm","clk":"11947510186","pt":1724805325853,"mc":[{"id":"1.232320889","rc":[{"ltp":2.28,"id":47674067},{"ltp":1.76,"id":72963954}]}]}
{"op":"mcm","clk":"11947515246","pt":1724805386066,"mc":[{"id":"1.232320889","rc":[{"ltp":2.36,"id":47674067},{"ltp":1.73,"id":72963954}]}]}
{"op":"mcm","clk":"11947520478","pt":1724805445902,"mc":[{"id":"1.232320889","rc":[{"ltp":2.28,"id":47674067},{"ltp":1.77,"id":72963954}]}]}
{"op":"mcm","clk":"11947525545","pt":1724805505994,"mc":[{"id":"1.232320889","rc":[{"ltp":2.36,"id":47674067},{"ltp":1.74,"id":72963954}]}]}
{"op":"mcm","clk":"11947530849","pt":1724805565938,"mc":[{"id":"1.232320889","rc":[{"ltp":2.46,"id":47674067},{"ltp":1.68,"id":72963954}]}]}
{"op":"mcm","clk":"11947535885","pt":1724805626076,"mc":[{"id":"1.232320889","rc":[{"ltp":2.5,"id":47674067},{"ltp":1.66,"id":72963954}]}]}
{"op":"mcm","clk":"11947540921","pt":1724805686078,"mc":[{"id":"1.232320889","rc":[{"ltp":2.34,"id":47674067},{"ltp":1.74,"id":72963954}]}]}
{"op":"mcm","clk":"11947546012","pt":1724805746120,"mc":[{"id":"1.232320889","rc":[{"ltp":2.28,"id":47674067},{"ltp":1.78,"id":72963954}]}]}
{"op":"mcm","clk":"11947551036","pt":1724805805907,"mc":[{"id":"1.232320889","rc":[{"ltp":2.08,"id":47674067},{"ltp":1.91,"id":72963954}]}]}
{"op":"mcm","clk":"11947555855","pt":1724805865973,"mc":[{"id":"1.232320889","rc":[{"ltp":2.06,"id":47674067},{"ltp":1.94,"id":72963954}]}]}
{"op":"mcm","clk":"11947560696","pt":1724805926131,"mc":[{"id":"1.232320889","rc":[{"ltp":2.08,"id":47674067},{"ltp":1.91,"id":72963954}]}]}
{"op":"mcm","clk":"11947565632","pt":1724805986021,"mc":[{"id":"1.232320889","rc":[{"ltp":2.14,"id":47674067},{"ltp":1.92,"id":72963954}]}]}
{"op":"mcm","clk":"11947570847","pt":1724806046097,"mc":[{"id":"1.232320889","rc":[{"ltp":2.16,"id":47674067},{"ltp":1.85,"id":72963954}]}]}
{"op":"mcm","clk":"11947575518","pt":1724806105968,"mc":[{"id":"1.232320889","rc":[{"ltp":2.12,"id":47674067},{"ltp":1.91,"id":72963954}]}]}
{"op":"mcm","clk":"11947580048","pt":1724806166048,"mc":[{"id":"1.232320889","rc":[{"ltp":1.88,"id":72963954}]}]}
{"op":"mcm","clk":"11947584697","pt":1724806226114,"mc":[{"id":"1.232320889","rc":[{"ltp":2.42,"id":47674067},{"ltp":1.71,"id":72963954}]}]}
{"op":"mcm","clk":"11947589147","pt":1724806286059,"mc":[{"id":"1.232320889","rc":[{"ltp":2.32,"id":47674067},{"ltp":1.74,"id":72963954}]}]}
{"op":"mcm","clk":"11947593595","pt":1724806346051,"mc":[{"id":"1.232320889","rc":[{"ltp":2.4,"id":47674067},{"ltp":1.71,"id":72963954}]}]}
{"op":"mcm","clk":"11947598146","pt":1724806406131,"mc":[{"id":"1.232320889","rc":[{"ltp":2.98,"id":47674067},{"ltp":1.5,"id":72963954}]}]}
{"op":"mcm","clk":"11947602722","pt":1724806466095,"mc":[{"id":"1.232320889","rc":[{"ltp":2.68,"id":47674067},{"ltp":1.58,"id":72963954}]}]}
{"op":"mcm","clk":"11947607248","pt":1724806526137,"mc":[{"id":"1.232320889","rc":[{"ltp":1.59,"id":72963954}]}]}
{"op":"mcm","clk":"11947611550","pt":1724806586088,"mc":[{"id":"1.232320889","rc":[{"ltp":2.5,"id":47674067},{"ltp":1.66,"id":72963954}]}]}
{"op":"mcm","clk":"11947615804","pt":1724806645971,"mc":[{"id":"1.232320889","rc":[{"ltp":2.3,"id":47674067},{"ltp":1.75,"id":72963954}]}]}
{"op":"mcm","clk":"11947620110","pt":1724806705824,"mc":[{"id":"1.232320889","rc":[{"ltp":2.52,"id":47674067},{"ltp":1.69,"id":72963954}]}]}
{"op":"mcm","clk":"11947624490","pt":1724806766100,"mc":[{"id":"1.232320889","rc":[{"ltp":2.5,"id":47674067},{"ltp":1.63,"id":72963954}]}]}
{"op":"mcm","clk":"11947628714","pt":1724806825801,"mc":[{"id":"1.232320889","rc":[{"ltp":2.52,"id":47674067},{"ltp":1.65,"id":72963954}]}]}
{"op":"mcm","clk":"11947632898","pt":1724806886045,"mc":[{"id":"1.232320889","rc":[{"ltp":2.68,"id":47674067},{"ltp":1.59,"id":72963954}]}]}
{"op":"mcm","clk":"11947637259","pt":1724806945988,"mc":[{"id":"1.232320889","rc":[{"ltp":2.48,"id":47674067},{"ltp":1.67,"id":72963954}]}]}
{"op":"mcm","clk":"11947641790","pt":1724807006045,"mc":[{"id":"1.232320889","rc":[{"ltp":2.4,"id":47674067},{"ltp":1.71,"id":72963954}]}]}
{"op":"mcm","clk":"11947646225","pt":1724807065932,"mc":[{"id":"1.232320889","rc":[{"ltp":2.44,"id":47674067},{"ltp":1.69,"id":72963954}]}]}
{"op":"mcm","clk":"11947654360","pt":1724807186065,"mc":[{"id":"1.232320889","rc":[{"ltp":2.6,"id":47674067},{"ltp":1.61,"id":72963954}]}]}
{"op":"mcm","clk":"11947658770","pt":1724807245883,"mc":[{"id":"1.232320889","rc":[{"ltp":2.5,"id":47674067},{"ltp":1.65,"id":72963954}]}]}
{"op":"mcm","clk":"11947663120","pt":1724807305648,"mc":[{"id":"1.232320889","rc":[{"ltp":2.54,"id":47674067}]}]}
{"op":"mcm","clk":"11947667838","pt":1724807365801,"mc":[{"id":"1.232320889","rc":[{"ltp":2.52,"id":47674067},{"ltp":1.62,"id":72963954}]}]}
{"op":"mcm","clk":"11947672370","pt":1724807425883,"mc":[{"id":"1.232320889","rc":[{"ltp":2.72,"id":47674067},{"ltp":1.58,"id":72963954}]}]}
{"op":"mcm","clk":"11947676746","pt":1724807485953,"mc":[{"id":"1.232320889","rc":[{"ltp":2.8,"id":47674067},{"ltp":1.54,"id":72963954}]}]}
{"op":"mcm","clk":"11947681328","pt":1724807546116,"mc":[{"id":"1.232320889","rc":[{"ltp":2.58,"id":47674067},{"ltp":1.62,"id":72963954}]}]}
{"op":"mcm","clk":"11947685957","pt":1724807605846,"mc":[{"id":"1.232320889","rc":[{"ltp":2.6,"id":47674067}]}]}
{"op":"mcm","clk":"11947690361","pt":1724807666022,"mc":[{"id":"1.232320889","rc":[{"ltp":2.66,"id":47674067},{"ltp":1.6,"id":72963954}]}]}
{"op":"mcm","clk":"11947694936","pt":1724807725352,"mc":[{"id":"1.232320889","rc":[{"ltp":1.61,"id":72963954}]}]}
{"op":"mcm","clk":"11947699166","pt":1724807786112,"mc":[{"id":"1.232320889","rc":[{"ltp":2.68,"id":47674067},{"ltp":1.6,"id":72963954}]}]}
{"op":"mcm","clk":"11947703212","pt":1724807845896,"mc":[{"id":"1.232320889","rc":[{"ltp":2.6,"id":47674067},{"ltp":1.62,"id":72963954}]}]}
{"op":"mcm","clk":"11947707158","pt":1724807905982,"mc":[{"id":"1.232320889","rc":[{"ltp":2.66,"id":47674067},{"ltp":1.6,"id":72963954}]}]}
{"op":"mcm","clk":"11947714607","pt":1724808024512,"mc":[{"id":"1.232320889","rc":[{"ltp":2.68,"id":47674067},{"ltp":1.59,"id":72963954}]}]}
{"op":"mcm","clk":"11947718200","pt":1724808086045,"mc":[{"id":"1.232320889","rc":[{"ltp":2.64,"id":47674067},{"ltp":1.61,"id":72963954}]}]}
{"op":"mcm","clk":"11947725245","pt":1724808206021,"mc":[{"id":"1.232320889","rc":[{"ltp":2.62,"id":47674067}]}]}
{"op":"mcm","clk":"11947728446","pt":1724808265952,"mc":[{"id":"1.232320889","rc":[{"ltp":2.66,"id":47674067}]}]}
{"op":"mcm","clk":"11947732099","pt":1724808325831,"mc":[{"id":"1.232320889","rc":[{"ltp":2.48,"id":47674067},{"ltp":1.71,"id":72963954}]}]}
{"op":"mcm","clk":"11947735565","pt":1724808385966,"mc":[{"id":"1.232320889","rc":[{"ltp":2.46,"id":47674067},{"ltp":1.68,"id":72963954}]}]}
{"op":"mcm","clk":"11947739334","pt":1724808445955,"mc":[{"id":"1.232320889","rc":[{"ltp":2.5,"id":47674067},{"ltp":1.66,"id":72963954}]}]}
{"op":"mcm","clk":"11947742977","pt":1724808506127,"mc":[{"id":"1.232320889","rc":[{"ltp":2.56,"id":47674067},{"ltp":1.64,"id":72963954}]}]}
{"op":"mcm","clk":"11947746387","pt":1724808565985,"mc":[{"id":"1.232320889","rc":[{"ltp":2.68,"id":47674067},{"ltp":1.59,"id":72963954}]}]}
{"op":"mcm","clk":"11947749778","pt":1724808625947,"mc":[{"id":"1.232320889","rc":[{"ltp":3.15,"id":47674067},{"ltp":1.45,"id":72963954}]}]}
{"op":"mcm","clk":"11947753095","pt":1724808685974,"mc":[{"id":"1.232320889","rc":[{"ltp":3.7,"id":47674067},{"ltp":1.36,"id":72963954}]}]}
{"op":"mcm","clk":"11947756613","pt":1724808746058,"mc":[{"id":"1.232320889","rc":[{"ltp":3.9,"id":47674067},{"ltp":1.34,"id":72963954}]}]}
{"op":"mcm","clk":"11947760201","pt":1724808806040,"mc":[{"id":"1.232320889","rc":[{"ltp":4.0,"id":47674067},{"ltp":1.35,"id":72963954}]}]}
{"op":"mcm","clk":"11947764077","pt":1724808866096,"mc":[{"id":"1.232320889","rc":[{"ltp":3.75,"id":47674067},{"ltp":1.36,"id":72963954}]}]}
{"op":"mcm","clk":"11947768303","pt":1724808926067,"mc":[{"id":"1.232320889","rc":[{"ltp":3.6,"id":47674067},{"ltp":1.38,"id":72963954}]}]}
{"op":"mcm","clk":"11947772709","pt":1724808986020,"mc":[{"id":"1.232320889","rc":[{"ltp":3.5,"id":47674067},{"ltp":1.4,"id":72963954}]}]}
{"op":"mcm","clk":"11947777197","pt":1724809046071,"mc":[{"id":"1.232320889","rc":[{"ltp":3.0,"id":47674067},{"ltp":1.49,"id":72963954}]}]}
{"op":"mcm","clk":"11947781535","pt":1724809105951,"mc":[{"id":"1.232320889","rc":[{"ltp":2.98,"id":47674067},{"ltp":1.51,"id":72963954}]}]}
{"op":"mcm","clk":"11947786290","pt":1724809165822,"mc":[{"id":"1.232320889","rc":[{"ltp":3.0,"id":47674067},{"ltp":1.5,"id":72963954}]}]}
{"op":"mcm","clk":"11947791216","pt":1724809225448,"mc":[{"id":"1.232320889","rc":[{"ltp":2.84,"id":47674067},{"ltp":1.54,"id":72963954}]}]}
{"op":"mcm","clk":"11947795654","pt":1724809286134,"mc":[{"id":"1.232320889","rc":[{"ltp":3.0,"id":47674067},{"ltp":1.5,"id":72963954}]}]}
{"op":"mcm","clk":"11947800122","pt":1724809346098,"mc":[{"id":"1.232320889","rc":[{"ltp":2.96,"id":47674067},{"ltp":1.51,"id":72963954}]}]}
{"op":"mcm","clk":"11947813527","pt":1724809406058,"mc":[{"id":"1.232320889","rc":[{"ltp":2.78,"id":47674067},{"ltp":1.54,"id":72963954}]}]}
{"op":"mcm","clk":"11947817831","pt":1724809465969,"mc":[{"id":"1.232320889","rc":[{"ltp":2.84,"id":47674067}]}]}
{"op":"mcm","clk":"11947822099","pt":1724809526049,"mc":[{"id":"1.232320889","rc":[{"ltp":2.82,"id":47674067}]}]}
{"op":"mcm","clk":"11947826174","pt":1724809586114,"mc":[{"id":"1.232320889","rc":[{"ltp":2.8,"id":47674067},{"ltp":1.55,"id":72963954}]}]}
{"op":"mcm","clk":"11947830281","pt":1724809645986,"mc":[{"id":"1.232320889","rc":[{"ltp":2.84,"id":47674067}]}]}
{"op":"mcm","clk":"11947834741","pt":1724809706138,"mc":[{"id":"1.232320889","rc":[{"ltp":2.66,"id":47674067},{"ltp":1.6,"id":72963954}]}]}
{"op":"mcm","clk":"11947839072","pt":1724809765757,"mc":[{"id":"1.232320889","rc":[{"ltp":2.6,"id":47674067},{"ltp":1.62,"id":72963954}]}]}
{"op":"mcm","clk":"11947843443","pt":1724809826001,"mc":[{"id":"1.232320889","rc":[{"ltp":2.62,"id":47674067},{"ltp":1.61,"id":72963954}]}]}
{"op":"mcm","clk":"11947847663","pt":1724809886009,"mc":[{"id":"1.232320889","rc":[{"ltp":2.64,"id":47674067}]}]}
{"op":"mcm","clk":"11947851767","pt":1724809945956,"mc":[{"id":"1.232320889","rc":[{"ltp":2.88,"id":47674067},{"ltp":1.47,"id":72963954}]}]}
{"op":"mcm","clk":"11947855936","pt":1724810005831,"mc":[{"id":"1.232320889","rc":[{"ltp":2.74,"id":47674067},{"ltp":1.57,"id":72963954}]}]}
{"op":"mcm","clk":"11947860232","pt":1724810065961,"mc":[{"id":"1.232320889","rc":[{"ltp":2.8,"id":47674067},{"ltp":1.55,"id":72963954}]}]}
{"op":"mcm","clk":"11947864522","pt":1724810126041,"mc":[{"id":"1.232320889","rc":[{"ltp":2.62,"id":47674067},{"ltp":1.61,"id":72963954}]}]}
{"op":"mcm","clk":"11947868202","pt":1724810186091,"mc":[{"id":"1.232320889","rc":[{"ltp":2.68,"id":47674067},{"ltp":1.58,"id":72963954}]}]}
{"op":"mcm","clk":"11947872285","pt":1724810245966,"mc":[{"id":"1.232320889","rc":[{"ltp":2.66,"id":47674067},{"ltp":1.63,"id":72963954}]}]}
{"op":"mcm","clk":"11947875905","pt":1724810305545,"mc":[{"id":"1.232320889","rc":[{"ltp":2.6,"id":47674067},{"ltp":1.62,"id":72963954}]}]}
{"op":"mcm","clk":"11947879091","pt":1724810365703,"mc":[{"id":"1.232320889","rc":[{"ltp":2.62,"id":47674067},{"ltp":1.6,"id":72963954}]}]}
{"op":"mcm","clk":"11947883022","pt":1724810425966,"mc":[{"id":"1.232320889","rc":[{"ltp":2.58,"id":47674067},{"ltp":1.63,"id":72963954}]}]}
{"op":"mcm","clk":"11947886708","pt":1724810486029,"mc":[{"id":"1.232320889","rc":[{"ltp":2.78,"id":47674067},{"ltp":1.57,"id":72963954}]}]}
{"op":"mcm","clk":"11947890432","pt":1724810545811,"mc":[{"id":"1.232320889","rc":[{"ltp":2.84,"id":47674067},{"ltp":1.55,"id":72963954}]}]}
{"op":"mcm","clk":"11947894025","pt":1724810606041,"mc":[{"id":"1.232320889","rc":[{"ltp":2.68,"id":47674067},{"ltp":1.59,"id":72963954}]}]}
{"op":"mcm","clk":"11947897729","pt":1724810665843,"mc":[{"id":"1.232320889","rc":[{"ltp":2.62,"id":47674067},{"ltp":1.61,"id":72963954}]}]}
{"op":"mcm","clk":"11947901323","pt":1724810726118,"mc":[{"id":"1.232320889","rc":[{"ltp":2.6,"id":47674067},{"ltp":1.62,"id":72963954}]}]}
{"op":"mcm","clk":"11947904846","pt":1724810785761,"mc":[{"id":"1.232320889","rc":[{"ltp":2.72,"id":47674067},{"ltp":1.58,"id":72963954}]}]}
{"op":"mcm","clk":"11947908601","pt":1724810845927,"mc":[{"id":"1.232320889","rc":[{"ltp":2.68,"id":47674067},{"ltp":1.59,"id":72963954}]}]}
{"op":"mcm","clk":"11947912642","pt":1724810905895,"mc":[{"id":"1.232320889","rc":[{"ltp":2.38,"id":47674067},{"ltp":1.71,"id":72963954}]}]}
{"op":"mcm","clk":"11947916588","pt":1724810966015,"mc":[{"id":"1.232320889","rc":[{"ltp":2.34,"id":47674067},{"ltp":1.75,"id":72963954}]}]}
{"op":"mcm","clk":"11947920897","pt":1724811025918,"mc":[{"id":"1.232320889","rc":[{"ltp":2.4,"id":47674067},{"ltp":1.71,"id":72963954}]}]}
{"op":"mcm","clk":"11947925249","pt":1724811085960,"mc":[{"id":"1.232320889","rc":[{"ltp":2.46,"id":47674067},{"ltp":1.69,"id":72963954}]}]}
{"op":"mcm","clk":"11947929865","pt":1724811146017,"mc":[{"id":"1.232320889","rc":[{"ltp":2.5,"id":47674067},{"ltp":1.66,"id":72963954}]}]}
{"op":"mcm","clk":"11947934050","pt":1724811205966,"mc":[{"id":"1.232320889","rc":[{"ltp":2.58,"id":47674067},{"ltp":1.63,"id":72963954}]}]}
{"op":"mcm","clk":"11947938190","pt":1724811265411,"mc":[{"id":"1.232320889","rc":[{"ltp":1.62,"id":72963954}]}]}
{"op":"mcm","clk":"11947946094","pt":1724811386054,"mc":[{"id":"1.232320889","rc":[{"ltp":2.44,"id":47674067},{"ltp":1.69,"id":72963954}]}]}
{"op":"mcm","clk":"11947950263","pt":1724811445954,"mc":[{"id":"1.232320889","rc":[{"ltp":2.68,"id":47674067},{"ltp":1.6,"id":72963954}]}]}
{"op":"mcm","clk":"11947954227","pt":1724811506088,"mc":[{"id":"1.232320889","rc":[{"ltp":2.64,"id":47674067},{"ltp":1.61,"id":72963954}]}]}
{"op":"mcm","clk":"11947958126","pt":1724811566073,"mc":[{"id":"1.232320889","rc":[{"ltp":2.46,"id":47674067},{"ltp":1.69,"id":72963954}]}]}
{"op":"mcm","clk":"11947961632","pt":1724811626008,"mc":[{"id":"1.232320889","rc":[{"ltp":2.34,"id":47674067},{"ltp":1.72,"id":72963954}]}]}
{"op":"mcm","clk":"11947965357","pt":1724811685775,"mc":[{"id":"1.232320889","rc":[{"ltp":2.4,"id":47674067},{"ltp":1.7,"id":72963954}]}]}
{"op":"mcm","clk":"11947968833","pt":1724811746094,"mc":[{"id":"1.232320889","rc":[{"ltp":1.71,"id":72963954}]}]}
{"op":"mcm","clk":"11947972393","pt":1724811806058,"mc":[{"id":"1.232320889","rc":[{"ltp":2.38,"id":47674067},{"ltp":1.72,"id":72963954}]}]}
{"op":"mcm","clk":"11947975975","pt":1724811866032,"mc":[{"id":"1.232320889","rc":[{"ltp":2.42,"id":47674067},{"ltp":1.7,"id":72963954}]}]}
{"op":"mcm","clk":"11947979909","pt":1724811925977,"mc":[{"id":"1.232320889","rc":[{"ltp":2.44,"id":47674067},{"ltp":1.69,"id":72963954}]}]}
{"op":"mcm","clk":"11947983336","pt":1724811985238,"mc":[{"id":"1.232320889","rc":[{"ltp":2.46,"id":47674067},{"ltp":1.68,"id":72963954}]}]}
{"op":"mcm","clk":"11947987132","pt":1724812045670,"mc":[{"id":"1.232320889","rc":[{"ltp":2.44,"id":47674067}]}]}
{"op":"mcm","clk":"11947990321","pt":1724812105628,"mc":[{"id":"1.232320889","rc":[{"ltp":2.46,"id":47674067},{"ltp":1.66,"id":72963954}]}]}
{"op":"mcm","clk":"11947993778","pt":1724812165895,"mc":[{"id":"1.232320889","rc":[{"ltp":1.68,"id":72963954}]}]}
{"op":"mcm","clk":"11947997504","pt":1724812226066,"mc":[{"id":"1.232320889","rc":[{"ltp":1.69,"id":72963954}]}]}
{"op":"mcm","clk":"11948000714","pt":1724812286103,"mc":[{"id":"1.232320889","rc":[{"ltp":2.44,"id":47674067},{"ltp":1.68,"id":72963954}]}]}
{"op":"mcm","clk":"11948005612","pt":1724812405973,"mc":[{"id":"1.232320889","rc":[{"ltp":1.69,"id":72963954}]}]}
{"op":"mcm","clk":"11948008508","pt":1724812465705,"mc":[{"id":"1.232320889","rc":[{"ltp":2.46,"id":47674067}]}]}
{"op":"mcm","clk":"11948011258","pt":1724812525773,"mc":[{"id":"1.232320889","rc":[{"ltp":2.42,"id":47674067},{"ltp":1.7,"id":72963954}]}]}
{"op":"mcm","clk":"11948017065","pt":1724812646132,"mc":[{"id":"1.232320889","rc":[{"ltp":2.46,"id":47674067},{"ltp":1.68,"id":72963954}]}]}
{"op":"mcm","clk":"11948020048","pt":1724812706083,"mc":[{"id":"1.232320889","rc":[{"ltp":2.5,"id":47674067},{"ltp":1.66,"id":72963954}]}]}
{"op":"mcm","clk":"11948023224","pt":1724812765521,"mc":[{"id":"1.232320889","rc":[{"ltp":2.72,"id":47674067},{"ltp":1.58,"id":72963954}]}]}
{"op":"mcm","clk":"11948026131","pt":1724812826032,"mc":[{"id":"1.232320889","rc":[{"ltp":3.6,"id":47674067},{"ltp":1.38,"id":72963954}]}]}
{"op":"mcm","clk":"11948028872","pt":1724812886072,"mc":[{"id":"1.232320889","rc":[{"ltp":3.75,"id":47674067},{"ltp":1.36,"id":72963954}]}]}
{"op":"mcm","clk":"11948031995","pt":1724812946064,"mc":[{"id":"1.232320889","rc":[{"ltp":3.4,"id":47674067},{"ltp":1.41,"id":72963954}]}]}
{"op":"mcm","clk":"11948034987","pt":1724813005803,"mc":[{"id":"1.232320889","rc":[{"ltp":3.6,"id":47674067},{"ltp":1.37,"id":72963954}]}]}
{"op":"mcm","clk":"11948038009","pt":1724813066070,"mc":[{"id":"1.232320889","rc":[{"ltp":1.39,"id":72963954}]}]}
{"op":"mcm","clk":"11948040933","pt":1724813126062,"mc":[{"id":"1.232320889","rc":[{"ltp":2.54,"id":47674067},{"ltp":1.65,"id":72963954}]}]}
{"op":"mcm","clk":"11948044116","pt":1724813186011,"mc":[{"id":"1.232320889","rc":[{"ltp":2.66,"id":47674067},{"ltp":1.6,"id":72963954}]}]}
{"op":"mcm","clk":"11948047179","pt":1724813246075,"mc":[{"id":"1.232320889","rc":[{"ltp":2.86,"id":47674067},{"ltp":1.54,"id":72963954}]}]}
{"op":"mcm","clk":"11948050495","pt":1724813305974,"mc":[{"id":"1.232320889","rc":[{"ltp":2.78,"id":47674067},{"ltp":1.57,"id":72963954}]}]}
{"op":"mcm","clk":"11948053817","pt":1724813366040,"mc":[{"id":"1.232320889","rc":[{"ltp":2.68,"id":47674067},{"ltp":1.58,"id":72963954}]}]}
{"op":"mcm","clk":"11948057393","pt":1724813426024,"mc":[{"id":"1.232320889","rc":[{"ltp":1.66,"id":47674067},{"ltp":2.5,"id":72963954}]}]}
{"op":"mcm","clk":"11948060435","pt":1724813485882,"mc":[{"id":"1.232320889","rc":[{"ltp":1.7,"id":47674067},{"ltp":2.42,"id":72963954}]}]}
{"op":"mcm","clk":"11948063475","pt":1724813546052,"mc":[{"id":"1.232320889","rc":[{"ltp":1.82,"id":47674067},{"ltp":2.24,"id":72963954}]}]}
{"op":"mcm","clk":"11948066671","pt":1724813605801,"mc":[{"id":"1.232320889","rc":[{"ltp":1.96,"id":47674067},{"ltp":2.06,"id":72963954}]}]}
{"op":"mcm","clk":"11948069957","pt":1724813666100,"mc":[{"id":"1.232320889","rc":[{"ltp":1.89,"id":47674067},{"ltp":2.12,"id":72963954}]}]}
{"op":"mcm","clk":"11948073192","pt":1724813726054,"mc":[{"id":"1.232320889","rc":[{"ltp":2.1,"id":72963954}]}]}
{"op":"mcm","clk":"11948075822","pt":1724813786089,"mc":[{"id":"1.232320889","rc":[{"ltp":1.96,"id":47674067},{"ltp":2.04,"id":72963954}]}]}
{"op":"mcm","clk":"11948078608","pt":1724813845686,"mc":[{"id":"1.232320889","rc":[{"ltp":1.93,"id":47674067},{"ltp":2.06,"id":72963954}]}]}
{"op":"mcm","clk":"11948081680","pt":1724813905908,"mc":[{"id":"1.232320889","rc":[{"ltp":2.0,"id":47674067},{"ltp":2.0,"id":72963954}]}]}
{"op":"mcm","clk":"11948084611","pt":1724813966013,"mc":[{"id":"1.232320889","rc":[{"ltp":2.16,"id":47674067},{"ltp":1.87,"id":72963954}]}]}
{"op":"mcm","clk":"11948087563","pt":1724814025945,"mc":[{"id":"1.232320889","rc":[{"ltp":2.4,"id":47674067},{"ltp":1.75,"id":72963954}]}]}
{"op":"mcm","clk":"11948090593","pt":1724814085799,"mc":[{"id":"1.232320889","rc":[{"ltp":2.32,"id":47674067}]}]}
{"op":"mcm","clk":"11948093645","pt":1724814145552,"mc":[{"id":"1.232320889","rc":[{"ltp":2.48,"id":47674067},{"ltp":1.68,"id":72963954}]}]}
{"op":"mcm","clk":"11948096754","pt":1724814206050,"mc":[{"id":"1.232320889","rc":[{"ltp":3.0,"id":47674067},{"ltp":1.5,"id":72963954}]}]}
{"op":"mcm","clk":"11948099465","pt":1724814266074,"mc":[{"id":"1.232320889","rc":[{"ltp":2.74,"id":47674067},{"ltp":1.57,"id":72963954}]}]}
{"op":"mcm","clk":"11948102073","pt":1724814325375,"mc":[{"id":"1.232320889","rc":[{"ltp":2.88,"id":47674067},{"ltp":1.53,"id":72963954}]}]}
{"op":"mcm","clk":"11948104857","pt":1724814385527,"mc":[{"id":"1.232320889","rc":[{"ltp":2.08,"id":47674067},{"ltp":1.54,"id":72963954}]}]}
{"op":"mcm","clk":"11948107614","pt":1724814445878,"mc":[{"id":"1.232320889","rc":[{"ltp":1.73,"id":47674067},{"ltp":2.36,"id":72963954}]}]}
{"op":"mcm","clk":"11948110998","pt":1724814506063,"mc":[{"id":"1.232320889","rc":[{"ltp":1.85,"id":47674067},{"ltp":2.16,"id":72963954}]}]}
{"op":"mcm","clk":"11948114082","pt":1724814566028,"mc":[{"id":"1.232320889","rc":[{"ltp":1.87,"id":47674067}]}]}
{"op":"mcm","clk":"11948117037","pt":1724814626078,"mc":[{"id":"1.232320889","rc":[{"ltp":1.89,"id":47674067},{"ltp":2.12,"id":72963954}]}]}
{"op":"mcm","clk":"11948119716","pt":1724814686135,"mc":[{"id":"1.232320889","rc":[{"ltp":2.16,"id":47674067},{"ltp":1.85,"id":72963954}]}]}
{"op":"mcm","clk":"11948122501","pt":1724814746116,"mc":[{"id":"1.232320889","rc":[{"ltp":2.12,"id":47674067},{"ltp":1.89,"id":72963954}]}]}
{"op":"mcm","clk":"11948134316","pt":1724814805983,"mc":[{"id":"1.232320889","rc":[{"ltp":2.18,"id":47674067},{"ltp":1.84,"id":72963954}]}]}
{"op":"mcm","clk":"11948136674","pt":1724814865945,"mc":[{"id":"1.232320889","rc":[{"ltp":2.32,"id":47674067},{"ltp":1.75,"id":72963954}]}]}
{"op":"mcm","clk":"11948139366","pt":1724814926110,"mc":[{"id":"1.232320889","rc":[{"ltp":2.28,"id":47674067},{"ltp":1.76,"id":72963954}]}]}
{"op":"mcm","clk":"11948141900","pt":1724814985860,"mc":[{"id":"1.232320889","rc":[{"ltp":2.24,"id":47674067},{"ltp":1.79,"id":72963954}]}]}
{"op":"mcm","clk":"11948144411","pt":1724815046131,"mc":[{"id":"1.232320889","rc":[{"ltp":2.16,"id":47674067},{"ltp":1.83,"id":72963954}]}]}
{"op":"mcm","clk":"11948146925","pt":1724815106099,"mc":[{"id":"1.232320889","rc":[{"ltp":2.1,"id":47674067},{"ltp":1.93,"id":72963954}]}]}
{"op":"mcm","clk":"11948149496","pt":1724815165966,"mc":[{"id":"1.232320889","rc":[{"ltp":2.04,"id":47674067},{"ltp":1.94,"id":72963954}]}]}
{"op":"mcm","clk":"11948152059","pt":1724815226027,"mc":[{"id":"1.232320889","rc":[{"ltp":1.8,"id":47674067},{"ltp":2.06,"id":72963954}]}]}
{"op":"mcm","clk":"11948154910","pt":1724815285987,"mc":[{"id":"1.232320889","rc":[{"ltp":1.91,"id":47674067},{"ltp":2.08,"id":72963954}]}]}
{"op":"mcm","clk":"11948157614","pt":1724815346130,"mc":[{"id":"1.232320889","rc":[{"ltp":1.86,"id":47674067},{"ltp":2.16,"id":72963954}]}]}
{"op":"mcm","clk":"11948160578","pt":1724815406059,"mc":[{"id":"1.232320889","rc":[{"ltp":2.22,"id":47674067},{"ltp":1.83,"id":72963954}]}]}
{"op":"mcm","clk":"11948163579","pt":1724815466011,"mc":[{"id":"1.232320889","rc":[{"ltp":2.28,"id":47674067},{"ltp":1.79,"id":72963954}]}]}
{"op":"mcm","clk":"11948166367","pt":1724815526099,"mc":[{"id":"1.232320889","rc":[{"ltp":2.3,"id":47674067},{"ltp":1.75,"id":72963954}]}]}
{"op":"mcm","clk":"11948168897","pt":1724815585753,"mc":[{"id":"1.232320889","rc":[{"ltp":2.5,"id":47674067},{"ltp":1.66,"id":72963954}]}]}
{"op":"mcm","clk":"11948171808","pt":1724815646093,"mc":[{"id":"1.232320889","rc":[{"ltp":2.68,"id":47674067},{"ltp":1.6,"id":72963954}]}]}
{"op":"mcm","clk":"11948175125","pt":1724815705985,"mc":[{"id":"1.232320889","rc":[{"ltp":2.6,"id":47674067},{"ltp":1.62,"id":72963954}]}]}
{"op":"mcm","clk":"11948178153","pt":1724815766118,"mc":[{"id":"1.232320889","rc":[{"ltp":2.48,"id":47674067},{"ltp":1.67,"id":72963954}]}]}
{"op":"mcm","clk":"11948180961","pt":1724815825983,"mc":[{"id":"1.232320889","rc":[{"ltp":2.34,"id":47674067},{"ltp":1.75,"id":72963954}]}]}
{"op":"mcm","clk":"11948183764","pt":1724815885905,"mc":[{"id":"1.232320889","rc":[{"ltp":2.28,"id":47674067},{"ltp":1.78,"id":72963954}]}]}
{"op":"mcm","clk":"11948186707","pt":1724815945972,"mc":[{"id":"1.232320889","rc":[{"ltp":2.3,"id":47674067},{"ltp":1.77,"id":72963954}]}]}
{"op":"mcm","clk":"11948189461","pt":1724816005594,"mc":[{"id":"1.232320889","rc":[{"ltp":2.56,"id":47674067},{"ltp":1.64,"id":72963954}]}]}
{"op":"mcm","clk":"11948192219","pt":1724816065950,"mc":[{"id":"1.232320889","rc":[{"ltp":2.98,"id":47674067},{"ltp":1.55,"id":72963954}]}]}
{"op":"mcm","clk":"11948195150","pt":1724816126085,"mc":[{"id":"1.232320889","rc":[{"ltp":3.0,"id":47674067},{"ltp":1.49,"id":72963954}]}]}
{"op":"mcm","clk":"11948197834","pt":1724816186087,"mc":[{"id":"1.232320889","rc":[{"ltp":2.0,"id":47674067},{"ltp":1.91,"id":72963954}]}]}
{"op":"mcm","clk":"11948200534","pt":1724816246118,"mc":[{"id":"1.232320889","rc":[{"ltp":2.08,"id":47674067}]}]}
{"op":"mcm","clk":"11948203605","pt":1724816306102,"mc":[{"id":"1.232320889","rc":[{"ltp":2.06,"id":47674067},{"ltp":1.94,"id":72963954}]}]}
{"op":"mcm","clk":"11948206681","pt":1724816366070,"mc":[{"id":"1.232320889","rc":[{"ltp":2.2,"id":47674067},{"ltp":1.66,"id":72963954}]}]}
{"op":"mcm","clk":"11948209865","pt":1724816425816,"mc":[{"id":"1.232320889","rc":[{"ltp":2.42,"id":47674067},{"ltp":1.7,"id":72963954}]}]}
{"op":"mcm","clk":"11948212704","pt":1724816486038,"mc":[{"id":"1.232320889","rc":[{"ltp":2.6,"id":47674067},{"ltp":1.62,"id":72963954}]}]}
{"op":"mcm","clk":"11948218546","pt":1724816605978,"mc":[{"id":"1.232320889","rc":[{"ltp":2.96,"id":47674067},{"ltp":1.46,"id":72963954}]}]}
{"op":"mcm","clk":"11948221754","pt":1724816666074,"mc":[{"id":"1.232320889","rc":[{"ltp":3.5,"id":47674067},{"ltp":1.4,"id":72963954}]}]}
{"op":"mcm","clk":"11948225051","pt":1724816726135,"mc":[{"id":"1.232320889","rc":[{"ltp":4.2,"id":47674067},{"ltp":1.32,"id":72963954}]}]}
{"op":"mcm","clk":"11948228036","pt":1724816786090,"mc":[{"id":"1.232320889","rc":[{"ltp":3.9,"id":47674067},{"ltp":1.35,"id":72963954}]}]}
{"op":"mcm","clk":"11948231112","pt":1724816846129,"mc":[{"id":"1.232320889","rc":[{"ltp":4.0,"id":47674067},{"ltp":1.34,"id":72963954}]}]}
{"op":"mcm","clk":"11948233898","pt":1724816906108,"mc":[{"id":"1.232320889","rc":[{"ltp":4.3,"id":47674067},{"ltp":1.29,"id":72963954}]}]}
{"op":"mcm","clk":"11948236366","pt":1724816966105,"mc":[{"id":"1.232320889","rc":[{"ltp":4.8,"id":47674067},{"ltp":1.27,"id":72963954}]}]}
{"op":"mcm","clk":"11948238739","pt":1724817026040,"mc":[{"id":"1.232320889","rc":[{"ltp":5.0,"id":47674067},{"ltp":1.25,"id":72963954}]}]}
{"op":"mcm","clk":"11948241029","pt":1724817085983,"mc":[{"id":"1.232320889","rc":[{"ltp":4.8,"id":47674067},{"ltp":1.26,"id":72963954}]}]}
{"op":"mcm","clk":"11948243305","pt":1724817146074,"mc":[{"id":"1.232320889","rc":[{"ltp":5.0,"id":47674067},{"ltp":1.27,"id":72963954}]}]}
{"op":"mcm","clk":"11948245726","pt":1724817206125,"mc":[{"id":"1.232320889","rc":[{"ltp":4.3,"id":47674067},{"ltp":1.32,"id":72963954}]}]}
{"op":"mcm","clk":"11948248253","pt":1724817265976,"mc":[{"id":"1.232320889","rc":[{"ltp":4.2,"id":47674067},{"ltp":1.31,"id":72963954}]}]}
{"op":"mcm","clk":"11948250459","pt":1724817326030,"mc":[{"id":"1.232320889","rc":[{"ltp":1.3,"id":72963954}]}]}
{"op":"mcm","clk":"11948253106","pt":1724817386121,"mc":[{"id":"1.232320889","rc":[{"ltp":4.0,"id":47674067},{"ltp":1.33,"id":72963954}]}]}
{"op":"mcm","clk":"11948255469","pt":1724817446058,"mc":[{"id":"1.232320889","rc":[{"ltp":3.5,"id":47674067},{"ltp":1.38,"id":72963954}]}]}
{"op":"mcm","clk":"11948258120","pt":1724817506059,"mc":[{"id":"1.232320889","rc":[{"ltp":3.75,"id":47674067},{"ltp":1.36,"id":72963954}]}]}
{"op":"mcm","clk":"11948260867","pt":1724817566129,"mc":[{"id":"1.232320889","rc":[{"ltp":4.1,"id":47674067},{"ltp":1.32,"id":72963954}]}]}
{"op":"mcm","clk":"11948263696","pt":1724817626088,"mc":[{"id":"1.232320889","rc":[{"ltp":5.0,"id":47674067},{"ltp":1.24,"id":72963954}]}]}
{"op":"mcm","clk":"11948267549","pt":1724817685870,"mc":[{"id":"1.232320889","rc":[{"ltp":5.3,"id":47674067},{"ltp":1.23,"id":72963954}]}]}
{"op":"mcm","clk":"11948270534","pt":1724817746104,"mc":[{"id":"1.232320889","rc":[{"ltp":5.1,"id":47674067},{"ltp":1.24,"id":72963954}]}]}
{"op":"mcm","clk":"11948273255","pt":1724817806088,"mc":[{"id":"1.232320889","rc":[{"ltp":4.4,"id":47674067},{"ltp":1.27,"id":72963954}]}]}
{"op":"mcm","clk":"11948275879","pt":1724817866054,"mc":[{"id":"1.232320889","rc":[{"ltp":5.0,"id":47674067},{"ltp":1.25,"id":72963954}]}]}
{"op":"mcm","clk":"11948278992","pt":1724817926123,"mc":[{"id":"1.232320889","rc":[{"ltp":4.4,"id":47674067},{"ltp":1.29,"id":72963954}]}]}
{"op":"mcm","clk":"11948281694","pt":1724817986087,"mc":[{"id":"1.232320889","rc":[{"ltp":4.2,"id":47674067},{"ltp":1.3,"id":72963954}]}]}
{"op":"mcm","clk":"11948284536","pt":1724818046040,"mc":[{"id":"1.232320889","rc":[{"ltp":3.9,"id":47674067},{"ltp":1.34,"id":72963954}]}]}
{"op":"mcm","clk":"11948286809","pt":1724818106075,"mc":[{"id":"1.232320889","rc":[{"ltp":3.7,"id":47674067}]}]}
{"op":"mcm","clk":"11948289649","pt":1724818166123,"mc":[{"id":"1.232320889","rc":[{"ltp":3.85,"id":47674067},{"ltp":1.35,"id":72963954}]}]}
{"op":"mcm","clk":"11948294073","pt":1724818286084,"mc":[{"id":"1.232320889","rc":[{"ltp":3.9,"id":47674067},{"ltp":1.34,"id":72963954}]}]}
{"op":"mcm","clk":"11948296368","pt":1724818345849,"mc":[{"id":"1.232320889","rc":[{"ltp":4.0,"id":47674067}]}]}
{"op":"mcm","clk":"11948298831","pt":1724818406126,"mc":[{"id":"1.232320889","rc":[{"ltp":4.4,"id":47674067},{"ltp":1.29,"id":72963954}]}]}
{"op":"mcm","clk":"11948301304","pt":1724818466135,"mc":[{"id":"1.232320889","rc":[{"ltp":2.66,"id":47674067},{"ltp":1.6,"id":72963954}]}]}
{"op":"mcm","clk":"11948303972","pt":1724818526088,"mc":[{"id":"1.232320889","rc":[{"ltp":2.78,"id":47674067},{"ltp":1.55,"id":72963954}]}]}
{"op":"mcm","clk":"11948306422","pt":1724818586135,"mc":[{"id":"1.232320889","rc":[{"ltp":2.88,"id":47674067},{"ltp":1.59,"id":72963954}]}]}
{"op":"mcm","clk":"11948308896","pt":1724818646106,"mc":[{"id":"1.232320889","rc":[{"ltp":3.15,"id":47674067},{"ltp":1.47,"id":72963954}]}]}
{"op":"mcm","clk":"11948311303","pt":1724818705958,"mc":[{"id":"1.232320889","rc":[{"ltp":5.0,"id":47674067},{"ltp":1.25,"id":72963954}]}]}
{"op":"mcm","clk":"11948313942","pt":1724818766060,"mc":[{"id":"1.232320889","rc":[{"ltp":6.8,"id":47674067},{"ltp":1.15,"id":72963954}]}]}
{"op":"mcm","clk":"11948316467","pt":1724818826126,"mc":[{"id":"1.232320889","rc":[{"ltp":10.0,"id":47674067},{"ltp":1.1,"id":72963954}]}]}
{"op":"mcm","clk":"11948318811","pt":1724818886088,"mc":[{"id":"1.232320889","rc":[{"ltp":11.0,"id":47674067}]}]}
{"op":"mcm","clk":"11948321207","pt":1724818946028,"mc":[{"id":"1.232320889","rc":[{"ltp":9.2,"id":47674067},{"ltp":1.12,"id":72963954}]}]}
{"op":"mcm","clk":"11948323366","pt":1724819005978,"mc":[{"id":"1.232320889","rc":[{"ltp":8.8,"id":47674067},{"ltp":1.13,"id":72963954}]}]}
{"op":"mcm","clk":"11948325433","pt":1724819065948,"mc":[{"id":"1.232320889","rc":[{"ltp":9.2,"id":47674067},{"ltp":1.12,"id":72963954}]}]}
{"op":"mcm","clk":"11948327431","pt":1724819126118,"mc":[{"id":"1.232320889","rc":[{"ltp":3.5,"id":47674067},{"ltp":1.4,"id":72963954}]}]}
{"op":"mcm","clk":"11948329426","pt":1724819186073,"mc":[{"id":"1.232320889","rc":[{"ltp":4.0,"id":47674067},{"ltp":1.33,"id":72963954}]}]}
{"op":"mcm","clk":"11948331508","pt":1724819246042,"mc":[{"id":"1.232320889","rc":[{"ltp":4.3,"id":47674067},{"ltp":1.31,"id":72963954}]}]}
{"op":"mcm","clk":"11948333736","pt":1724819306084,"mc":[{"id":"1.232320889","rc":[{"ltp":4.8,"id":47674067},{"ltp":1.26,"id":72963954}]}]}
{"op":"mcm","clk":"11948336019","pt":1724819366056,"mc":[{"id":"1.232320889","rc":[{"ltp":1000.0,"id":47674067},{"ltp":1.01,"id":72963954}]}]}
{"op":"mcm","clk":"11948338077","pt":1724819425242,"mc":[{"id":"1.232320889","marketDefinition":{"bspMarket":false,"turnInPlayEnabled":true,"persistenceEnabled":true,"marketBaseRate":5.0,"eventId":"33529195","eventTypeId":"4","numberOfWinners":1,"bettingType":"ODDS","marketType":"MATCH_ODDS","marketTime":"2024-08-28T00:00:00.000Z","suspendTime":"2024-08-28T00:00:00.000Z","bspReconciled":false,"complete":true,"inPlay":true,"crossMatching":true,"runnersVoidable":false,"numberOfActiveRunners":2,"betDelay":5,"status":"SUSPENDED","runners":[{"status":"ACTIVE","sortPriority":1,"id":47674067,"name":"Barbados Royals W"},{"status":"ACTIVE","sortPriority":2,"id":72963954,"name":"Trinidad Knight Riders W"}],"regulators":["MR_INT"],"countryCode":"GB","discountAllowed":true,"timezone":"GMT","openDate":"2024-08-28T00:00:00.000Z","version":6104566364,"name":"Match Odds","eventName":"Barbados Royals W v Trinidad Knight Riders W"}}]}
{"op":"mcm","clk":"11948345026","pt":1724819636522,"mc":[{"id":"1.232320889","marketDefinition":{"bspMarket":false,"turnInPlayEnabled":true,"persistenceEnabled":true,"marketBaseRate":5.0,"eventId":"33529195","eventTypeId":"4","numberOfWinners":1,"bettingType":"ODDS","marketType":"MATCH_ODDS","marketTime":"2024-08-28T00:00:00.000Z","suspendTime":"2024-08-28T00:00:00.000Z","bspReconciled":false,"complete":true,"inPlay":true,"crossMatching":false,"runnersVoidable":false,"numberOfActiveRunners":0,"betDelay":5,"status":"CLOSED","settledTime":"2024-08-28T04:33:07.000Z","runners":[{"status":"LOSER","sortPriority":1,"id":47674067,"name":"Barbados Royals W"},{"status":"WINNER","sortPriority":2,"id":72963954,"name":"Trinidad Knight Riders W"}],"regulators":["MR_INT"],"countryCode":"GB","discountAllowed":true,"timezone":"GMT","openDate":"2024-08-28T00:00:00.000Z","version":6104566830,"name":"Match Odds","eventName":"Barbados Royals W v Trinidad Knight Riders W"}}]}
