{"op":"mcm","clk":"11766845118","pt":1722162509507,"mc":[{"id":"1.231174262","marketDefinition":{"bspMarket":false,"turnInPlayEnabled":true,"persistenceEnabled":true,"marketBaseRate":5.0,"eventId":"33450161","eventTypeId":"4","numberOfWinners":1,"bettingType":"ODDS","marketType":"MATCH_ODDS","marketTime":"2024-08-01T10:30:00.000Z","suspendTime":"2024-08-01T10:30:00.000Z","bspReconciled":false,"complete":true,"inPlay":false,"crossMatching":true,"runnersVoidable":false,"numberOfActiveRunners":2,"betDelay":0,"status":"OPEN","runners":[{"status":"ACTIVE","sortPriority":1,"id":40096576,"name":"London Spirit Women"},{"status":"ACTIVE","sortPriority":2,"id":40096581,"name":"Welsh Fire Women"}],"regulators":["MR_INT"],"countryCode":"GB","discountAllowed":true,"timezone":"GMT","openDate":"2024-08-01T10:30:00.000Z","version":6044269217,"name":"Match Odds","eventName":"London Spirit Women v Welsh Fire Women"}}]}
{"op":"mcm","clk":"11770729725","pt":1722195112095,"mc":[{"id":"1.231174262","rc":[{"ltp":1.69,"id":40096576}]}]}
{"op":"mcm","clk":"11772566781","pt":1722236241341,"mc":[{"id":"1.231174262","rc":[{"ltp":1.76,"id":40096576},{"ltp":2.32,"id":40096581}]}]}
{"op":"mcm","clk":"11772567406","pt":1722236276477,"mc":[{"id":"1.231174262","rc":[{"ltp":1.81,"id":40096576},{"ltp":2.24,"id":40096581}]}]}
{"op":"mcm","clk":"11776446553","pt":1722321952928,"mc":[{"id":"1.231174262","rc":[{"ltp":1.8,"id":40096576}]}]}
{"op":"mcm","clk":"11780011997","pt":1722359175804,"mc":[{"id":"1.231174262","rc":[{"ltp":1.7,"id":40096576}]}]}
{"op":"mcm","clk":"11780391953","pt":1722362435736,"mc":[{"id":"1.231174262","rc":[{"ltp":1.65,"id":40096576}]}]}
{"op":"mcm","clk":"11782709356","pt":1722398750196,"mc":[{"id":"1.231174262","rc":[{"ltp":1.8,"id":40096576}]}]}
{"op":"mcm","clk":"11783811334","pt":1722422664724,"mc":[{"id":"1.231174262","rc":[{"ltp":1.72,"id":40096576}]}]}
{"op":"mcm","clk":"11783812277","pt":1722422681928,"mc":[{"id":"1.231174262","rc":[{"ltp":1.75,"id":40096576},{"ltp":2.32,"id":40096581}]}]}
{"op":"mcm","clk":"11787088190","pt":1722453959723,"mc":[{"id":"1.231174262","rc":[{"ltp":1.6,"id":40096576}]}]}
{"op":"mcm","clk":"11787334865","pt":1722456804084,"mc":[{"id":"1.231174262","rc":[{"ltp":2.3,"id":40096581}]}]}
{"op":"mcm","clk":"11787339119","pt":1722456864562,"mc":[{"id":"1.231174262","rc":[{"ltp":1.79,"id":40096576},{"ltp":2.24,"id":40096581}]}]}
{"op":"mcm","clk":"11787475360","pt":1722459345382,"mc":[{"id":"1.231174262","rc":[{"ltp":1.81,"id":40096576}]}]}
{"op":"mcm","clk":"11787558115","pt":1722461239618,"mc":[{"id":"1.231174262","rc":[{"ltp":1.78,"id":40096576}]}]}
{"op":"mcm","clk":"11787604345","pt":1722462147305,"mc":[{"id":"1.231174262","rc":[{"ltp":1.79,"id":40096576}]}]}
{"op":"mcm","clk":"11787871719","pt":1722467071348,"mc":[{"id":"1.231174262","rc":[{"ltp":1.76,"id":40096576}]}]}
{"op":"mcm","clk":"11787932557","pt":1722467964815,"mc":[{"id":"1.231174262","rc":[{"ltp":1.81,"id":40096576}]}]}
{"op":"mcm","clk":"11787968033","pt":1722468567326,"mc":[{"id":"1.231174262","rc":[{"ltp":1.79,"id":40096576}]}]}
{"op":"mcm","clk":"11787973452","pt":1722468669262,"mc":[{"id":"1.231174262","rc":[{"ltp":1.8,"id":40096576}]}]}
{"op":"mcm","clk":"11788163299","pt":1722471920486,"mc":[{"id":"1.231174262","rc":[{"ltp":1.81,"id":40096576}]}]}
{"op":"mcm","clk":"11788236392","pt":1722472946088,"mc":[{"id":"1.231174262","rc":[{"ltp":1.8,"id":40096576}]}]}
{"op":"mcm","clk":"11788282070","pt":1722473486673,"mc":[{"id":"1.231174262","rc":[{"ltp":1.79,"id":40096576}]}]}
{"op":"mcm","clk":"11788506164","pt":1722476437239,"mc":[{"id":"1.231174262","rc":[{"ltp":1.8,"id":40096576}]}]}
{"op":"mcm","clk":"11788663353","pt":1722478386713,"mc":[{"id":"1.231174262","rc":[{"ltp":1.79,"id":40096576}]}]}
{"op":"mcm","clk":"11789077143","pt":1722487226233,"mc":[{"id":"1.231174262","rc":[{"ltp":2.26,"id":40096581}]}]}
{"op":"mcm","clk":"11789079691","pt":1722487279574,"mc":[{"id":"1.231174262","rc":[{"ltp":2.24,"id":40096581}]}]}
{"op":"mcm","clk":"11789128924","pt":1722488651766,"mc":[{"id":"1.231174262","rc":[{"ltp":1.8,"id":40096576}]}]}
{"op":"mcm","clk":"11789136975","pt":1722488819774,"mc":[{"id":"1.231174262","rc":[{"ltp":1.79,"id":40096576}]}]}
{"op":"mcm","clk":"11789143567","pt":1722488976788,"mc":[{"id":"1.231174262","rc":[{"ltp":1.8,"id":40096576}]}]}
{"op":"mcm","clk":"11789163037","pt":1722489296852,"mc":[{"id":"1.231174262","rc":[{"ltp":1.79,"id":40096576}]}]}
{"op":"mcm","clk":"11789191060","pt":1722490000674,"mc":[{"id":"1.231174262","rc":[{"ltp":1.8,"id":40096576}]}]}
{"op":"mcm","clk":"11789207318","pt":1722490519988,"mc":[{"id":"1.231174262","rc":[{"ltp":1.79,"id":40096576}]}]}
{"op":"mcm","clk":"11789219552","pt":1722490866135,"mc":[{"id":"1.231174262","rc":[{"ltp":2.26,"id":40096581}]}]}
{"op":"mcm","clk":"11789229187","pt":1722491094708,"mc":[{"id":"1.231174262","rc":[{"ltp":1.8,"id":40096576},{"ltp":2.24,"id":40096581}]}]}
{"op":"mcm","clk":"11789248425","pt":1722491604266,"mc":[{"id":"1.231174262","rc":[{"ltp":2.26,"id":40096581}]}]}
{"op":"mcm","clk":"11789249636","pt":1722491638812,"mc":[{"id":"1.231174262","rc":[{"ltp":2.24,"id":40096581}]}]}
{"op":"mcm","clk":"11789253817","pt":1722491764936,"mc":[{"id":"1.231174262","rc":[{"ltp":1.79,"id":40096576}]}]}
{"op":"mcm","clk":"11789299165","pt":1722492913599,"mc":[{"id":"1.231174262","rc":[{"ltp":1.8,"id":40096576}]}]}
{"op":"mcm","clk":"11789301745","pt":1722492985858,"mc":[{"id":"1.231174262","rc":[{"ltp":1.79,"id":40096576}]}]}
{"op":"mcm","clk":"11789303568","pt":1722493037834,"mc":[{"id":"1.231174262","rc":[{"ltp":1.8,"id":40096576}]}]}
{"op":"mcm","clk":"11789309409","pt":1722493187323,"mc":[{"id":"1.231174262","rc":[{"ltp":1.79,"id":40096576}]}]}
{"op":"mcm","clk":"11789314796","pt":1722493306121,"mc":[{"id":"1.231174262","rc":[{"ltp":1.8,"id":40096576}]}]}
{"op":"mcm","clk":"11789330970","pt":1722493705302,"mc":[{"id":"1.231174262","rc":[{"ltp":1.79,"id":40096576}]}]}
{"op":"mcm","clk":"11789338515","pt":1722493887273,"mc":[{"id":"1.231174262","rc":[{"ltp":1.8,"id":40096576}]}]}
{"op":"mcm","clk":"11789345268","pt":1722494051105,"mc":[{"id":"1.231174262","rc":[{"ltp":1.79,"id":40096576}]}]}
{"op":"mcm","clk":"11789348987","pt":1722494128133,"mc":[{"id":"1.231174262","rc":[{"ltp":1.8,"id":40096576}]}]}
{"op":"mcm","clk":"11789365462","pt":1722494457139,"mc":[{"id":"1.231174262","rc":[{"ltp":1.79,"id":40096576}]}]}
{"op":"mcm","clk":"11789383219","pt":1722494751265,"mc":[{"id":"1.231174262","rc":[{"ltp":1.8,"id":40096576}]}]}
{"op":"mcm","clk":"11789388715","pt":1722494909652,"mc":[{"id":"1.231174262","rc":[{"ltp":1.79,"id":40096576}]}]}
{"op":"mcm","clk":"11789393425","pt":1722495036316,"mc":[{"id":"1.231174262","rc":[{"ltp":1.8,"id":40096576}]}]}
{"op":"mcm","clk":"11789422052","pt":1722495657503,"mc":[{"id":"1.231174262","rc":[{"ltp":1.79,"id":40096576}]}]}
{"op":"mcm","clk":"11789445718","pt":1722496226539,"mc":[{"id":"1.231174262","rc":[{"ltp":1.8,"id":40096576}]}]}
{"op":"mcm","clk":"11789453099","pt":1722496388796,"mc":[{"id":"1.231174262","rc":[{"ltp":1.79,"id":40096576}]}]}
{"op":"mcm","clk":"11789455839","pt":1722496450600,"mc":[{"id":"1.231174262","rc":[{"ltp":1.8,"id":40096576}]}]}
{"op":"mcm","clk":"11789462414","pt":1722496576376,"mc":[{"id":"1.231174262","rc":[{"ltp":1.79,"id":40096576}]}]}
{"op":"mcm","clk":"11789466033","pt":1722496665243,"mc":[{"id":"1.231174262","rc":[{"ltp":1.8,"id":40096576}]}]}
{"op":"mcm","clk":"11789472036","pt":1722496870141,"mc":[{"id":"1.231174262","rc":[{"ltp":1.79,"id":40096576}]}]}
{"op":"mcm","clk":"11789473391","pt":1722496914090,"mc":[{"id":"1.231174262","rc":[{"ltp":1.8,"id":40096576}]}]}
{"op":"mcm","clk":"11789483531","pt":1722497238458,"mc":[{"id":"1.231174262","rc":[{"ltp":1.79,"id":40096576}]}]}
{"op":"mcm","clk":"11789502040","pt":1722497722623,"mc":[{"id":"1.231174262","rc":[{"ltp":1.84,"id":40096576},{"ltp":2.22,"id":40096581}]}]}
{"op":"mcm","clk":"11789505035","pt":1722497785584,"mc":[{"id":"1.231174262","rc":[{"ltp":2.24,"id":40096581}]}]}
{"op":"mcm","clk":"11789512302","pt":1722497957528,"mc":[{"id":"1.231174262","rc":[{"ltp":1.81,"id":40096576}]}]}
{"op":"mcm","clk":"11789523257","pt":1722498245684,"mc":[{"id":"1.231174262","rc":[{"ltp":2.22,"id":40096581}]}]}
{"op":"mcm","clk":"11789547520","pt":1722498913013,"mc":[{"id":"1.231174262","rc":[{"ltp":2.24,"id":40096581}]}]}
{"op":"mcm","clk":"11789550150","pt":1722498983585,"mc":[{"id":"1.231174262","rc":[{"ltp":1.8,"id":40096576}]}]}
{"op":"mcm","clk":"11789552856","pt":1722499049583,"mc":[{"id":"1.231174262","rc":[{"ltp":2.22,"id":40096581}]}]}
{"op":"mcm","clk":"11789556876","pt":1722499156892,"mc":[{"id":"1.231174262","rc":[{"ltp":1.81,"id":40096576}]}]}
{"op":"mcm","clk":"11789561208","pt":1722499274792,"mc":[{"id":"1.231174262","rc":[{"ltp":1.8,"id":40096576}]}]}
{"op":"mcm","clk":"11789563622","pt":1722499344185,"mc":[{"id":"1.231174262","rc":[{"ltp":2.24,"id":40096581}]}]}
{"op":"mcm","clk":"11789571361","pt":1722499569832,"mc":[{"id":"1.231174262","rc":[{"ltp":1.81,"id":40096576}]}]}
{"op":"mcm","clk":"11789573829","pt":1722499641403,"mc":[{"id":"1.231174262","rc":[{"ltp":1.79,"id":40096576},{"ltp":2.26,"id":40096581}]}]}
{"op":"mcm","clk":"11789580020","pt":1722499820921,"mc":[{"id":"1.231174262","rc":[{"ltp":1.8,"id":40096576}]}]}
{"op":"mcm","clk":"11789621231","pt":1722500423925,"mc":[{"id":"1.231174262","rc":[{"ltp":1.79,"id":40096576}]}]}
{"op":"mcm","clk":"11789623805","pt":1722500485414,"mc":[{"id":"1.231174262","rc":[{"ltp":1.78,"id":40096576}]}]}
{"op":"mcm","clk":"11789628213","pt":1722500600870,"mc":[{"id":"1.231174262","rc":[{"ltp":1.79,"id":40096576}]}]}
{"op":"mcm","clk":"11789633680","pt":1722500785209,"mc":[{"id":"1.231174262","rc":[{"ltp":1.8,"id":40096576}]}]}
{"op":"mcm","clk":"11789637296","pt":1722500905440,"mc":[{"id":"1.231174262","rc":[{"ltp":1.79,"id":40096576}]}]}
{"op":"mcm","clk":"11789651901","pt":1722501324995,"mc":[{"id":"1.231174262","rc":[{"ltp":1.8,"id":40096576},{"ltp":2.24,"id":40096581}]}]}
{"op":"mcm","clk":"11789658690","pt":1722501497395,"mc":[{"id":"1.231174262","rc":[{"ltp":2.26,"id":40096581}]}]}
{"op":"mcm","clk":"11789664016","pt":1722501609527,"mc":[{"id":"1.231174262","rc":[{"ltp":2.24,"id":40096581}]}]}
{"op":"mcm","clk":"11789670513","pt":1722501740273,"mc":[{"id":"1.231174262","rc":[{"ltp":1.79,"id":40096576}]}]}
{"op":"mcm","clk":"11789673354","pt":1722501807469,"mc":[{"id":"1.231174262","rc":[{"ltp":2.26,"id":40096581}]}]}
{"op":"mcm","clk":"11789683128","pt":1722502029001,"mc":[{"id":"1.231174262","rc":[{"ltp":2.28,"id":40096581}]}]}
{"op":"mcm","clk":"11789693327","pt":1722502277546,"mc":[{"id":"1.231174262","rc":[{"ltp":1.77,"id":40096576}]}]}
{"op":"mcm","clk":"11789701206","pt":1722502464754,"mc":[{"id":"1.231174262","rc":[{"ltp":1.78,"id":40096576}]}]}
{"op":"mcm","clk":"11789719937","pt":1722502873129,"mc":[{"id":"1.231174262","rc":[{"ltp":1.76,"id":40096576}]}]}
{"op":"mcm","clk":"11789723390","pt":1722502941983,"mc":[{"id":"1.231174262","rc":[{"ltp":1.78,"id":40096576}]}]}
{"op":"mcm","clk":"11789726320","pt":1722503005373,"mc":[{"id":"1.231174262","rc":[{"ltp":1.79,"id":40096576}]}]}
{"op":"mcm","clk":"11789726819","pt":1722503015858,"mc":[{"id":"1.231174262","rc":[{"ltp":1.78,"id":40096576}]}]}
{"op":"mcm","clk":"11789731324","pt":1722503118853,"mc":[{"id":"1.231174262","rc":[{"ltp":1.79,"id":40096576}]}]}
{"op":"mcm","clk":"11789732949","pt":1722503160691,"mc":[{"id":"1.231174262","rc":[{"ltp":2.24,"id":40096581}]}]}
{"op":"mcm","clk":"11789738497","pt":1722503306809,"mc":[{"id":"1.231174262","rc":[{"ltp":1.8,"id":40096576}]}]}
{"op":"mcm","clk":"11789757246","pt":1722503705628,"mc":[{"id":"1.231174262","rc":[{"ltp":1.79,"id":40096576}]}]}
{"op":"mcm","clk":"11789760566","pt":1722503767504,"mc":[{"id":"1.231174262","rc":[{"ltp":1.8,"id":40096576}]}]}
{"op":"mcm","clk":"11789765475","pt":1722503847040,"mc":[{"id":"1.231174262","rc":[{"ltp":2.22,"id":40096581}]}]}
{"op":"mcm","clk":"11789773974","pt":1722504004401,"mc":[{"id":"1.231174262","rc":[{"ltp":1.81,"id":40096576}]}]}
{"op":"mcm","clk":"11789776630","pt":1722504054852,"mc":[{"id":"1.231174262","rc":[{"ltp":1.8,"id":40096576}]}]}
{"op":"mcm","clk":"11789782372","pt":1722504146805,"mc":[{"id":"1.231174262","rc":[{"ltp":1.81,"id":40096576}]}]}
{"op":"mcm","clk":"11789792287","pt":1722504311877,"mc":[{"id":"1.231174262","rc":[{"ltp":1.8,"id":40096576}]}]}
{"op":"mcm","clk":"11789795452","pt":1722504371232,"mc":[{"id":"1.231174262","rc":[{"ltp":2.26,"id":40096581}]}]}
{"op":"mcm","clk":"11789799058","pt":1722504440137,"mc":[{"id":"1.231174262","rc":[{"ltp":2.22,"id":40096581}]}]}
{"op":"mcm","clk":"11789801160","pt":1722504481455,"mc":[{"id":"1.231174262","rc":[{"ltp":1.81,"id":40096576}]}]}
{"op":"mcm","clk":"11789804839","pt":1722504556066,"mc":[{"id":"1.231174262","rc":[{"ltp":2.26,"id":40096581}]}]}
{"op":"mcm","clk":"11789813738","pt":1722504726188,"mc":[{"id":"1.231174262","rc":[{"ltp":2.22,"id":40096581}]}]}
{"op":"mcm","clk":"11789820599","pt":1722504866669,"mc":[{"id":"1.231174262","rc":[{"ltp":1.8,"id":40096576}]}]}
{"op":"mcm","clk":"11789835108","pt":1722505165318,"mc":[{"id":"1.231174262","rc":[{"ltp":2.26,"id":40096581}]}]}
{"op":"mcm","clk":"11789836532","pt":1722505190134,"mc":[{"id":"1.231174262","rc":[{"ltp":1.79,"id":40096576}]}]}
{"op":"mcm","clk":"11789841313","pt":1722505271274,"mc":[{"id":"1.231174262","rc":[{"ltp":2.24,"id":40096581}]}]}
{"op":"mcm","clk":"11789864686","pt":1722505559235,"mc":[{"id":"1.231174262","rc":[{"ltp":1.8,"id":40096576}]}]}
{"op":"mcm","clk":"11789868823","pt":1722505639595,"mc":[{"id":"1.231174262","rc":[{"ltp":1.78,"id":40096576}]}]}
{"op":"mcm","clk":"11789874706","pt":1722505766540,"mc":[{"id":"1.231174262","rc":[{"ltp":1.81,"id":40096576}]}]}
{"op":"mcm","clk":"11789877329","pt":1722505823134,"mc":[{"id":"1.231174262","rc":[{"ltp":1.79,"id":40096576}]}]}
{"op":"mcm","clk":"11789883674","pt":1722505945775,"mc":[{"id":"1.231174262","rc":[{"ltp":1.78,"id":40096576},{"ltp":2.3,"id":40096581}]}]}
{"op":"mcm","clk":"11789886921","pt":1722506003904,"mc":[{"id":"1.231174262","rc":[{"ltp":2.28,"id":40096581}]}]}
{"op":"mcm","clk":"11789894127","pt":1722506122253,"mc":[{"id":"1.231174262","rc":[{"ltp":2.26,"id":40096581}]}]}
{"op":"mcm","clk":"11789898437","pt":1722506186575,"mc":[{"id":"1.231174262","rc":[{"ltp":1.79,"id":40096576},{"ltp":2.24,"id":40096581}]}]}
{"op":"mcm","clk":"11789905372","pt":1722506290666,"mc":[{"id":"1.231174262","rc":[{"ltp":2.26,"id":40096581}]}]}
{"op":"mcm","clk":"11789919191","pt":1722506487326,"mc":[{"id":"1.231174262","rc":[{"ltp":1.76,"id":40096576},{"ltp":2.28,"id":40096581}]}]}
{"op":"mcm","clk":"11789922578","pt":1722506539385,"mc":[{"id":"1.231174262","rc":[{"ltp":1.77,"id":40096576}]}]}
{"op":"mcm","clk":"11789926740","pt":1722506606392,"mc":[{"id":"1.231174262","rc":[{"ltp":1.73,"id":40096576},{"ltp":2.34,"id":40096581}]}]}
{"op":"mcm","clk":"11789929644","pt":1722506657622,"mc":[{"id":"1.231174262","rc":[{"ltp":1.74,"id":40096576},{"ltp":2.36,"id":40096581}]}]}
{"op":"mcm","clk":"11789933297","pt":1722506724910,"mc":[{"id":"1.231174262","rc":[{"ltp":1.71,"id":40096576},{"ltp":2.38,"id":40096581}]}]}
{"op":"mcm","clk":"11789936770","pt":1722506786973,"mc":[{"id":"1.231174262","rc":[{"ltp":1.68,"id":40096576},{"ltp":2.48,"id":40096581}]}]}
{"op":"mcm","clk":"11789940116","pt":1722506847430,"mc":[{"id":"1.231174262","rc":[{"ltp":1.71,"id":40096576},{"ltp":2.42,"id":40096581}]}]}
{"op":"mcm","clk":"11789943589","pt":1722506907093,"mc":[{"id":"1.231174262","rc":[{"ltp":1.7,"id":40096576}]}]}
{"op":"mcm","clk":"11789946850","pt":1722506966990,"mc":[{"id":"1.231174262","rc":[{"ltp":1.69,"id":40096576},{"ltp":2.48,"id":40096581}]}]}
{"op":"mcm","clk":"11789950434","pt":1722507025159,"mc":[{"id":"1.231174262","rc":[{"ltp":1.68,"id":40096576},{"ltp":2.44,"id":40096581}]}]}
{"op":"mcm","clk":"11789954201","pt":1722507086761,"mc":[{"id":"1.231174262","rc":[{"ltp":1.69,"id":40096576},{"ltp":2.42,"id":40096581}]}]}
{"op":"mcm","clk":"11789957602","pt":1722507146828,"mc":[{"id":"1.231174262","rc":[{"ltp":1.7,"id":40096576}]}]}
{"op":"mcm","clk":"11789960979","pt":1722507207353,"mc":[{"id":"1.231174262","rc":[{"ltp":1.69,"id":40096576}]}]}
{"op":"mcm","clk":"11789964164","pt":1722507265190,"mc":[{"id":"1.231174262","rc":[{"ltp":1.7,"id":40096576}]}]}
{"op":"mcm","clk":"11789968059","pt":1722507327328,"mc":[{"id":"1.231174262","rc":[{"ltp":1.71,"id":40096576}]}]}
{"op":"mcm","clk":"11789971828","pt":1722507386983,"mc":[{"id":"1.231174262","rc":[{"ltp":1.73,"id":40096576},{"ltp":2.38,"id":40096581}]}]}
{"op":"mcm","clk":"11789975718","pt":1722507447459,"mc":[{"id":"1.231174262","rc":[{"ltp":1.75,"id":40096576},{"ltp":2.32,"id":40096581}]}]}
{"op":"mcm","clk":"11789980143","pt":1722507507441,"mc":[{"id":"1.231174262","rc":[{"ltp":1.76,"id":40096576},{"ltp":2.3,"id":40096581}]}]}
{"op":"mcm","clk":"11789984237","pt":1722507567151,"mc":[{"id":"1.231174262","rc":[{"ltp":1.74,"id":40096576},{"ltp":2.36,"id":40096581}]}]}
{"op":"mcm","clk":"11789987915","pt":1722507625021,"mc":[{"id":"1.231174262","rc":[{"ltp":1.75,"id":40096576},{"ltp":2.32,"id":40096581}]}]}
{"op":"mcm","clk":"11789991690","pt":1722507686903,"mc":[{"id":"1.231174262","rc":[{"ltp":1.73,"id":40096576},{"ltp":2.34,"id":40096581}]}]}
{"op":"mcm","clk":"11789999254","pt":1722507807341,"mc":[{"id":"1.231174262","rc":[{"ltp":1.75,"id":40096576},{"ltp":2.32,"id":40096581}]}]}
{"op":"mcm","clk":"11790003311","pt":1722507867015,"mc":[{"id":"1.231174262","rc":[{"ltp":1.74,"id":40096576},{"ltp":2.34,"id":40096581}]}]}
{"op":"mcm","clk":"11790007284","pt":1722507927201,"mc":[{"id":"1.231174262","rc":[{"ltp":2.32,"id":40096581}]}]}
{"op":"mcm","clk":"11790010892","pt":1722507987389,"mc":[{"id":"1.231174262","rc":[{"ltp":1.73,"id":40096576},{"ltp":2.36,"id":40096581}]}]}
{"op":"mcm","clk":"11790014474","pt":1722508047482,"mc":[{"id":"1.231174262","rc":[{"ltp":1.72,"id":40096576},{"ltp":2.38,"id":40096581}]}]}
{"op":"mcm","clk":"11790021671","pt":1722508167127,"mc":[{"id":"1.231174262","rc":[{"ltp":2.36,"id":40096581}]}]}
{"op":"mcm","clk":"11790025593","pt":1722508227329,"mc":[{"id":"1.231174262","marketDefinition":{"bspMarket":false,"turnInPlayEnabled":true,"persistenceEnabled":true,"marketBaseRate":5.0,"eventId":"33450161","eventTypeId":"4","numberOfWinners":1,"bettingType":"ODDS","marketType":"MATCH_ODDS","marketTime":"2024-08-01T10:30:00.000Z","suspendTime":"2024-08-01T10:30:00.000Z","bspReconciled":false,"complete":true,"inPlay":true,"crossMatching":true,"runnersVoidable":false,"numberOfActiveRunners":2,"betDelay":5,"status":"OPEN","runners":[{"status":"ACTIVE","sortPriority":1,"id":40096576,"name":"London Spirit Women"},{"status":"ACTIVE","sortPriority":2,"id":40096581,"name":"Welsh Fire Women"}],"regulators":["MR_INT"],"countryCode":"GB","discountAllowed":true,"timezone":"GMT","openDate":"2024-08-01T10:30:00.000Z","version":6050194567,"name":"Match Odds","eventName":"London Spirit Women v Welsh Fire Women"},"rc":[{"ltp":1.69,"id":40096576},{"ltp":2.44,"id":40096581}]}]}
{"op":"mcm","clk":"11790029562","pt":1722508287040,"mc":[{"id":"1.231174262","rc":[{"ltp":1.75,"id":40096576},{"ltp":2.32,"id":40096581}]}]}
{"op":"mcm","clk":"11790033263","pt":1722508347423,"mc":[{"id":"1.231174262","rc":[{"ltp":1.83,"id":40096576},{"ltp":2.2,"id":40096581}]}]}
{"op":"mcm","clk":"11790037122","pt":1722508407397,"mc":[{"id":"1.231174262","rc":[{"ltp":1.8,"id":40096576},{"ltp":2.26,"id":40096581}]}]}
{"op":"mcm","clk":"11790040770","pt":1722508467474,"mc":[{"id":"1.231174262","rc":[{"ltp":1.84,"id":40096576},{"ltp":2.2,"id":40096581}]}]}
{"op":"mcm","clk":"11790044268","pt":1722508527412,"mc":[{"id":"1.231174262","rc":[{"ltp":1.78,"id":40096576},{"ltp":2.3,"id":40096581}]}]}
{"op":"mcm","clk":"11790047921","pt":1722508587386,"mc":[{"id":"1.231174262","rc":[{"ltp":1.8,"id":40096576},{"ltp":2.22,"id":40096581}]}]}
{"op":"mcm","clk":"11790051983","pt":1722508647431,"mc":[{"id":"1.231174262","rc":[{"ltp":1.83,"id":40096576},{"ltp":2.2,"id":40096581}]}]}
{"op":"mcm","clk":"11790056302","pt":1722508707434,"mc":[{"id":"1.231174262","rc":[{"ltp":1.86,"id":40096576},{"ltp":2.14,"id":40096581}]}]}
{"op":"mcm","clk":"11790060441","pt":1722508767440,"mc":[{"id":"1.231174262","rc":[{"ltp":2.32,"id":40096576},{"ltp":1.76,"id":40096581}]}]}
{"op":"mcm","clk":"11790064882","pt":1722508827487,"mc":[{"id":"1.231174262","rc":[{"ltp":2.28,"id":40096576},{"ltp":1.78,"id":40096581}]}]}
{"op":"mcm","clk":"11790069472","pt":1722508887434,"mc":[{"id":"1.231174262","rc":[{"ltp":2.38,"id":40096576},{"ltp":1.72,"id":40096581}]}]}
{"op":"mcm","clk":"11790073889","pt":1722508947214,"mc":[{"id":"1.231174262","rc":[{"ltp":2.56,"id":40096576},{"ltp":1.65,"id":40096581}]}]}
{"op":"mcm","clk":"11790078258","pt":1722509007496,"mc":[{"id":"1.231174262","rc":[{"ltp":2.34,"id":40096576},{"ltp":1.76,"id":40096581}]}]}
{"op":"mcm","clk":"11790082247","pt":1722509067465,"mc":[{"id":"1.231174262","rc":[{"ltp":2.06,"id":40096576},{"ltp":1.96,"id":40096581}]}]}
{"op":"mcm","clk":"11790086538","pt":1722509127396,"mc":[{"id":"1.231174262","rc":[{"ltp":1.82,"id":40096576},{"ltp":2.2,"id":40096581}]}]}
{"op":"mcm","clk":"11790090978","pt":1722509187472,"mc":[{"id":"1.231174262","rc":[{"ltp":1.71,"id":40096576},{"ltp":2.4,"id":40096581}]}]}
{"op":"mcm","clk":"11790095686","pt":1722509247452,"mc":[{"id":"1.231174262","rc":[{"ltp":1.62,"id":40096576},{"ltp":2.6,"id":40096581}]}]}
{"op":"mcm","clk":"11790099970","pt":1722509307429,"mc":[{"id":"1.231174262","rc":[{"ltp":2.66,"id":40096581}]}]}
{"op":"mcm","clk":"11790104762","pt":1722509367493,"mc":[{"id":"1.231174262","rc":[{"ltp":1.51,"id":40096576},{"ltp":2.96,"id":40096581}]}]}
{"op":"mcm","clk":"11790109305","pt":1722509427473,"mc":[{"id":"1.231174262","rc":[{"ltp":1.54,"id":40096576},{"ltp":2.84,"id":40096581}]}]}
{"op":"mcm","clk":"11790113663","pt":1722509487458,"mc":[{"id":"1.231174262","rc":[{"ltp":1.4,"id":40096576},{"ltp":3.5,"id":40096581}]}]}
{"op":"mcm","clk":"11790117742","pt":1722509547427,"mc":[{"id":"1.231174262","rc":[{"ltp":1.42,"id":40096576},{"ltp":3.35,"id":40096581}]}]}
{"op":"mcm","clk":"11790121818","pt":1722509607400,"mc":[{"id":"1.231174262","rc":[{"ltp":1.45,"id":40096576},{"ltp":3.2,"id":40096581}]}]}
{"op":"mcm","clk":"11790126038","pt":1722509667494,"mc":[{"id":"1.231174262","rc":[{"ltp":1.44,"id":40096576},{"ltp":3.25,"id":40096581}]}]}
{"op":"mcm","clk":"11790130081","pt":1722509727493,"mc":[{"id":"1.231174262","rc":[{"ltp":1.39,"id":40096576},{"ltp":3.55,"id":40096581}]}]}
{"op":"mcm","clk":"11790133655","pt":1722509787447,"mc":[{"id":"1.231174262","rc":[{"ltp":1.47,"id":40096576},{"ltp":3.2,"id":40096581}]}]}
{"op":"mcm","clk":"11790137593","pt":1722509847403,"mc":[{"id":"1.231174262","rc":[{"ltp":3.05,"id":40096581}]}]}
{"op":"mcm","clk":"11790141386","pt":1722509907493,"mc":[{"id":"1.231174262","rc":[{"ltp":1.48,"id":40096576}]}]}
{"op":"mcm","clk":"11790145423","pt":1722509967464,"mc":[{"id":"1.231174262","rc":[{"ltp":1.42,"id":40096576},{"ltp":3.35,"id":40096581}]}]}
{"op":"mcm","clk":"11790150235","pt":1722510027460,"mc":[{"id":"1.231174262","rc":[{"ltp":1.6,"id":40096576},{"ltp":2.66,"id":40096581}]}]}
{"op":"mcm","clk":"11790154630","pt":1722510087473,"mc":[{"id":"1.231174262","rc":[{"ltp":1.58,"id":40096576},{"ltp":2.72,"id":40096581}]}]}
{"op":"mcm","clk":"11790159346","pt":1722510147428,"mc":[{"id":"1.231174262","rc":[{"ltp":2.02,"id":40096576},{"ltp":1.98,"id":40096581}]}]}
{"op":"mcm","clk":"11790164197","pt":1722510207463,"mc":[{"id":"1.231174262","rc":[{"ltp":2.04,"id":40096576},{"ltp":1.96,"id":40096581}]}]}
{"op":"mcm","clk":"11790169062","pt":1722510267348,"mc":[{"id":"1.231174262","rc":[{"ltp":2.1,"id":40096576},{"ltp":1.91,"id":40096581}]}]}
{"op":"mcm","clk":"11790173237","pt":1722510327423,"mc":[{"id":"1.231174262","rc":[{"ltp":2.02,"id":40096576},{"ltp":1.99,"id":40096581}]}]}
{"op":"mcm","clk":"11790177746","pt":1722510387406,"mc":[{"id":"1.231174262","rc":[{"ltp":1.87,"id":40096576},{"ltp":2.16,"id":40096581}]}]}
{"op":"mcm","clk":"11790182159","pt":1722510447487,"mc":[{"id":"1.231174262","rc":[{"ltp":1.84,"id":40096576},{"ltp":2.18,"id":40096581}]}]}
{"op":"mcm","clk":"11790187087","pt":1722510507470,"mc":[{"id":"1.231174262","rc":[{"ltp":1.65,"id":40096576},{"ltp":2.52,"id":40096581}]}]}
{"op":"mcm","clk":"11790192133","pt":1722510567418,"mc":[{"id":"1.231174262","rc":[{"ltp":1.66,"id":40096576},{"ltp":2.5,"id":40096581}]}]}
{"op":"mcm","clk":"11790197151","pt":1722510627415,"mc":[{"id":"1.231174262","rc":[{"ltp":1.65,"id":40096576},{"ltp":2.52,"id":40096581}]}]}
{"op":"mcm","clk":"11790201733","pt":1722510687477,"mc":[{"id":"1.231174262","rc":[{"ltp":1.57,"id":40096576},{"ltp":2.74,"id":40096581}]}]}
{"op":"mcm","clk":"11790205509","pt":1722510747487,"mc":[{"id":"1.231174262","rc":[{"ltp":1.58,"id":40096576},{"ltp":2.72,"id":40096581}]}]}
{"op":"mcm","clk":"11790216751","pt":1722510807424,"mc":[{"id":"1.231174262","rc":[{"ltp":1.57,"id":40096576}]}]}
{"op":"mcm","clk":"11790220239","pt":1722510867397,"mc":[{"id":"1.231174262","rc":[{"ltp":1.59,"id":40096576},{"ltp":2.66,"id":40096581}]}]}
{"op":"mcm","clk":"11790224351","pt":1722510927471,"mc":[{"id":"1.231174262","rc":[{"ltp":1.49,"id":40096576},{"ltp":3.0,"id":40096581}]}]}
{"op":"mcm","clk":"11790228590","pt":1722510987457,"mc":[{"id":"1.231174262","rc":[{"ltp":1.55,"id":40096576},{"ltp":2.8,"id":40096581}]}]}
{"op":"mcm","clk":"11790232647","pt":1722511047122,"mc":[{"id":"1.231174262","rc":[{"ltp":1.53,"id":40096576},{"ltp":2.84,"id":40096581}]}]}
{"op":"mcm","clk":"11790236560","pt":1722511107396,"mc":[{"id":"1.231174262","rc":[{"ltp":1.47,"id":40096576},{"ltp":3.1,"id":40096581}]}]}
{"op":"mcm","clk":"11790240195","pt":1722511167409,"mc":[{"id":"1.231174262","rc":[{"ltp":1.51,"id":40096576},{"ltp":2.96,"id":40096581}]}]}
{"op":"mcm","clk":"11790243980","pt":1722511227432,"mc":[{"id":"1.231174262","rc":[{"ltp":1.49,"id":40096576},{"ltp":3.0,"id":40096581}]}]}
{"op":"mcm","clk":"11790248275","pt":1722511287318,"mc":[{"id":"1.231174262","rc":[{"ltp":1.47,"id":40096576},{"ltp":3.1,"id":40096581}]}]}
{"op":"mcm","clk":"11790252603","pt":1722511347488,"mc":[{"id":"1.231174262","rc":[{"ltp":1.42,"id":40096576},{"ltp":3.4,"id":40096581}]}]}
{"op":"mcm","clk":"11790256886","pt":1722511407348,"mc":[{"id":"1.231174262","rc":[{"ltp":3.35,"id":40096581}]}]}
{"op":"mcm","clk":"11790261438","pt":1722511467455,"mc":[{"id":"1.231174262","rc":[{"ltp":1.45,"id":40096576},{"ltp":3.2,"id":40096581}]}]}
{"op":"mcm","clk":"11790270240","pt":1722511587468,"mc":[{"id":"1.231174262","rc":[{"ltp":1.34,"id":40096576},{"ltp":3.9,"id":40096581}]}]}
{"op":"mcm","clk":"11790274321","pt":1722511647492,"mc":[{"id":"1.231174262","rc":[{"ltp":1.29,"id":40096576},{"ltp":4.3,"id":40096581}]}]}
{"op":"mcm","clk":"11790278742","pt":1722511707453,"mc":[{"id":"1.231174262","rc":[{"ltp":1.26,"id":40096576},{"ltp":4.7,"id":40096581}]}]}
{"op":"mcm","clk":"11790282934","pt":1722511767433,"mc":[{"id":"1.231174262","rc":[{"ltp":1.23,"id":40096576},{"ltp":5.3,"id":40096581}]}]}
{"op":"mcm","clk":"11790287173","pt":1722511827486,"mc":[{"id":"1.231174262","rc":[{"ltp":1.25,"id":40096576},{"ltp":5.0,"id":40096581}]}]}
{"op":"mcm","clk":"11790291440","pt":1722511887472,"mc":[{"id":"1.231174262","rc":[{"ltp":1.24,"id":40096576},{"ltp":5.1,"id":40096581}]}]}
{"op":"mcm","clk":"11790295518","pt":1722511947442,"mc":[{"id":"1.231174262","rc":[{"ltp":1.29,"id":40096576},{"ltp":4.3,"id":40096581}]}]}
{"op":"mcm","clk":"11790299479","pt":1722512007480,"mc":[{"id":"1.231174262","rc":[{"ltp":4.4,"id":40096581}]}]}
{"op":"mcm","clk":"11790303057","pt":1722512067455,"mc":[{"id":"1.231174262","rc":[{"ltp":1.31,"id":40096576},{"ltp":4.2,"id":40096581}]}]}
{"op":"mcm","clk":"11790306605","pt":1722512127424,"mc":[{"id":"1.231174262","rc":[{"ltp":1.29,"id":40096576},{"ltp":4.4,"id":40096581}]}]}
{"op":"mcm","clk":"11790310361","pt":1722512187277,"mc":[{"id":"1.231174262","rc":[{"ltp":1.3,"id":40096576}]}]}
{"op":"mcm","clk":"11790314554","pt":1722512247441,"mc":[{"id":"1.231174262","rc":[{"ltp":1.32,"id":40096576},{"ltp":4.1,"id":40096581}]}]}
{"op":"mcm","clk":"11790319158","pt":1722512307421,"mc":[{"id":"1.231174262","rc":[{"ltp":1.25,"id":40096576},{"ltp":4.8,"id":40096581}]}]}
{"op":"mcm","clk":"11790323713","pt":1722512367481,"mc":[{"id":"1.231174262","rc":[{"ltp":1.28,"id":40096576}]}]}
{"op":"mcm","clk":"11790328270","pt":1722512427438,"mc":[{"id":"1.231174262","rc":[{"ltp":1.29,"id":40096576},{"ltp":4.5,"id":40096581}]}]}
{"op":"mcm","clk":"11790332958","pt":1722512487323,"mc":[{"id":"1.231174262","rc":[{"ltp":1.22,"id":40096576},{"ltp":5.6,"id":40096581}]}]}
{"op":"mcm","clk":"11790337870","pt":1722512547402,"mc":[{"id":"1.231174262","rc":[{"ltp":5.7,"id":40096581}]}]}
{"op":"mcm","clk":"11790342427","pt":1722512607376,"mc":[{"id":"1.231174262","rc":[{"ltp":1.23,"id":40096576},{"ltp":5.4,"id":40096581}]}]}
{"op":"mcm","clk":"11790347029","pt":1722512667464,"mc":[{"id":"1.231174262","rc":[{"ltp":5.3,"id":40096581}]}]}
{"op":"mcm","clk":"11790351814","pt":1722512727498,"mc":[{"id":"1.231174262","rc":[{"ltp":1.25,"id":40096576},{"ltp":4.8,"id":40096581}]}]}
{"op":"mcm","clk":"11790356173","pt":1722512787300,"mc":[{"id":"1.231174262","rc":[{"ltp":1.27,"id":40096576}]}]}
{"op":"mcm","clk":"11790359793","pt":1722512847392,"mc":[{"id":"1.231174262","rc":[{"ltp":1.24,"id":40096576},{"ltp":5.1,"id":40096581}]}]}
{"op":"mcm","clk":"11790363495","pt":1722512907443,"mc":[{"id":"1.231174262","rc":[{"ltp":1.25,"id":40096576},{"ltp":5.0,"id":40096581}]}]}
{"op":"mcm","clk":"11790370629","pt":1722513027428,"mc":[{"id":"1.231174262","rc":[{"ltp":1.26,"id":40096576},{"ltp":4.9,"id":40096581}]}]}
{"op":"mcm","clk":"11790374103","pt":1722513087269,"mc":[{"id":"1.231174262","rc":[{"ltp":1.25,"id":40096576},{"ltp":5.0,"id":40096581}]}]}
{"op":"mcm","clk":"11790381648","pt":1722513207466,"mc":[{"id":"1.231174262","rc":[{"ltp":1.24,"id":40096576}]}]}
{"op":"mcm","clk":"11790385739","pt":1722513267328,"mc":[{"id":"1.231174262","rc":[{"ltp":1.25,"id":40096576}]}]}
{"op":"mcm","clk":"11790402839","pt":1722513507367,"mc":[{"id":"1.231174262","rc":[{"ltp":1.24,"id":40096576},{"ltp":5.1,"id":40096581}]}]}
{"op":"mcm","clk":"11790407935","pt":1722513567498,"mc":[{"id":"1.231174262","rc":[{"ltp":1.25,"id":40096576}]}]}
{"op":"mcm","clk":"11790413519","pt":1722513627400,"mc":[{"id":"1.231174262","rc":[{"ltp":1.29,"id":40096576},{"ltp":4.4,"id":40096581}]}]}
{"op":"mcm","clk":"11790418384","pt":1722513687496,"mc":[{"id":"1.231174262","rc":[{"ltp":4.3,"id":40096581}]}]}
{"op":"mcm","clk":"11790423431","pt":1722513747453,"mc":[{"id":"1.231174262","rc":[{"ltp":1.4,"id":40096576},{"ltp":3.4,"id":40096581}]}]}
{"op":"mcm","clk":"11790428493","pt":1722513807415,"mc":[{"id":"1.231174262","rc":[{"ltp":1.52,"id":40096576},{"ltp":2.88,"id":40096581}]}]}
{"op":"mcm","clk":"11790433332","pt":1722513867493,"mc":[{"id":"1.231174262","rc":[{"ltp":2.92,"id":40096581}]}]}
{"op":"mcm","clk":"11790438181","pt":1722513927465,"mc":[{"id":"1.231174262","rc":[{"ltp":1.44,"id":40096576},{"ltp":3.2,"id":40096581}]}]}
{"op":"mcm","clk":"11790442637","pt":1722513987485,"mc":[{"id":"1.231174262","rc":[{"ltp":1.5,"id":40096576},{"ltp":2.98,"id":40096581}]}]}
{"op":"mcm","clk":"11790447892","pt":1722514047445,"mc":[{"id":"1.231174262","rc":[{"ltp":1.43,"id":40096576},{"ltp":3.3,"id":40096581}]}]}
{"op":"mcm","clk":"11790452376","pt":1722514107372,"mc":[{"id":"1.231174262","rc":[{"ltp":1.35,"id":40096576},{"ltp":3.8,"id":40096581}]}]}
{"op":"mcm","clk":"11790456972","pt":1722514167483,"mc":[{"id":"1.231174262","rc":[{"ltp":1.27,"id":40096576},{"ltp":4.7,"id":40096581}]}]}
{"op":"mcm","clk":"11790461481","pt":1722514227435,"mc":[{"id":"1.231174262","rc":[{"ltp":1.28,"id":40096576},{"ltp":4.4,"id":40096581}]}]}
{"op":"mcm","clk":"11790466012","pt":1722514287421,"mc":[{"id":"1.231174262","rc":[{"ltp":4.5,"id":40096581}]}]}
{"op":"mcm","clk":"11790470602","pt":1722514347484,"mc":[{"id":"1.231174262","rc":[{"ltp":1.27,"id":40096576},{"ltp":4.7,"id":40096581}]}]}
{"op":"mcm","clk":"11790475182","pt":1722514407466,"mc":[{"id":"1.231174262","rc":[{"ltp":1.28,"id":40096576},{"ltp":4.5,"id":40096581}]}]}
{"op":"mcm","clk":"11790479514","pt":1722514467400,"mc":[{"id":"1.231174262","rc":[{"ltp":1.29,"id":40096576},{"ltp":4.4,"id":40096581}]}]}
{"op":"mcm","clk":"11790484730","pt":1722514527475,"mc":[{"id":"1.231174262","rc":[{"ltp":1.38,"id":40096576},{"ltp":3.65,"id":40096581}]}]}
{"op":"mcm","clk":"11790490404","pt":1722514587429,"mc":[{"id":"1.231174262","rc":[{"ltp":1.35,"id":40096576},{"ltp":3.9,"id":40096581}]}]}
{"op":"mcm","clk":"11790496005","pt":1722514647417,"mc":[{"id":"1.231174262","rc":[{"ltp":1.39,"id":40096576},{"ltp":3.55,"id":40096581}]}]}
{"op":"mcm","clk":"11790500923","pt":1722514707437,"mc":[{"id":"1.231174262","rc":[{"ltp":1.15,"id":40096576},{"ltp":7.6,"id":40096581}]}]}
{"op":"mcm","clk":"11790505548","pt":1722514767471,"mc":[{"id":"1.231174262","rc":[{"ltp":1.13,"id":40096576},{"ltp":8.6,"id":40096581}]}]}
{"op":"mcm","clk":"11790509828","pt":1722514827457,"mc":[{"id":"1.231174262","rc":[{"ltp":1.17,"id":40096576},{"ltp":6.6,"id":40096581}]}]}
{"op":"mcm","clk":"11790513597","pt":1722514887414,"mc":[{"id":"1.231174262","rc":[{"ltp":1.23,"id":40096576},{"ltp":5.4,"id":40096581}]}]}
{"op":"mcm","clk":"11790517243","pt":1722514947489,"mc":[{"id":"1.231174262","rc":[{"ltp":1.21,"id":40096576},{"ltp":5.7,"id":40096581}]}]}
{"op":"mcm","clk":"11790521085","pt":1722515007446,"mc":[{"id":"1.231174262","rc":[{"ltp":1.22,"id":40096576},{"ltp":5.5,"id":40096581}]}]}
{"op":"mcm","clk":"11790529503","pt":1722515127422,"mc":[{"id":"1.231174262","rc":[{"ltp":1.21,"id":40096576},{"ltp":5.7,"id":40096581}]}]}
{"op":"mcm","clk":"11790533931","pt":1722515187498,"mc":[{"id":"1.231174262","rc":[{"ltp":1.2,"id":40096576},{"ltp":6.0,"id":40096581}]}]}
{"op":"mcm","clk":"11790538042","pt":1722515247473,"mc":[{"id":"1.231174262","rc":[{"ltp":1.18,"id":40096576},{"ltp":6.4,"id":40096581}]}]}
{"op":"mcm","clk":"11790542311","pt":1722515307461,"mc":[{"id":"1.231174262","rc":[{"ltp":1.21,"id":40096576},{"ltp":5.5,"id":40096581}]}]}
{"op":"mcm","clk":"11790546733","pt":1722515367419,"mc":[{"id":"1.231174262","rc":[{"ltp":1.2,"id":40096576}]}]}
{"op":"mcm","clk":"11790551669","pt":1722515427497,"mc":[{"id":"1.231174262","rc":[{"ltp":1.25,"id":40096576},{"ltp":5.0,"id":40096581}]}]}
{"op":"mcm","clk":"11790556046","pt":1722515487451,"mc":[{"id":"1.231174262","rc":[{"ltp":1.27,"id":40096576},{"ltp":4.7,"id":40096581}]}]}
{"op":"mcm","clk":"11790560503","pt":1722515547448,"mc":[{"id":"1.231174262","rc":[{"ltp":1.36,"id":40096576},{"ltp":3.8,"id":40096581}]}]}
{"op":"mcm","clk":"11790565036","pt":1722515607433,"mc":[{"id":"1.231174262","rc":[{"ltp":3.9,"id":40096581}]}]}
{"op":"mcm","clk":"11790569083","pt":1722515667410,"mc":[{"id":"1.231174262","rc":[{"ltp":1.3,"id":40096576},{"ltp":4.3,"id":40096581}]}]}
{"op":"mcm","clk":"11790573249","pt":1722515727439,"mc":[{"id":"1.231174262","rc":[{"ltp":1.37,"id":40096576},{"ltp":3.75,"id":40096581}]}]}
{"op":"mcm","clk":"11790577715","pt":1722515787483,"mc":[{"id":"1.231174262","rc":[{"ltp":1.4,"id":40096576},{"ltp":3.45,"id":40096581}]}]}
{"op":"mcm","clk":"11790582168","pt":1722515847391,"mc":[{"id":"1.231174262","rc":[{"ltp":1.37,"id":40096576},{"ltp":3.7,"id":40096581}]}]}
{"op":"mcm","clk":"11790586595","pt":1722515907447,"mc":[{"id":"1.231174262","rc":[{"ltp":1.34,"id":40096576},{"ltp":3.85,"id":40096581}]}]}
{"op":"mcm","clk":"11790591076","pt":1722515967469,"mc":[{"id":"1.231174262","rc":[{"ltp":1.31,"id":40096576},{"ltp":4.2,"id":40096581}]}]}
{"op":"mcm","clk":"11790598917","pt":1722516087418,"mc":[{"id":"1.231174262","rc":[{"ltp":1.35,"id":40096576},{"ltp":3.75,"id":40096581}]}]}
{"op":"mcm","clk":"11790603058","pt":1722516147443,"mc":[{"id":"1.231174262","rc":[{"ltp":1.36,"id":40096576}]}]}
{"op":"mcm","clk":"11790615903","pt":1722516207426,"mc":[{"id":"1.231174262","rc":[{"ltp":1.18,"id":40096576},{"ltp":6.2,"id":40096581}]}]}
{"op":"mcm","clk":"11790620501","pt":1722516267414,"mc":[{"id":"1.231174262","rc":[{"ltp":1.2,"id":40096576},{"ltp":6.0,"id":40096581}]}]}
{"op":"mcm","clk":"11790625517","pt":1722516327432,"mc":[{"id":"1.231174262","rc":[{"ltp":1.23,"id":40096576},{"ltp":5.2,"id":40096581}]}]}
{"op":"mcm","clk":"11790629919","pt":1722516387399,"mc":[{"id":"1.231174262","rc":[{"ltp":1.32,"id":40096576},{"ltp":4.0,"id":40096581}]}]}
{"op":"mcm","clk":"11790634165","pt":1722516447452,"mc":[{"id":"1.231174262","rc":[{"ltp":1.27,"id":40096576},{"ltp":4.5,"id":40096581}]}]}
{"op":"mcm","clk":"11790638285","pt":1722516507475,"mc":[{"id":"1.231174262","rc":[{"ltp":1.22,"id":40096576},{"ltp":5.5,"id":40096581}]}]}
{"op":"mcm","clk":"11790643074","pt":1722516567490,"mc":[{"id":"1.231174262","rc":[{"ltp":1.28,"id":40096576},{"ltp":4.6,"id":40096581}]}]}
{"op":"mcm","clk":"11790647345","pt":1722516627435,"mc":[{"id":"1.231174262","rc":[{"ltp":1.29,"id":40096576}]}]}
{"op":"mcm","clk":"11790651737","pt":1722516687399,"mc":[{"id":"1.231174262","rc":[{"ltp":1.34,"id":40096576},{"ltp":3.85,"id":40096581}]}]}
{"op":"mcm","clk":"11790655790","pt":1722516747484,"mc":[{"id":"1.231174262","rc":[{"ltp":1.31,"id":40096576},{"ltp":4.2,"id":40096581}]}]}
{"op":"mcm","clk":"11790659708","pt":1722516807368,"mc":[{"id":"1.231174262","rc":[{"ltp":1.23,"id":40096576},{"ltp":5.3,"id":40096581}]}]}
{"op":"mcm","clk":"11790663318","pt":1722516867474,"mc":[{"id":"1.231174262","rc":[{"ltp":1.24,"id":40096576},{"ltp":5.0,"id":40096581}]}]}
{"op":"mcm","clk":"11790666913","pt":1722516927412,"mc":[{"id":"1.231174262","rc":[{"ltp":1.23,"id":40096576},{"ltp":5.3,"id":40096581}]}]}
{"op":"mcm","clk":"11790670439","pt":1722516987417,"mc":[{"id":"1.231174262","rc":[{"ltp":1.26,"id":40096576},{"ltp":4.9,"id":40096581}]}]}
{"op":"mcm","clk":"11790674200","pt":1722517047497,"mc":[{"id":"1.231174262","rc":[{"ltp":1.39,"id":40096576},{"ltp":3.6,"id":40096581}]}]}
{"op":"mcm","clk":"11790677532","pt":1722517107450,"mc":[{"id":"1.231174262","rc":[{"ltp":1.3,"id":40096576},{"ltp":4.2,"id":40096581}]}]}
{"op":"mcm","clk":"11790680806","pt":1722517167434,"mc":[{"id":"1.231174262","rc":[{"ltp":1.63,"id":40096576},{"ltp":2.56,"id":40096581}]}]}
{"op":"mcm","clk":"11790684907","pt":1722517227419,"mc":[{"id":"1.231174262","rc":[{"ltp":2.48,"id":40096576},{"ltp":1.67,"id":40096581}]}]}
{"op":"mcm","clk":"11790688922","pt":1722517287410,"mc":[{"id":"1.231174262","rc":[{"ltp":1.7,"id":40096576},{"ltp":2.42,"id":40096581}]}]}
{"op":"mcm","clk":"11790693338","pt":1722517347409,"mc":[{"id":"1.231174262","rc":[{"ltp":1.56,"id":40096576},{"ltp":2.76,"id":40096581}]}]}
{"op":"mcm","clk":"11790698088","pt":1722517407484,"mc":[{"id":"1.231174262","rc":[{"ltp":1.58,"id":40096576},{"ltp":2.72,"id":40096581}]}]}
{"op":"mcm","clk":"11790704415","pt":1722517467424,"mc":[{"id":"1.231174262","rc":[{"ltp":1.42,"id":40096576},{"ltp":3.35,"id":40096581}]}]}
{"op":"mcm","clk":"11790708918","pt":1722517527403,"mc":[{"id":"1.231174262","rc":[{"ltp":1.84,"id":40096576},{"ltp":2.12,"id":40096581}]}]}
{"op":"mcm","clk":"11790712913","pt":1722517587397,"mc":[{"id":"1.231174262","rc":[{"ltp":2.52,"id":40096576},{"ltp":1.65,"id":40096581}]}]}
{"op":"mcm","clk":"11790717071","pt":1722517647460,"mc":[{"id":"1.231174262","rc":[{"ltp":1.89,"id":40096576},{"ltp":2.12,"id":40096581}]}]}
{"op":"mcm","clk":"11790720584","pt":1722517707481,"mc":[{"id":"1.231174262","rc":[{"ltp":2.14,"id":40096576},{"ltp":1.87,"id":40096581}]}]}
{"op":"mcm","clk":"11790724532","pt":1722517767422,"mc":[{"id":"1.231174262","rc":[{"ltp":7.6,"id":40096576},{"ltp":1.15,"id":40096581}]}]}
{"op":"mcm","clk":"11790728537","pt":1722517827408,"mc":[{"id":"1.231174262","rc":[{"ltp":26.0,"id":40096576},{"ltp":1.04,"id":40096581}]}]}
{"op":"mcm","clk":"11790732506","pt":1722517887406,"mc":[{"id":"1.231174262","rc":[{"ltp":1000.0,"id":40096576},{"ltp":1.01,"id":40096581}]}]}
{"op":"mcm","clk":"11790735652","pt":1722517941581,"mc":[{"id":"1.231174262","marketDefinition":{"bspMarket":false,"turnInPlayEnabled":true,"persistenceEnabled":true,"marketBaseRate":5.0,"eventId":"33450161","eventTypeId":"4","numberOfWinners":1,"bettingType":"ODDS","marketType":"MATCH_ODDS","marketTime":"2024-08-01T10:30:00.000Z","suspendTime":"2024-08-01T10:30:00.000Z","bspReconciled":false,"complete":true,"inPlay":true,"crossMatching":true,"runnersVoidable":false,"numberOfActiveRunners":2,"betDelay":5,"status":"SUSPENDED","runners":[{"status":"ACTIVE","sortPriority":1,"id":40096576,"name":"London Spirit Women"},{"status":"ACTIVE","sortPriority":2,"id":40096581,"name":"Welsh Fire Women"}],"regulators":["MR_INT"],"countryCode":"GB","discountAllowed":true,"timezone":"GMT","openDate":"2024-08-01T10:30:00.000Z","version":6050258148,"name":"Match Odds","eventName":"London Spirit Women v Welsh Fire Women"}}]}
{"op":"mcm","clk":"11790750856","pt":1722518235313,"mc":[{"id":"1.231174262","marketDefinition":{"bspMarket":false,"turnInPlayEnabled":true,"persistenceEnabled":true,"marketBaseRate":5.0,"eventId":"33450161","eventTypeId":"4","numberOfWinners":1,"bettingType":"ODDS","marketType":"MATCH_ODDS","marketTime":"2024-08-01T10:30:00.000Z","suspendTime":"2024-08-01T10:30:00.000Z","bspReconciled":false,"complete":true,"inPlay":true,"crossMatching":false,"runnersVoidable":false,"numberOfActiveRunners":0,"betDelay":5,"status":"CLOSED","settledTime":"2024-08-01T13:15:41.000Z","runners":[{"status":"LOSER","sortPriority":1,"id":40096576,"name":"London Spirit Women"},{"status":"WINNER","sortPriority":2,"id":40096581,"name":"Welsh Fire Women"}],"regulators":["MR_INT"],"countryCode":"GB","discountAllowed":true,"timezone":"GMT","openDate":"2024-08-01T10:30:00.000Z","version":6050262058,"name":"Match Odds","eventName":"London Spirit Women v Welsh Fire Women"}}]}
