{"op":"mcm","clk":"11858976230","pt":1723380645072,"mc":[{"id":"1.231703146","marketDefinition":{"bspMarket":false,"turnInPlayEnabled":true,"persistenceEnabled":true,"marketBaseRate":5.0,"eventId":"33486248","eventTypeId":"4","numberOfWinners":1,"bettingType":"ODDS","marketType":"MATCH_ODDS","marketTime":"2024-08-13T14:00:00.000Z","suspendTime":"2024-08-13T14:00:00.000Z","bspReconciled":false,"complete":true,"inPlay":false,"crossMatching":true,"runnersVoidable":false,"numberOfActiveRunners":2,"betDelay":0,"status":"OPEN","runners":[{"status":"ACTIVE","sortPriority":1,"id":40096589,"name":"Northern Superchargers Women"},{"status":"ACTIVE","sortPriority":2,"id":40096576,"name":"London Spirit Women"}],"regulators":["MR_INT"],"countryCode":"GB","discountAllowed":true,"timezone":"GMT","openDate":"2024-08-13T14:00:00.000Z","version":6069400568,"name":"Match Odds","eventName":"Northern Superchargers Women v London Spirit Women"}}]}
{"op":"mcm","clk":"11859333780","pt":1723383460521,"mc":[{"id":"1.231703146","rc":[{"ltp":1.58,"id":40096576}]}]}
{"op":"mcm","clk":"11859339013","pt":1723383496334,"mc":[{"id":"1.231703146","rc":[{"ltp":1.58,"id":40096589}]}]}
{"op":"mcm","clk":"11860834472","pt":1723392349887,"mc":[{"id":"1.231703146","rc":[{"ltp":1.3,"id":40096576}]}]}
{"op":"mcm","clk":"11864666203","pt":1723420016286,"mc":[{"id":"1.231703146","rc":[{"ltp":1.91,"id":40096589},{"ltp":2.1,"id":40096576}]}]}
{"op":"mcm","clk":"11866277459","pt":1723462288489,"mc":[{"id":"1.231703146","rc":[{"ltp":2.0,"id":40096589},{"ltp":2.0,"id":40096576}]}]}
{"op":"mcm","clk":"11866281003","pt":1723462348355,"mc":[{"id":"1.231703146","rc":[{"ltp":1.87,"id":40096589}]}]}
{"op":"mcm","clk":"11866285339","pt":1723462422631,"mc":[{"id":"1.231703146","rc":[{"ltp":1.74,"id":40096589}]}]}
{"op":"mcm","clk":"11866441884","pt":1723465316930,"mc":[{"id":"1.231703146","rc":[{"ltp":1.97,"id":40096589},{"ltp":2.04,"id":40096576}]}]}
{"op":"mcm","clk":"11866478192","pt":1723466021525,"mc":[{"id":"1.231703146","rc":[{"ltp":1.95,"id":40096589}]}]}
{"op":"mcm","clk":"11866496058","pt":1723466362085,"mc":[{"id":"1.231703146","rc":[{"ltp":1.79,"id":40096589}]}]}
{"op":"mcm","clk":"11866529586","pt":1723466965499,"mc":[{"id":"1.231703146","rc":[{"ltp":1.93,"id":40096589}]}]}
{"op":"mcm","clk":"11866738323","pt":1723470678222,"mc":[{"id":"1.231703146","rc":[{"ltp":1.83,"id":40096589}]}]}
{"op":"mcm","clk":"11867384459","pt":1723480120183,"mc":[{"id":"1.231703146","rc":[{"ltp":1.93,"id":40096589},{"ltp":2.06,"id":40096576}]}]}
{"op":"mcm","clk":"11867538824","pt":1723482222166,"mc":[{"id":"1.231703146","rc":[{"ltp":1.88,"id":40096589}]}]}
{"op":"mcm","clk":"11867635854","pt":1723483242321,"mc":[{"id":"1.231703146","rc":[{"ltp":1.86,"id":40096589}]}]}
{"op":"mcm","clk":"11867657307","pt":1723483481337,"mc":[{"id":"1.231703146","rc":[{"ltp":1.91,"id":40096589}]}]}
{"op":"mcm","clk":"11867662700","pt":1723483541291,"mc":[{"id":"1.231703146","rc":[{"ltp":1.86,"id":40096589}]}]}
{"op":"mcm","clk":"11867699509","pt":1723483951373,"mc":[{"id":"1.231703146","rc":[{"ltp":1.93,"id":40096589}]}]}
{"op":"mcm","clk":"11867706082","pt":1723484022253,"mc":[{"id":"1.231703146","rc":[{"ltp":1.86,"id":40096589}]}]}
{"op":"mcm","clk":"11867710994","pt":1723484076881,"mc":[{"id":"1.231703146","rc":[{"ltp":1.93,"id":40096589},{"ltp":2.16,"id":40096576}]}]}
{"op":"mcm","clk":"11867716299","pt":1723484138056,"mc":[{"id":"1.231703146","rc":[{"ltp":1.86,"id":40096589}]}]}
{"op":"mcm","clk":"11867794215","pt":1723485125117,"mc":[{"id":"1.231703146","rc":[{"ltp":1.87,"id":40096589}]}]}
{"op":"mcm","clk":"11868227443","pt":1723490313642,"mc":[{"id":"1.231703146","rc":[{"ltp":1.86,"id":40096589}]}]}
{"op":"mcm","clk":"11868479271","pt":1723493742293,"mc":[{"id":"1.231703146","rc":[{"ltp":1.91,"id":40096589}]}]}
{"op":"mcm","clk":"11868506392","pt":1723494160583,"mc":[{"id":"1.231703146","rc":[{"ltp":1.86,"id":40096589}]}]}
{"op":"mcm","clk":"11868510043","pt":1723494215838,"mc":[{"id":"1.231703146","rc":[{"ltp":1.98,"id":40096589},{"ltp":2.02,"id":40096576}]}]}
{"op":"mcm","clk":"11868516978","pt":1723494342776,"mc":[{"id":"1.231703146","rc":[{"ltp":2.0,"id":40096589},{"ltp":1.99,"id":40096576}]}]}
{"op":"mcm","clk":"11868529931","pt":1723494582035,"mc":[{"id":"1.231703146","rc":[{"ltp":1.77,"id":40096589},{"ltp":2.2,"id":40096576}]}]}
{"op":"mcm","clk":"11868552126","pt":1723495001470,"mc":[{"id":"1.231703146","rc":[{"ltp":1.89,"id":40096589}]}]}
{"op":"mcm","clk":"11868600823","pt":1723495940765,"mc":[{"id":"1.231703146","rc":[{"ltp":1.88,"id":40096589},{"ltp":2.06,"id":40096576}]}]}
{"op":"mcm","clk":"11868608928","pt":1723496126970,"mc":[{"id":"1.231703146","rc":[{"ltp":1.87,"id":40096589},{"ltp":2.14,"id":40096576}]}]}
{"op":"mcm","clk":"11868636445","pt":1723496663104,"mc":[{"id":"1.231703146","rc":[{"ltp":1.91,"id":40096589}]}]}
{"op":"mcm","clk":"11868652184","pt":1723496965455,"mc":[{"id":"1.231703146","rc":[{"ltp":1.87,"id":40096589},{"ltp":2.1,"id":40096576}]}]}
{"op":"mcm","clk":"11868850823","pt":1723501445245,"mc":[{"id":"1.231703146","rc":[{"ltp":2.14,"id":40096576}]}]}
{"op":"mcm","clk":"11868901930","pt":1723502530727,"mc":[{"id":"1.231703146","rc":[{"ltp":2.12,"id":40096576}]}]}
{"op":"mcm","clk":"11868924515","pt":1723503066197,"mc":[{"id":"1.231703146","rc":[{"ltp":2.14,"id":40096576}]}]}
{"op":"mcm","clk":"11869112302","pt":1723506680399,"mc":[{"id":"1.231703146","rc":[{"ltp":1.86,"id":40096589}]}]}
{"op":"mcm","clk":"11869116092","pt":1723506748842,"mc":[{"id":"1.231703146","rc":[{"ltp":1.84,"id":40096589}]}]}
{"op":"mcm","clk":"11869158602","pt":1723507587180,"mc":[{"id":"1.231703146","rc":[{"ltp":1.9,"id":40096589}]}]}
{"op":"mcm","clk":"11869207873","pt":1723508442799,"mc":[{"id":"1.231703146","rc":[{"ltp":1.92,"id":40096589},{"ltp":2.1,"id":40096576}]}]}
{"op":"mcm","clk":"11869218529","pt":1723508621745,"mc":[{"id":"1.231703146","rc":[{"ltp":1.9,"id":40096589}]}]}
{"op":"mcm","clk":"11869232314","pt":1723508862253,"mc":[{"id":"1.231703146","rc":[{"ltp":1.85,"id":40096589}]}]}
{"op":"mcm","clk":"11869235868","pt":1723508921032,"mc":[{"id":"1.231703146","rc":[{"ltp":1.88,"id":40096589}]}]}
{"op":"mcm","clk":"11869318183","pt":1723510326575,"mc":[{"id":"1.231703146","rc":[{"ltp":1.86,"id":40096589}]}]}
{"op":"mcm","clk":"11869382148","pt":1723511736559,"mc":[{"id":"1.231703146","rc":[{"ltp":1.88,"id":40096589},{"ltp":2.14,"id":40096576}]}]}
{"op":"mcm","clk":"11869384690","pt":1723511800932,"mc":[{"id":"1.231703146","rc":[{"ltp":1.9,"id":40096589},{"ltp":2.12,"id":40096576}]}]}
{"op":"mcm","clk":"11869398799","pt":1723512101406,"mc":[{"id":"1.231703146","rc":[{"ltp":1.88,"id":40096589}]}]}
{"op":"mcm","clk":"11869401075","pt":1723512147276,"mc":[{"id":"1.231703146","rc":[{"ltp":2.14,"id":40096576}]}]}
{"op":"mcm","clk":"11869407554","pt":1723512280515,"mc":[{"id":"1.231703146","rc":[{"ltp":1.89,"id":40096589}]}]}
{"op":"mcm","clk":"11869430130","pt":1723512753196,"mc":[{"id":"1.231703146","rc":[{"ltp":1.87,"id":40096589}]}]}
{"op":"mcm","clk":"11869632946","pt":1723517322382,"mc":[{"id":"1.231703146","rc":[{"ltp":1.88,"id":40096589}]}]}
{"op":"mcm","clk":"11869750100","pt":1723520400590,"mc":[{"id":"1.231703146","rc":[{"ltp":2.12,"id":40096576}]}]}
{"op":"mcm","clk":"11869765180","pt":1723520618413,"mc":[{"id":"1.231703146","rc":[{"ltp":1.87,"id":40096589}]}]}
{"op":"mcm","clk":"11869779478","pt":1723521077586,"mc":[{"id":"1.231703146","rc":[{"ltp":1.89,"id":40096589}]}]}
{"op":"mcm","clk":"11869787411","pt":1723521335337,"mc":[{"id":"1.231703146","rc":[{"ltp":1.88,"id":40096589},{"ltp":2.14,"id":40096576}]}]}
{"op":"mcm","clk":"11869797912","pt":1723521635019,"mc":[{"id":"1.231703146","rc":[{"ltp":1.87,"id":40096589}]}]}
{"op":"mcm","clk":"11869815238","pt":1723522020542,"mc":[{"id":"1.231703146","rc":[{"ltp":1.89,"id":40096589},{"ltp":2.12,"id":40096576}]}]}
{"op":"mcm","clk":"11869836741","pt":1723522589989,"mc":[{"id":"1.231703146","rc":[{"ltp":1.87,"id":40096589}]}]}
{"op":"mcm","clk":"11869845279","pt":1723522807143,"mc":[{"id":"1.231703146","rc":[{"ltp":1.89,"id":40096589}]}]}
{"op":"mcm","clk":"11869908140","pt":1723524683235,"mc":[{"id":"1.231703146","rc":[{"ltp":1.9,"id":40096589}]}]}
{"op":"mcm","clk":"11869914545","pt":1723524938775,"mc":[{"id":"1.231703146","rc":[{"ltp":1.89,"id":40096589}]}]}
{"op":"mcm","clk":"11869968441","pt":1723526322073,"mc":[{"id":"1.231703146","rc":[{"ltp":1.88,"id":40096589}]}]}
{"op":"mcm","clk":"11869976024","pt":1723526595469,"mc":[{"id":"1.231703146","rc":[{"ltp":1.89,"id":40096589}]}]}
{"op":"mcm","clk":"11870006872","pt":1723527874126,"mc":[{"id":"1.231703146","rc":[{"ltp":1.88,"id":40096589}]}]}
{"op":"mcm","clk":"11870055794","pt":1723529858614,"mc":[{"id":"1.231703146","rc":[{"ltp":1.89,"id":40096589}]}]}
{"op":"mcm","clk":"11870136348","pt":1723532787193,"mc":[{"id":"1.231703146","rc":[{"ltp":1.9,"id":40096589},{"ltp":2.1,"id":40096576}]}]}
{"op":"mcm","clk":"11870138099","pt":1723532847251,"mc":[{"id":"1.231703146","rc":[{"ltp":1.89,"id":40096589}]}]}
{"op":"mcm","clk":"11870154166","pt":1723533340145,"mc":[{"id":"1.231703146","rc":[{"ltp":2.12,"id":40096576}]}]}
{"op":"mcm","clk":"11870187001","pt":1723534590626,"mc":[{"id":"1.231703146","rc":[{"ltp":1.88,"id":40096589}]}]}
{"op":"mcm","clk":"11870196918","pt":1723534994611,"mc":[{"id":"1.231703146","rc":[{"ltp":1.9,"id":40096589}]}]}
{"op":"mcm","clk":"11870207141","pt":1723535602479,"mc":[{"id":"1.231703146","rc":[{"ltp":1.91,"id":40096589}]}]}
{"op":"mcm","clk":"11870210614","pt":1723535801234,"mc":[{"id":"1.231703146","rc":[{"ltp":1.9,"id":40096589}]}]}
{"op":"mcm","clk":"11870221559","pt":1723536302592,"mc":[{"id":"1.231703146","rc":[{"ltp":2.1,"id":40096576}]}]}
{"op":"mcm","clk":"11870247778","pt":1723536978870,"mc":[{"id":"1.231703146","rc":[{"ltp":1.89,"id":40096589}]}]}
{"op":"mcm","clk":"11870257854","pt":1723537397228,"mc":[{"id":"1.231703146","rc":[{"ltp":1.88,"id":40096589}]}]}
{"op":"mcm","clk":"11870266241","pt":1723537659347,"mc":[{"id":"1.231703146","rc":[{"ltp":2.12,"id":40096576}]}]}
{"op":"mcm","clk":"11870267096","pt":1723537692150,"mc":[{"id":"1.231703146","rc":[{"ltp":1.89,"id":40096589}]}]}
{"op":"mcm","clk":"11870275162","pt":1723537955035,"mc":[{"id":"1.231703146","rc":[{"ltp":1.88,"id":40096589}]}]}
{"op":"mcm","clk":"11870277525","pt":1723538071635,"mc":[{"id":"1.231703146","rc":[{"ltp":1.89,"id":40096589}]}]}
{"op":"mcm","clk":"11870282312","pt":1723538319530,"mc":[{"id":"1.231703146","rc":[{"ltp":2.1,"id":40096576}]}]}
{"op":"mcm","clk":"11870308575","pt":1723539147877,"mc":[{"id":"1.231703146","rc":[{"ltp":1.87,"id":40096589},{"ltp":2.14,"id":40096576}]}]}
{"op":"mcm","clk":"11870328210","pt":1723539791778,"mc":[{"id":"1.231703146","rc":[{"ltp":1.88,"id":40096589}]}]}
{"op":"mcm","clk":"11870336042","pt":1723540002636,"mc":[{"id":"1.231703146","rc":[{"ltp":1.87,"id":40096589}]}]}
{"op":"mcm","clk":"11870338177","pt":1723540059202,"mc":[{"id":"1.231703146","rc":[{"ltp":1.88,"id":40096589}]}]}
{"op":"mcm","clk":"11870349124","pt":1723540362488,"mc":[{"id":"1.231703146","rc":[{"ltp":1.89,"id":40096589}]}]}
{"op":"mcm","clk":"11870367047","pt":1723540918538,"mc":[{"id":"1.231703146","rc":[{"ltp":1.88,"id":40096589}]}]}
{"op":"mcm","clk":"11870437906","pt":1723542512966,"mc":[{"id":"1.231703146","rc":[{"ltp":2.12,"id":40096576}]}]}
{"op":"mcm","clk":"11870458650","pt":1723543048942,"mc":[{"id":"1.231703146","rc":[{"ltp":1.89,"id":40096589}]}]}
{"op":"mcm","clk":"11870477450","pt":1723543436652,"mc":[{"id":"1.231703146","rc":[{"ltp":1.88,"id":40096589}]}]}
{"op":"mcm","clk":"11870504037","pt":1723543985948,"mc":[{"id":"1.231703146","rc":[{"ltp":1.89,"id":40096589}]}]}
{"op":"mcm","clk":"11870517479","pt":1723544267383,"mc":[{"id":"1.231703146","rc":[{"ltp":1.88,"id":40096589}]}]}
{"op":"mcm","clk":"11870568657","pt":1723545486782,"mc":[{"id":"1.231703146","rc":[{"ltp":2.14,"id":40096576}]}]}
{"op":"mcm","clk":"11870571642","pt":1723545580186,"mc":[{"id":"1.231703146","rc":[{"ltp":1.89,"id":40096589},{"ltp":2.12,"id":40096576}]}]}
{"op":"mcm","clk":"11870593196","pt":1723546104667,"mc":[{"id":"1.231703146","rc":[{"ltp":1.88,"id":40096589}]}]}
{"op":"mcm","clk":"11870607784","pt":1723546460099,"mc":[{"id":"1.231703146","rc":[{"ltp":1.89,"id":40096589}]}]}
{"op":"mcm","clk":"11870625085","pt":1723546951247,"mc":[{"id":"1.231703146","rc":[{"ltp":1.88,"id":40096589}]}]}
{"op":"mcm","clk":"11870631491","pt":1723547074270,"mc":[{"id":"1.231703146","rc":[{"ltp":1.89,"id":40096589}]}]}
{"op":"mcm","clk":"11870674360","pt":1723547844869,"mc":[{"id":"1.231703146","rc":[{"ltp":2.1,"id":40096576}]}]}
{"op":"mcm","clk":"11870677224","pt":1723547916950,"mc":[{"id":"1.231703146","rc":[{"ltp":1.9,"id":40096589}]}]}
{"op":"mcm","clk":"11870679002","pt":1723547966431,"mc":[{"id":"1.231703146","rc":[{"ltp":1.91,"id":40096589}]}]}
{"op":"mcm","clk":"11870682025","pt":1723548042634,"mc":[{"id":"1.231703146","rc":[{"ltp":1.9,"id":40096589}]}]}
{"op":"mcm","clk":"11870720754","pt":1723548936992,"mc":[{"id":"1.231703146","rc":[{"ltp":1.89,"id":40096589}]}]}
{"op":"mcm","clk":"11870751191","pt":1723549763628,"mc":[{"id":"1.231703146","rc":[{"ltp":2.12,"id":40096576}]}]}
{"op":"mcm","clk":"11870754143","pt":1723549838543,"mc":[{"id":"1.231703146","rc":[{"ltp":1.9,"id":40096589}]}]}
{"op":"mcm","clk":"11870762234","pt":1723549937465,"mc":[{"id":"1.231703146","rc":[{"ltp":1.89,"id":40096589}]}]}
{"op":"mcm","clk":"11870772455","pt":1723550074013,"mc":[{"id":"1.231703146","rc":[{"ltp":1.9,"id":40096589}]}]}
{"op":"mcm","clk":"11870780718","pt":1723550262812,"mc":[{"id":"1.231703146","rc":[{"ltp":2.1,"id":40096576}]}]}
{"op":"mcm","clk":"11870784634","pt":1723550360239,"mc":[{"id":"1.231703146","rc":[{"ltp":1.89,"id":40096589}]}]}
{"op":"mcm","clk":"11870794120","pt":1723550621994,"mc":[{"id":"1.231703146","rc":[{"ltp":1.9,"id":40096589}]}]}
{"op":"mcm","clk":"11870798343","pt":1723550741377,"mc":[{"id":"1.231703146","rc":[{"ltp":1.89,"id":40096589}]}]}
{"op":"mcm","clk":"11870809871","pt":1723551019432,"mc":[{"id":"1.231703146","rc":[{"ltp":1.9,"id":40096589}]}]}
{"op":"mcm","clk":"11870833228","pt":1723551517641,"mc":[{"id":"1.231703146","rc":[{"ltp":1.88,"id":40096589},{"ltp":2.12,"id":40096576}]}]}
{"op":"mcm","clk":"11870840011","pt":1723551710187,"mc":[{"id":"1.231703146","rc":[{"ltp":1.89,"id":40096589}]}]}
{"op":"mcm","clk":"11870857046","pt":1723552051568,"mc":[{"id":"1.231703146","rc":[{"ltp":1.88,"id":40096589}]}]}
{"op":"mcm","clk":"11870859381","pt":1723552112365,"mc":[{"id":"1.231703146","rc":[{"ltp":1.89,"id":40096589}]}]}
{"op":"mcm","clk":"11870873897","pt":1723552427833,"mc":[{"id":"1.231703146","rc":[{"ltp":1.88,"id":40096589}]}]}
{"op":"mcm","clk":"11870882357","pt":1723552620027,"mc":[{"id":"1.231703146","rc":[{"ltp":1.89,"id":40096589}]}]}
{"op":"mcm","clk":"11870890114","pt":1723552841712,"mc":[{"id":"1.231703146","rc":[{"ltp":1.86,"id":40096589},{"ltp":2.16,"id":40096576}]}]}
{"op":"mcm","clk":"11870894044","pt":1723552955027,"mc":[{"id":"1.231703146","rc":[{"ltp":2.14,"id":40096576}]}]}
{"op":"mcm","clk":"11870904147","pt":1723553022824,"mc":[{"id":"1.231703146","rc":[{"ltp":1.87,"id":40096589}]}]}
{"op":"mcm","clk":"11870909209","pt":1723553139908,"mc":[{"id":"1.231703146","rc":[{"ltp":1.88,"id":40096589}]}]}
{"op":"mcm","clk":"11870914620","pt":1723553261182,"mc":[{"id":"1.231703146","rc":[{"ltp":1.87,"id":40096589}]}]}
{"op":"mcm","clk":"11870916163","pt":1723553300913,"mc":[{"id":"1.231703146","rc":[{"ltp":1.88,"id":40096589}]}]}
{"op":"mcm","clk":"11870918927","pt":1723553370194,"mc":[{"id":"1.231703146","rc":[{"ltp":1.87,"id":40096589}]}]}
{"op":"mcm","clk":"11870922102","pt":1723553442576,"mc":[{"id":"1.231703146","rc":[{"ltp":2.12,"id":40096576}]}]}
{"op":"mcm","clk":"11870924344","pt":1723553497910,"mc":[{"id":"1.231703146","rc":[{"ltp":2.14,"id":40096576}]}]}
{"op":"mcm","clk":"11870934617","pt":1723553676944,"mc":[{"id":"1.231703146","rc":[{"ltp":1.88,"id":40096589}]}]}
{"op":"mcm","clk":"11870939695","pt":1723553860511,"mc":[{"id":"1.231703146","rc":[{"ltp":1.87,"id":40096589},{"ltp":2.12,"id":40096576}]}]}
{"op":"mcm","clk":"11870943372","pt":1723553975041,"mc":[{"id":"1.231703146","rc":[{"ltp":1.88,"id":40096589}]}]}
{"op":"mcm","clk":"11870945547","pt":1723554041942,"mc":[{"id":"1.231703146","rc":[{"ltp":2.14,"id":40096576}]}]}
{"op":"mcm","clk":"11870950110","pt":1723554157184,"mc":[{"id":"1.231703146","rc":[{"ltp":1.89,"id":40096589}]}]}
{"op":"mcm","clk":"11870952367","pt":1723554220663,"mc":[{"id":"1.231703146","rc":[{"ltp":1.88,"id":40096589}]}]}
{"op":"mcm","clk":"11870954927","pt":1723554279126,"mc":[{"id":"1.231703146","rc":[{"ltp":1.87,"id":40096589},{"ltp":2.16,"id":40096576}]}]}
{"op":"mcm","clk":"11870962069","pt":1723554461180,"mc":[{"id":"1.231703146","rc":[{"ltp":1.86,"id":40096589},{"ltp":2.14,"id":40096576}]}]}
{"op":"mcm","clk":"11870964071","pt":1723554520210,"mc":[{"id":"1.231703146","rc":[{"ltp":1.87,"id":40096589}]}]}
{"op":"mcm","clk":"11870971750","pt":1723554749319,"mc":[{"id":"1.231703146","rc":[{"ltp":1.89,"id":40096589}]}]}
{"op":"mcm","clk":"11870974716","pt":1723554822782,"mc":[{"id":"1.231703146","rc":[{"ltp":1.88,"id":40096589}]}]}
{"op":"mcm","clk":"11870976991","pt":1723554881359,"mc":[{"id":"1.231703146","rc":[{"ltp":1.89,"id":40096589},{"ltp":2.12,"id":40096576}]}]}
{"op":"mcm","clk":"11870978719","pt":1723554925215,"mc":[{"id":"1.231703146","rc":[{"ltp":1.88,"id":40096589}]}]}
{"op":"mcm","clk":"11870980913","pt":1723554983091,"mc":[{"id":"1.231703146","rc":[{"ltp":2.14,"id":40096576}]}]}
{"op":"mcm","clk":"11870985442","pt":1723555107132,"mc":[{"id":"1.231703146","rc":[{"ltp":2.12,"id":40096576}]}]}
{"op":"mcm","clk":"11870997164","pt":1723555360203,"mc":[{"id":"1.231703146","rc":[{"ltp":2.14,"id":40096576}]}]}
{"op":"mcm","clk":"11871002073","pt":1723555482042,"mc":[{"id":"1.231703146","rc":[{"ltp":1.89,"id":40096589},{"ltp":2.12,"id":40096576}]}]}
{"op":"mcm","clk":"11871004570","pt":1723555542921,"mc":[{"id":"1.231703146","rc":[{"ltp":1.88,"id":40096589}]}]}
{"op":"mcm","clk":"11871006836","pt":1723555595614,"mc":[{"id":"1.231703146","rc":[{"ltp":1.87,"id":40096589}]}]}
{"op":"mcm","clk":"11871009304","pt":1723555657876,"mc":[{"id":"1.231703146","rc":[{"ltp":1.88,"id":40096589}]}]}
{"op":"mcm","clk":"11871011911","pt":1723555715229,"mc":[{"id":"1.231703146","rc":[{"ltp":1.87,"id":40096589}]}]}
{"op":"mcm","clk":"11871014017","pt":1723555757087,"mc":[{"id":"1.231703146","rc":[{"ltp":1.86,"id":40096589}]}]}
{"op":"mcm","clk":"11871020411","pt":1723555893998,"mc":[{"id":"1.231703146","rc":[{"ltp":2.16,"id":40096576}]}]}
{"op":"mcm","clk":"11871023855","pt":1723555962149,"mc":[{"id":"1.231703146","rc":[{"ltp":2.2,"id":40096576}]}]}
{"op":"mcm","clk":"11871027839","pt":1723556022219,"mc":[{"id":"1.231703146","rc":[{"ltp":2.14,"id":40096589},{"ltp":1.87,"id":40096576}]}]}
{"op":"mcm","clk":"11871030146","pt":1723556080563,"mc":[{"id":"1.231703146","rc":[{"ltp":2.04,"id":40096589},{"ltp":1.95,"id":40096576}]}]}
{"op":"mcm","clk":"11871032774","pt":1723556142142,"mc":[{"id":"1.231703146","rc":[{"ltp":2.06,"id":40096589},{"ltp":1.94,"id":40096576}]}]}
{"op":"mcm","clk":"11871035548","pt":1723556203012,"mc":[{"id":"1.231703146","rc":[{"ltp":2.08,"id":40096589},{"ltp":1.92,"id":40096576}]}]}
{"op":"mcm","clk":"11871038492","pt":1723556262698,"mc":[{"id":"1.231703146","rc":[{"ltp":2.06,"id":40096589},{"ltp":1.93,"id":40096576}]}]}
{"op":"mcm","clk":"11871041798","pt":1723556322975,"mc":[{"id":"1.231703146","rc":[{"ltp":2.04,"id":40096589},{"ltp":1.95,"id":40096576}]}]}
{"op":"mcm","clk":"11871045030","pt":1723556382662,"mc":[{"id":"1.231703146","rc":[{"ltp":2.02,"id":40096589},{"ltp":1.98,"id":40096576}]}]}
{"op":"mcm","clk":"11871048165","pt":1723556442549,"mc":[{"id":"1.231703146","rc":[{"ltp":2.0,"id":40096589},{"ltp":1.99,"id":40096576}]}]}
{"op":"mcm","clk":"11871051054","pt":1723556503002,"mc":[{"id":"1.231703146","rc":[{"ltp":2.02,"id":40096589},{"ltp":1.98,"id":40096576}]}]}
{"op":"mcm","clk":"11871053795","pt":1723556562771,"mc":[{"id":"1.231703146","rc":[{"ltp":1.96,"id":40096576}]}]}
{"op":"mcm","clk":"11871059561","pt":1723556682893,"mc":[{"id":"1.231703146","rc":[{"ltp":1.98,"id":40096576}]}]}
{"op":"mcm","clk":"11871062693","pt":1723556742788,"mc":[{"id":"1.231703146","rc":[{"ltp":2.04,"id":40096589},{"ltp":1.95,"id":40096576}]}]}
{"op":"mcm","clk":"11871065834","pt":1723556802973,"mc":[{"id":"1.231703146","rc":[{"ltp":1.98,"id":40096576}]}]}
{"op":"mcm","clk":"11871069037","pt":1723556862021,"mc":[{"id":"1.231703146","rc":[{"ltp":2.06,"id":40096589},{"ltp":1.96,"id":40096576}]}]}
{"op":"mcm","clk":"11871072171","pt":1723556922804,"mc":[{"id":"1.231703146","rc":[{"ltp":2.02,"id":40096589},{"ltp":1.97,"id":40096576}]}]}
{"op":"mcm","clk":"11871075045","pt":1723556982275,"mc":[{"id":"1.231703146","rc":[{"ltp":1.99,"id":40096576}]}]}
{"op":"mcm","clk":"11871078211","pt":1723557043044,"mc":[{"id":"1.231703146","rc":[{"ltp":1.97,"id":40096589},{"ltp":2.02,"id":40096576}]}]}
{"op":"mcm","clk":"11871081207","pt":1723557102814,"mc":[{"id":"1.231703146","rc":[{"ltp":2.0,"id":40096589},{"ltp":2.0,"id":40096576}]}]}
{"op":"mcm","clk":"11871083980","pt":1723557162431,"mc":[{"id":"1.231703146","rc":[{"ltp":1.98,"id":40096576}]}]}
{"op":"mcm","clk":"11871086611","pt":1723557222625,"mc":[{"id":"1.231703146","rc":[{"ltp":2.02,"id":40096589},{"ltp":1.99,"id":40096576}]}]}
{"op":"mcm","clk":"11871089017","pt":1723557282917,"mc":[{"id":"1.231703146","rc":[{"ltp":2.0,"id":40096589},{"ltp":1.98,"id":40096576}]}]}
{"op":"mcm","clk":"11871094266","pt":1723557402470,"mc":[{"id":"1.231703146","rc":[{"ltp":2.02,"id":40096589}]}]}
{"op":"mcm","clk":"11871099955","pt":1723557522680,"mc":[{"id":"1.231703146","rc":[{"ltp":2.0,"id":40096589},{"ltp":1.99,"id":40096576}]}]}
{"op":"mcm","clk":"11871102976","pt":1723557583051,"mc":[{"id":"1.231703146","rc":[{"ltp":2.02,"id":40096589}]}]}
{"op":"mcm","clk":"11871106505","pt":1723557643021,"mc":[{"id":"1.231703146","marketDefinition":{"bspMarket":false,"turnInPlayEnabled":true,"persistenceEnabled":true,"marketBaseRate":5.0,"eventId":"33486248","eventTypeId":"4","numberOfWinners":1,"bettingType":"ODDS","marketType":"MATCH_ODDS","marketTime":"2024-08-13T14:00:00.000Z","suspendTime":"2024-08-13T14:00:00.000Z","bspReconciled":false,"complete":true,"inPlay":true,"crossMatching":true,"runnersVoidable":false,"numberOfActiveRunners":2,"betDelay":5,"status":"OPEN","runners":[{"status":"ACTIVE","sortPriority":1,"id":40096589,"name":"Northern Superchargers Women"},{"status":"ACTIVE","sortPriority":2,"id":40096576,"name":"London Spirit Women"}],"regulators":["MR_INT"],"countryCode":"GB","discountAllowed":true,"timezone":"GMT","openDate":"2024-08-13T14:00:00.000Z","version":6072823670,"name":"Match Odds","eventName":"Northern Superchargers Women v London Spirit Women"},"rc":[{"ltp":1.9,"id":40096589},{"ltp":2.12,"id":40096576}]}]}
{"op":"mcm","clk":"11871109800","pt":1723557703003,"mc":[{"id":"1.231703146","rc":[{"ltp":2.24,"id":40096589},{"ltp":1.8,"id":40096576}]}]}
{"op":"mcm","clk":"11871113382","pt":1723557762902,"mc":[{"id":"1.231703146","rc":[{"ltp":2.16,"id":40096589},{"ltp":1.84,"id":40096576}]}]}
{"op":"mcm","clk":"11871117058","pt":1723557823035,"mc":[{"id":"1.231703146","rc":[{"ltp":2.22,"id":40096589},{"ltp":1.82,"id":40096576}]}]}
{"op":"mcm","clk":"11871120618","pt":1723557882936,"mc":[{"id":"1.231703146","rc":[{"ltp":2.3,"id":40096589},{"ltp":1.76,"id":40096576}]}]}
{"op":"mcm","clk":"11871124703","pt":1723557942979,"mc":[{"id":"1.231703146","rc":[{"ltp":2.22,"id":40096589},{"ltp":1.8,"id":40096576}]}]}
{"op":"mcm","clk":"11871128542","pt":1723558002943,"mc":[{"id":"1.231703146","rc":[{"ltp":2.3,"id":40096589},{"ltp":1.76,"id":40096576}]}]}
{"op":"mcm","clk":"11871132429","pt":1723558063045,"mc":[{"id":"1.231703146","rc":[{"ltp":2.4,"id":40096589},{"ltp":1.72,"id":40096576}]}]}
{"op":"mcm","clk":"11871135914","pt":1723558122889,"mc":[{"id":"1.231703146","rc":[{"ltp":2.52,"id":40096589},{"ltp":1.69,"id":40096576}]}]}
{"op":"mcm","clk":"11871139590","pt":1723558183039,"mc":[{"id":"1.231703146","rc":[{"ltp":2.66,"id":40096589},{"ltp":1.6,"id":40096576}]}]}
{"op":"mcm","clk":"11871143429","pt":1723558243022,"mc":[{"id":"1.231703146","rc":[{"ltp":3.0,"id":40096589},{"ltp":1.5,"id":40096576}]}]}
{"op":"mcm","clk":"11871146678","pt":1723558302957,"mc":[{"id":"1.231703146","rc":[{"ltp":3.1,"id":40096589},{"ltp":1.49,"id":40096576}]}]}
{"op":"mcm","clk":"11871149743","pt":1723558363038,"mc":[{"id":"1.231703146","rc":[{"ltp":3.05,"id":40096589}]}]}
{"op":"mcm","clk":"11871160788","pt":1723558423017,"mc":[{"id":"1.231703146","rc":[{"ltp":3.3,"id":40096589},{"ltp":1.43,"id":40096576}]}]}
{"op":"mcm","clk":"11871164406","pt":1723558483059,"mc":[{"id":"1.231703146","rc":[{"ltp":3.4,"id":40096589},{"ltp":1.41,"id":40096576}]}]}
{"op":"mcm","clk":"11871168302","pt":1723558543034,"mc":[{"id":"1.231703146","rc":[{"ltp":5.1,"id":40096589},{"ltp":1.23,"id":40096576}]}]}
{"op":"mcm","clk":"11871172006","pt":1723558602989,"mc":[{"id":"1.231703146","rc":[{"ltp":5.4,"id":40096589},{"ltp":1.22,"id":40096576}]}]}
{"op":"mcm","clk":"11871175407","pt":1723558662960,"mc":[{"id":"1.231703146","rc":[{"ltp":5.7,"id":40096589},{"ltp":1.21,"id":40096576}]}]}
{"op":"mcm","clk":"11871179258","pt":1723558722991,"mc":[{"id":"1.231703146","rc":[{"ltp":5.0,"id":40096589},{"ltp":1.25,"id":40096576}]}]}
{"op":"mcm","clk":"11871182994","pt":1723558782983,"mc":[{"id":"1.231703146","rc":[{"ltp":5.1,"id":40096589},{"ltp":1.24,"id":40096576}]}]}
{"op":"mcm","clk":"11871186048","pt":1723558842960,"mc":[{"id":"1.231703146","rc":[{"ltp":4.8,"id":40096589},{"ltp":1.26,"id":40096576}]}]}
{"op":"mcm","clk":"11871189246","pt":1723558903042,"mc":[{"id":"1.231703146","rc":[{"ltp":4.1,"id":40096589},{"ltp":1.32,"id":40096576}]}]}
{"op":"mcm","clk":"11871192409","pt":1723558962974,"mc":[{"id":"1.231703146","rc":[{"ltp":4.2,"id":40096589},{"ltp":1.31,"id":40096576}]}]}
{"op":"mcm","clk":"11871195843","pt":1723559022976,"mc":[{"id":"1.231703146","rc":[{"ltp":4.1,"id":40096589},{"ltp":1.33,"id":40096576}]}]}
{"op":"mcm","clk":"11871199347","pt":1723559083022,"mc":[{"id":"1.231703146","rc":[{"ltp":1.31,"id":40096576}]}]}
{"op":"mcm","clk":"11871202875","pt":1723559142868,"mc":[{"id":"1.231703146","rc":[{"ltp":4.2,"id":40096589}]}]}
{"op":"mcm","clk":"11871206231","pt":1723559203058,"mc":[{"id":"1.231703146","rc":[{"ltp":4.4,"id":40096589},{"ltp":1.29,"id":40096576}]}]}
{"op":"mcm","clk":"11871209397","pt":1723559263003,"mc":[{"id":"1.231703146","rc":[{"ltp":4.7,"id":40096589},{"ltp":1.27,"id":40096576}]}]}
{"op":"mcm","clk":"11871212698","pt":1723559322990,"mc":[{"id":"1.231703146","rc":[{"ltp":4.4,"id":40096589},{"ltp":1.28,"id":40096576}]}]}
{"op":"mcm","clk":"11871215751","pt":1723559383058,"mc":[{"id":"1.231703146","rc":[{"ltp":4.5,"id":40096589}]}]}
{"op":"mcm","clk":"11871222124","pt":1723559502898,"mc":[{"id":"1.231703146","rc":[{"ltp":4.9,"id":40096589},{"ltp":1.24,"id":40096576}]}]}
{"op":"mcm","clk":"11871225133","pt":1723559563046,"mc":[{"id":"1.231703146","rc":[{"ltp":4.8,"id":40096589},{"ltp":1.27,"id":40096576}]}]}
{"op":"mcm","clk":"11871228170","pt":1723559622972,"mc":[{"id":"1.231703146","rc":[{"ltp":7.2,"id":40096589},{"ltp":1.16,"id":40096576}]}]}
{"op":"mcm","clk":"11871230996","pt":1723559683008,"mc":[{"id":"1.231703146","rc":[{"ltp":6.8,"id":40096589},{"ltp":1.17,"id":40096576}]}]}
{"op":"mcm","clk":"11871234647","pt":1723559742991,"mc":[{"id":"1.231703146","rc":[{"ltp":6.2,"id":40096589},{"ltp":1.19,"id":40096576}]}]}
{"op":"mcm","clk":"11871237989","pt":1723559802931,"mc":[{"id":"1.231703146","rc":[{"ltp":6.6,"id":40096589}]}]}
{"op":"mcm","clk":"11871241167","pt":1723559863011,"mc":[{"id":"1.231703146","rc":[{"ltp":6.4,"id":40096589},{"ltp":1.18,"id":40096576}]}]}
{"op":"mcm","clk":"11871244293","pt":1723559922891,"mc":[{"id":"1.231703146","rc":[{"ltp":6.6,"id":40096589}]}]}
{"op":"mcm","clk":"11871247140","pt":1723559983035,"mc":[{"id":"1.231703146","rc":[{"ltp":5.9,"id":40096589},{"ltp":1.2,"id":40096576}]}]}
{"op":"mcm","clk":"11871250375","pt":1723560043034,"mc":[{"id":"1.231703146","rc":[{"ltp":6.4,"id":40096589}]}]}
{"op":"mcm","clk":"11871253870","pt":1723560103012,"mc":[{"id":"1.231703146","rc":[{"ltp":6.0,"id":40096589}]}]}
{"op":"mcm","clk":"11871257082","pt":1723560162940,"mc":[{"id":"1.231703146","rc":[{"ltp":5.2,"id":40096589},{"ltp":1.23,"id":40096576}]}]}
{"op":"mcm","clk":"11871260667","pt":1723560222850,"mc":[{"id":"1.231703146","rc":[{"ltp":1.24,"id":40096576}]}]}
{"op":"mcm","clk":"11871264189","pt":1723560283024,"mc":[{"id":"1.231703146","rc":[{"ltp":5.0,"id":40096589},{"ltp":1.25,"id":40096576}]}]}
{"op":"mcm","clk":"11871267360","pt":1723560342999,"mc":[{"id":"1.231703146","rc":[{"ltp":5.3,"id":40096589},{"ltp":1.23,"id":40096576}]}]}
{"op":"mcm","clk":"11871270263","pt":1723560403019,"mc":[{"id":"1.231703146","rc":[{"ltp":5.6,"id":40096589},{"ltp":1.22,"id":40096576}]}]}
{"op":"mcm","clk":"11871273078","pt":1723560462987,"mc":[{"id":"1.231703146","rc":[{"ltp":5.7,"id":40096589},{"ltp":1.21,"id":40096576}]}]}
{"op":"mcm","clk":"11871276446","pt":1723560522977,"mc":[{"id":"1.231703146","rc":[{"ltp":6.2,"id":40096589},{"ltp":1.19,"id":40096576}]}]}
{"op":"mcm","clk":"11871282704","pt":1723560643017,"mc":[{"id":"1.231703146","rc":[{"ltp":6.0,"id":40096589},{"ltp":1.2,"id":40096576}]}]}
{"op":"mcm","clk":"11871288271","pt":1723560763053,"mc":[{"id":"1.231703146","rc":[{"ltp":6.2,"id":40096589},{"ltp":1.19,"id":40096576}]}]}
{"op":"mcm","clk":"11871291338","pt":1723560822915,"mc":[{"id":"1.231703146","rc":[{"ltp":6.4,"id":40096589},{"ltp":1.18,"id":40096576}]}]}
{"op":"mcm","clk":"11871294477","pt":1723560882975,"mc":[{"id":"1.231703146","rc":[{"ltp":1.17,"id":40096576}]}]}
{"op":"mcm","clk":"11871297844","pt":1723560943021,"mc":[{"id":"1.231703146","rc":[{"ltp":7.2,"id":40096589},{"ltp":1.16,"id":40096576}]}]}
{"op":"mcm","clk":"11871301217","pt":1723561003027,"mc":[{"id":"1.231703146","rc":[{"ltp":6.8,"id":40096589},{"ltp":1.17,"id":40096576}]}]}
{"op":"mcm","clk":"11871304203","pt":1723561062996,"mc":[{"id":"1.231703146","rc":[{"ltp":6.4,"id":40096589},{"ltp":1.18,"id":40096576}]}]}
{"op":"mcm","clk":"11871307566","pt":1723561123046,"mc":[{"id":"1.231703146","rc":[{"ltp":8.0,"id":40096589},{"ltp":1.14,"id":40096576}]}]}
{"op":"mcm","clk":"11871312039","pt":1723561183054,"mc":[{"id":"1.231703146","rc":[{"ltp":8.6,"id":40096589},{"ltp":1.13,"id":40096576}]}]}
{"op":"mcm","clk":"11871316154","pt":1723561243008,"mc":[{"id":"1.231703146","rc":[{"ltp":9.4,"id":40096589},{"ltp":1.12,"id":40096576}]}]}
{"op":"mcm","clk":"11871320771","pt":1723561302981,"mc":[{"id":"1.231703146","rc":[{"ltp":9.2,"id":40096589}]}]}
{"op":"mcm","clk":"11871324399","pt":1723561363050,"mc":[{"id":"1.231703146","rc":[{"ltp":8.6,"id":40096589},{"ltp":1.14,"id":40096576}]}]}
{"op":"mcm","clk":"11871327904","pt":1723561423014,"mc":[{"id":"1.231703146","rc":[{"ltp":8.8,"id":40096589},{"ltp":1.12,"id":40096576}]}]}
{"op":"mcm","clk":"11871331083","pt":1723561482995,"mc":[{"id":"1.231703146","rc":[{"ltp":8.2,"id":40096589},{"ltp":1.14,"id":40096576}]}]}
{"op":"mcm","clk":"11871334681","pt":1723561542986,"mc":[{"id":"1.231703146","rc":[{"ltp":8.0,"id":40096589}]}]}
{"op":"mcm","clk":"11871338219","pt":1723561603015,"mc":[{"id":"1.231703146","rc":[{"ltp":8.6,"id":40096589},{"ltp":1.13,"id":40096576}]}]}
{"op":"mcm","clk":"11871341631","pt":1723561662989,"mc":[{"id":"1.231703146","rc":[{"ltp":8.0,"id":40096589},{"ltp":1.14,"id":40096576}]}]}
{"op":"mcm","clk":"11871344960","pt":1723561723052,"mc":[{"id":"1.231703146","rc":[{"ltp":8.2,"id":40096589}]}]}
{"op":"mcm","clk":"11871347887","pt":1723561782999,"mc":[{"id":"1.231703146","rc":[{"ltp":9.0,"id":40096589},{"ltp":1.13,"id":40096576}]}]}
{"op":"mcm","clk":"11871350934","pt":1723561842921,"mc":[{"id":"1.231703146","rc":[{"ltp":1.12,"id":40096576}]}]}
{"op":"mcm","clk":"11871354488","pt":1723561902902,"mc":[{"id":"1.231703146","rc":[{"ltp":1.13,"id":40096576}]}]}
{"op":"mcm","clk":"11871358277","pt":1723561963049,"mc":[{"id":"1.231703146","rc":[{"ltp":8.8,"id":40096589}]}]}
{"op":"mcm","clk":"11871365591","pt":1723562082358,"mc":[{"id":"1.231703146","rc":[{"ltp":9.0,"id":40096589}]}]}
{"op":"mcm","clk":"11871369151","pt":1723562142751,"mc":[{"id":"1.231703146","rc":[{"ltp":8.8,"id":40096589},{"ltp":1.12,"id":40096576}]}]}
{"op":"mcm","clk":"11871372262","pt":1723562202779,"mc":[{"id":"1.231703146","rc":[{"ltp":9.0,"id":40096589},{"ltp":1.13,"id":40096576}]}]}
{"op":"mcm","clk":"11871394850","pt":1723562563036,"mc":[{"id":"1.231703146","rc":[{"ltp":8.8,"id":40096589}]}]}
{"op":"mcm","clk":"11871398795","pt":1723562622934,"mc":[{"id":"1.231703146","rc":[{"ltp":9.2,"id":40096589},{"ltp":1.12,"id":40096576}]}]}
{"op":"mcm","clk":"11871407123","pt":1723562743038,"mc":[{"id":"1.231703146","rc":[{"ltp":13.5,"id":40096589},{"ltp":1.08,"id":40096576}]}]}
{"op":"mcm","clk":"11871414432","pt":1723562862979,"mc":[{"id":"1.231703146","rc":[{"ltp":18.0,"id":40096589},{"ltp":1.05,"id":40096576}]}]}
{"op":"mcm","clk":"11871418029","pt":1723562922988,"mc":[{"id":"1.231703146","rc":[{"ltp":34.0,"id":40096589},{"ltp":1.03,"id":40096576}]}]}
{"op":"mcm","clk":"11871422204","pt":1723562983002,"mc":[{"id":"1.231703146","rc":[{"ltp":27.0,"id":40096589},{"ltp":1.04,"id":40096576}]}]}
{"op":"mcm","clk":"11871426671","pt":1723563043029,"mc":[{"id":"1.231703146","rc":[{"ltp":12.0,"id":40096589},{"ltp":1.09,"id":40096576}]}]}
{"op":"mcm","clk":"11871431546","pt":1723563102996,"mc":[{"id":"1.231703146","rc":[{"ltp":7.8,"id":40096589},{"ltp":1.16,"id":40096576}]}]}
{"op":"mcm","clk":"11871435856","pt":1723563162997,"mc":[{"id":"1.231703146","rc":[{"ltp":8.2,"id":40096589},{"ltp":1.14,"id":40096576}]}]}
{"op":"mcm","clk":"11871440102","pt":1723563223047,"mc":[{"id":"1.231703146","rc":[{"ltp":11.0,"id":40096589},{"ltp":1.09,"id":40096576}]}]}
{"op":"mcm","clk":"11871445018","pt":1723563282989,"mc":[{"id":"1.231703146","rc":[{"ltp":1.1,"id":40096576}]}]}
{"op":"mcm","clk":"11871448944","pt":1723563342996,"mc":[{"id":"1.231703146","rc":[{"ltp":10.0,"id":40096589},{"ltp":1.11,"id":40096576}]}]}
{"op":"mcm","clk":"11871456849","pt":1723563463046,"mc":[{"id":"1.231703146","rc":[{"ltp":9.4,"id":40096589},{"ltp":1.12,"id":40096576}]}]}
{"op":"mcm","clk":"11871461005","pt":1723563523007,"mc":[{"id":"1.231703146","rc":[{"ltp":5.6,"id":40096589},{"ltp":1.22,"id":40096576}]}]}
{"op":"mcm","clk":"11871465104","pt":1723563582973,"mc":[{"id":"1.231703146","rc":[{"ltp":4.8,"id":40096589},{"ltp":1.27,"id":40096576}]}]}
{"op":"mcm","clk":"11871469677","pt":1723563643051,"mc":[{"id":"1.231703146","rc":[{"ltp":4.4,"id":40096589},{"ltp":1.3,"id":40096576}]}]}
{"op":"mcm","clk":"11871474285","pt":1723563702907,"mc":[{"id":"1.231703146","rc":[{"ltp":4.5,"id":40096589},{"ltp":1.28,"id":40096576}]}]}
{"op":"mcm","clk":"11871478797","pt":1723563763000,"mc":[{"id":"1.231703146","rc":[{"ltp":1.29,"id":40096576}]}]}
{"op":"mcm","clk":"11871495108","pt":1723563882920,"mc":[{"id":"1.231703146","rc":[{"ltp":3.9,"id":40096589},{"ltp":1.36,"id":40096576}]}]}
{"op":"mcm","clk":"11871498666","pt":1723563943035,"mc":[{"id":"1.231703146","rc":[{"ltp":4.1,"id":40096589},{"ltp":1.32,"id":40096576}]}]}
{"op":"mcm","clk":"11871502233","pt":1723564003014,"mc":[{"id":"1.231703146","rc":[{"ltp":5.0,"id":40096589},{"ltp":1.25,"id":40096576}]}]}
{"op":"mcm","clk":"11871505845","pt":1723564063041,"mc":[{"id":"1.231703146","rc":[{"ltp":5.3,"id":40096589},{"ltp":1.22,"id":40096576}]}]}
{"op":"mcm","clk":"11871509731","pt":1723564122996,"mc":[{"id":"1.231703146","rc":[{"ltp":7.6,"id":40096589},{"ltp":1.15,"id":40096576}]}]}
{"op":"mcm","clk":"11871513753","pt":1723564182989,"mc":[{"id":"1.231703146","rc":[{"ltp":6.8,"id":40096589},{"ltp":1.16,"id":40096576}]}]}
{"op":"mcm","clk":"11871517738","pt":1723564242947,"mc":[{"id":"1.231703146","rc":[{"ltp":6.4,"id":40096589},{"ltp":1.22,"id":40096576}]}]}
{"op":"mcm","clk":"11871521836","pt":1723564303002,"mc":[{"id":"1.231703146","rc":[{"ltp":5.9,"id":40096589},{"ltp":1.21,"id":40096576}]}]}
{"op":"mcm","clk":"11871525901","pt":1723564362864,"mc":[{"id":"1.231703146","rc":[{"ltp":5.3,"id":40096589},{"ltp":1.22,"id":40096576}]}]}
{"op":"mcm","clk":"11871529675","pt":1723564423015,"mc":[{"id":"1.231703146","rc":[{"ltp":5.6,"id":40096589}]}]}
{"op":"mcm","clk":"11871533506","pt":1723564482984,"mc":[{"id":"1.231703146","rc":[{"ltp":5.4,"id":40096589},{"ltp":1.23,"id":40096576}]}]}
{"op":"mcm","clk":"11871538018","pt":1723564542960,"mc":[{"id":"1.231703146","rc":[{"ltp":9.4,"id":40096589},{"ltp":1.12,"id":40096576}]}]}
{"op":"mcm","clk":"11871542284","pt":1723564603050,"mc":[{"id":"1.231703146","rc":[{"ltp":8.6,"id":40096589},{"ltp":1.13,"id":40096576}]}]}
{"op":"mcm","clk":"11871546318","pt":1723564663013,"mc":[{"id":"1.231703146","rc":[{"ltp":1.14,"id":40096576}]}]}
{"op":"mcm","clk":"11871550174","pt":1723564722977,"mc":[{"id":"1.231703146","rc":[{"ltp":7.8,"id":40096589},{"ltp":1.15,"id":40096576}]}]}
{"op":"mcm","clk":"11871554446","pt":1723564783023,"mc":[{"id":"1.231703146","rc":[{"ltp":7.0,"id":40096589},{"ltp":1.17,"id":40096576}]}]}
{"op":"mcm","clk":"11871559476","pt":1723564843001,"mc":[{"id":"1.231703146","rc":[{"ltp":7.6,"id":40096589},{"ltp":1.14,"id":40096576}]}]}
{"op":"mcm","clk":"11871570414","pt":1723564962763,"mc":[{"id":"1.231703146","rc":[{"ltp":7.2,"id":40096589},{"ltp":1.16,"id":40096576}]}]}
{"op":"mcm","clk":"11871575782","pt":1723565022989,"mc":[{"id":"1.231703146","rc":[{"ltp":8.6,"id":40096589},{"ltp":1.13,"id":40096576}]}]}
{"op":"mcm","clk":"11871581213","pt":1723565083041,"mc":[{"id":"1.231703146","rc":[{"ltp":8.8,"id":40096589},{"ltp":1.12,"id":40096576}]}]}
{"op":"mcm","clk":"11871586147","pt":1723565142996,"mc":[{"id":"1.231703146","rc":[{"ltp":8.6,"id":40096589},{"ltp":1.13,"id":40096576}]}]}
{"op":"mcm","clk":"11871590873","pt":1723565202979,"mc":[{"id":"1.231703146","rc":[{"ltp":8.2,"id":40096589}]}]}
{"op":"mcm","clk":"11871596392","pt":1723565262919,"mc":[{"id":"1.231703146","rc":[{"ltp":18.0,"id":40096589},{"ltp":1.06,"id":40096576}]}]}
{"op":"mcm","clk":"11871601691","pt":1723565322875,"mc":[{"id":"1.231703146","rc":[{"ltp":17.0,"id":40096589},{"ltp":1.07,"id":40096576}]}]}
{"op":"mcm","clk":"11871607039","pt":1723565382959,"mc":[{"id":"1.231703146","rc":[{"ltp":16.0,"id":40096589}]}]}
{"op":"mcm","clk":"11871612852","pt":1723565442952,"mc":[{"id":"1.231703146","rc":[{"ltp":1.06,"id":40096576}]}]}
{"op":"mcm","clk":"11871618603","pt":1723565502999,"mc":[{"id":"1.231703146","rc":[{"ltp":21.0,"id":40096589},{"ltp":1.04,"id":40096576}]}]}
{"op":"mcm","clk":"11871624510","pt":1723565563000,"mc":[{"id":"1.231703146","rc":[{"ltp":60.0,"id":40096589},{"ltp":1.02,"id":40096576}]}]}
{"op":"mcm","clk":"11871630191","pt":1723565622986,"mc":[{"id":"1.231703146","rc":[{"ltp":120.0,"id":40096589},{"ltp":1.01,"id":40096576}]}]}
{"op":"mcm","clk":"11871635588","pt":1723565682765,"mc":[{"id":"1.231703146","rc":[{"ltp":280.0,"id":40096589}]}]}
{"op":"mcm","clk":"11871640738","pt":1723565741750,"mc":[{"id":"1.231703146","rc":[{"ltp":120.0,"id":40096589}]}]}
{"op":"mcm","clk":"11871646116","pt":1723565802426,"mc":[{"id":"1.231703146","rc":[{"ltp":1000.0,"id":40096589}]}]}
{"op":"mcm","clk":"11871666158","pt":1723566037282,"mc":[{"id":"1.231703146","marketDefinition":{"bspMarket":false,"turnInPlayEnabled":true,"persistenceEnabled":true,"marketBaseRate":5.0,"eventId":"33486248","eventTypeId":"4","numberOfWinners":1,"bettingType":"ODDS","marketType":"MATCH_ODDS","marketTime":"2024-08-13T14:00:00.000Z","suspendTime":"2024-08-13T14:00:00.000Z","bspReconciled":false,"complete":true,"inPlay":true,"crossMatching":true,"runnersVoidable":false,"numberOfActiveRunners":2,"betDelay":5,"status":"SUSPENDED","runners":[{"status":"ACTIVE","sortPriority":1,"id":40096589,"name":"Northern Superchargers Women"},{"status":"ACTIVE","sortPriority":2,"id":40096576,"name":"London Spirit Women"}],"regulators":["MR_INT"],"countryCode":"GB","discountAllowed":true,"timezone":"GMT","openDate":"2024-08-13T14:00:00.000Z","version":6072940331,"name":"Match Odds","eventName":"Northern Superchargers Women v London Spirit Women"}}]}
{"op":"mcm","clk":"11871675452","pt":1723566154898,"mc":[{"id":"1.231703146","marketDefinition":{"bspMarket":false,"turnInPlayEnabled":true,"persistenceEnabled":true,"marketBaseRate":5.0,"eventId":"33486248","eventTypeId":"4","numberOfWinners":1,"bettingType":"ODDS","marketType":"MATCH_ODDS","marketTime":"2024-08-13T14:00:00.000Z","suspendTime":"2024-08-13T14:00:00.000Z","bspReconciled":false,"complete":true,"inPlay":true,"crossMatching":false,"runnersVoidable":false,"numberOfActiveRunners":0,"betDelay":5,"status":"CLOSED","settledTime":"2024-08-13T16:21:19.000Z","runners":[{"status":"LOSER","sortPriority":1,"id":40096589,"name":"Northern Superchargers Women"},{"status":"WINNER","sortPriority":2,"id":40096576,"name":"London Spirit Women"}],"regulators":["MR_INT"],"countryCode":"GB","discountAllowed":true,"timezone":"GMT","openDate":"2024-08-13T14:00:00.000Z","version":6072950747,"name":"Match Odds","eventName":"Northern Superchargers Women v London Spirit Women"}}]}
