{"op":"mcm","clk":"11771402115","pt":1722755882835,"mc":[{"id":"1.231426403","marketDefinition":{"bspMarket":false,"turnInPlayEnabled":true,"persistenceEnabled":true,"marketBaseRate":5.0,"eventId":"33466782","eventTypeId":"4","numberOfWinners":1,"bettingType":"ODDS","marketType":"MATCH_ODDS","marketTime":"2024-08-05T20:00:00.000Z","suspendTime":"2024-08-05T20:00:00.000Z","bspReconciled":false,"complete":true,"inPlay":false,"crossMatching":true,"runnersVoidable":false,"numberOfActiveRunners":2,"betDelay":0,"status":"OPEN","runners":[{"status":"ACTIVE","sortPriority":1,"id":19144236,"name":"Toronto Nationals"},{"status":"ACTIVE","sortPriority":2,"id":19144241,"name":"Montreal Tigers"}],"regulators":["MR_INT"],"countryCode":"GB","discountAllowed":true,"timezone":"GMT","openDate":"2024-08-05T20:00:00.000Z","version":6055950746,"name":"Match Odds","eventName":"Toronto Nationals v Montreal Tigers"}}]}
{"op":"mcm","clk":"11776632443","pt":1722798297587,"mc":[{"id":"1.231426403","rc":[{"ltp":1.3,"id":19144236}]}]}
{"op":"mcm","clk":"11778785928","pt":1722822563745,"mc":[{"id":"1.231426403","rc":[{"ltp":1.51,"id":19144236}]}]}
{"op":"mcm","clk":"11778832295","pt":1722823438481,"mc":[{"id":"1.231426403","rc":[{"ltp":2.98,"id":19144236},{"ltp":1.51,"id":19144241}]}]}
{"op":"mcm","clk":"11778834197","pt":1722823491165,"mc":[{"id":"1.231426403","rc":[{"ltp":1.51,"id":19144236},{"ltp":2.98,"id":19144241}]}]}
{"op":"mcm","clk":"11778981289","pt":1722827108824,"mc":[{"id":"1.231426403","rc":[{"ltp":3.5,"id":19144236},{"ltp":1.4,"id":19144241}]}]}
{"op":"mcm","clk":"11779608238","pt":1722843839393,"mc":[{"id":"1.231426403","rc":[{"ltp":1.94,"id":19144236},{"ltp":1.84,"id":19144241}]}]}
{"op":"mcm","clk":"11779819893","pt":1722851311644,"mc":[{"id":"1.231426403","rc":[{"ltp":1.98,"id":19144236}]}]}
{"op":"mcm","clk":"11779867831","pt":1722852489433,"mc":[{"id":"1.231426403","rc":[{"ltp":1.79,"id":19144241}]}]}
{"op":"mcm","clk":"11780161685","pt":1722858948841,"mc":[{"id":"1.231426403","rc":[{"ltp":2.02,"id":19144236}]}]}
{"op":"mcm","clk":"11780360028","pt":1722863940493,"mc":[{"id":"1.231426403","rc":[{"ltp":1.94,"id":19144241}]}]}
{"op":"mcm","clk":"11780453250","pt":1722866699641,"mc":[{"id":"1.231426403","rc":[{"ltp":1.91,"id":19144241}]}]}
{"op":"mcm","clk":"11780574409","pt":1722869856447,"mc":[{"id":"1.231426403","rc":[{"ltp":1.9,"id":19144241}]}]}
{"op":"mcm","clk":"11780601400","pt":1722870451366,"mc":[{"id":"1.231426403","rc":[{"ltp":1.86,"id":19144241}]}]}
{"op":"mcm","clk":"11780795481","pt":1722873848890,"mc":[{"id":"1.231426403","rc":[{"ltp":1.89,"id":19144241}]}]}
{"op":"mcm","clk":"11780799143","pt":1722873905944,"mc":[{"id":"1.231426403","rc":[{"ltp":2.12,"id":19144236}]}]}
{"op":"mcm","clk":"11780845985","pt":1722874495326,"mc":[{"id":"1.231426403","rc":[{"ltp":1.86,"id":19144241}]}]}
{"op":"mcm","clk":"11780995381","pt":1722876719339,"mc":[{"id":"1.231426403","rc":[{"ltp":2.1,"id":19144236},{"ltp":1.9,"id":19144241}]}]}
{"op":"mcm","clk":"11781009657","pt":1722876900353,"mc":[{"id":"1.231426403","rc":[{"ltp":1.82,"id":19144241}]}]}
{"op":"mcm","clk":"11781166154","pt":1722878647310,"mc":[{"id":"1.231426403","rc":[{"ltp":2.22,"id":19144236}]}]}
{"op":"mcm","clk":"11781177026","pt":1722878743729,"mc":[{"id":"1.231426403","rc":[{"ltp":1.88,"id":19144241}]}]}
{"op":"mcm","clk":"11781200853","pt":1722878991080,"mc":[{"id":"1.231426403","rc":[{"ltp":1.82,"id":19144241}]}]}
{"op":"mcm","clk":"11781438384","pt":1722881733467,"mc":[{"id":"1.231426403","rc":[{"ltp":2.16,"id":19144236},{"ltp":1.86,"id":19144241}]}]}
{"op":"mcm","clk":"11781461320","pt":1722881992524,"mc":[{"id":"1.231426403","rc":[{"ltp":2.02,"id":19144236}]}]}
{"op":"mcm","clk":"11781479273","pt":1722882191737,"mc":[{"id":"1.231426403","rc":[{"ltp":1.87,"id":19144241}]}]}
{"op":"mcm","clk":"11781622692","pt":1722883704780,"mc":[{"id":"1.231426403","rc":[{"ltp":2.16,"id":19144236}]}]}
{"op":"mcm","clk":"11781629710","pt":1722883799474,"mc":[{"id":"1.231426403","rc":[{"ltp":2.14,"id":19144236},{"ltp":1.97,"id":19144241}]}]}
{"op":"mcm","clk":"11781633896","pt":1722883858544,"mc":[{"id":"1.231426403","rc":[{"ltp":2.12,"id":19144236}]}]}
{"op":"mcm","clk":"11781637714","pt":1722883920166,"mc":[{"id":"1.231426403","rc":[{"ltp":1.87,"id":19144241}]}]}
{"op":"mcm","clk":"11781641714","pt":1722883980693,"mc":[{"id":"1.231426403","rc":[{"ltp":2.16,"id":19144236},{"ltp":1.86,"id":19144241}]}]}
{"op":"mcm","clk":"11781665999","pt":1722884336705,"mc":[{"id":"1.231426403","rc":[{"ltp":1.87,"id":19144241}]}]}
{"op":"mcm","clk":"11781669807","pt":1722884400433,"mc":[{"id":"1.231426403","rc":[{"ltp":1.86,"id":19144241}]}]}
{"op":"mcm","clk":"11781671968","pt":1722884430234,"mc":[{"id":"1.231426403","rc":[{"ltp":2.04,"id":19144236},{"ltp":1.95,"id":19144241}]}]}
{"op":"mcm","clk":"11781676316","pt":1722884494207,"mc":[{"id":"1.231426403","rc":[{"ltp":2.16,"id":19144236},{"ltp":1.92,"id":19144241}]}]}
{"op":"mcm","clk":"11781681973","pt":1722884578779,"mc":[{"id":"1.231426403","rc":[{"ltp":1.94,"id":19144241}]}]}
{"op":"mcm","clk":"11781705359","pt":1722884877045,"mc":[{"id":"1.231426403","rc":[{"ltp":2.06,"id":19144236},{"ltp":1.95,"id":19144241}]}]}
{"op":"mcm","clk":"11781718650","pt":1722885058672,"mc":[{"id":"1.231426403","rc":[{"ltp":2.04,"id":19144236},{"ltp":1.97,"id":19144241}]}]}
{"op":"mcm","clk":"11781739873","pt":1722885240034,"mc":[{"id":"1.231426403","rc":[{"ltp":2.02,"id":19144236}]}]}
{"op":"mcm","clk":"11781759918","pt":1722885479504,"mc":[{"id":"1.231426403","rc":[{"ltp":1.89,"id":19144241}]}]}
{"op":"mcm","clk":"11781763643","pt":1722885531759,"mc":[{"id":"1.231426403","rc":[{"ltp":1.92,"id":19144241}]}]}
{"op":"mcm","clk":"11781769190","pt":1722885597820,"mc":[{"id":"1.231426403","rc":[{"ltp":1.95,"id":19144241}]}]}
{"op":"mcm","clk":"11781789276","pt":1722885840315,"mc":[{"id":"1.231426403","rc":[{"ltp":2.06,"id":19144236},{"ltp":1.94,"id":19144241}]}]}
{"op":"mcm","clk":"11781796502","pt":1722885944955,"mc":[{"id":"1.231426403","rc":[{"ltp":1.91,"id":19144241}]}]}
{"op":"mcm","clk":"11781800973","pt":1722886013710,"mc":[{"id":"1.231426403","rc":[{"ltp":1.87,"id":19144241}]}]}
{"op":"mcm","clk":"11781824293","pt":1722886313483,"mc":[{"id":"1.231426403","rc":[{"ltp":2.16,"id":19144236},{"ltp":1.86,"id":19144241}]}]}
{"op":"mcm","clk":"11781830088","pt":1722886380792,"mc":[{"id":"1.231426403","rc":[{"ltp":2.2,"id":19144236},{"ltp":1.84,"id":19144241}]}]}
{"op":"mcm","clk":"11781839390","pt":1722886500197,"mc":[{"id":"1.231426403","rc":[{"ltp":2.26,"id":19144236},{"ltp":1.78,"id":19144241}]}]}
{"op":"mcm","clk":"11781843493","pt":1722886558847,"mc":[{"id":"1.231426403","rc":[{"ltp":2.3,"id":19144236},{"ltp":1.75,"id":19144241}]}]}
{"op":"mcm","clk":"11781847730","pt":1722886618257,"mc":[{"id":"1.231426403","rc":[{"ltp":1.76,"id":19144241}]}]}
{"op":"mcm","clk":"11781852776","pt":1722886679240,"mc":[{"id":"1.231426403","rc":[{"ltp":2.28,"id":19144236},{"ltp":1.77,"id":19144241}]}]}
{"op":"mcm","clk":"11781857375","pt":1722886735082,"mc":[{"id":"1.231426403","rc":[{"ltp":2.34,"id":19144236},{"ltp":1.75,"id":19144241}]}]}
{"op":"mcm","clk":"11781863391","pt":1722886800672,"mc":[{"id":"1.231426403","rc":[{"ltp":2.28,"id":19144236},{"ltp":1.79,"id":19144241}]}]}
{"op":"mcm","clk":"11781868256","pt":1722886859232,"mc":[{"id":"1.231426403","rc":[{"ltp":2.3,"id":19144236},{"ltp":1.76,"id":19144241}]}]}
{"op":"mcm","clk":"11781872100","pt":1722886917009,"mc":[{"id":"1.231426403","rc":[{"ltp":2.24,"id":19144236},{"ltp":1.8,"id":19144241}]}]}
{"op":"mcm","clk":"11781876258","pt":1722886980559,"mc":[{"id":"1.231426403","rc":[{"ltp":2.28,"id":19144236},{"ltp":1.76,"id":19144241}]}]}
{"op":"mcm","clk":"11781879433","pt":1722887032612,"mc":[{"id":"1.231426403","rc":[{"ltp":1.77,"id":19144241}]}]}
{"op":"mcm","clk":"11781883216","pt":1722887092866,"mc":[{"id":"1.231426403","rc":[{"ltp":2.3,"id":19144236},{"ltp":1.76,"id":19144241}]}]}
{"op":"mcm","clk":"11781891981","pt":1722887220623,"mc":[{"id":"1.231426403","rc":[{"ltp":2.28,"id":19144236},{"ltp":1.77,"id":19144241}]}]}
{"op":"mcm","clk":"11781896556","pt":1722887279442,"mc":[{"id":"1.231426403","rc":[{"ltp":2.24,"id":19144236},{"ltp":1.83,"id":19144241}]}]}
{"op":"mcm","clk":"11781900890","pt":1722887340585,"mc":[{"id":"1.231426403","rc":[{"ltp":2.18,"id":19144236},{"ltp":1.79,"id":19144241}]}]}
{"op":"mcm","clk":"11781905160","pt":1722887397686,"mc":[{"id":"1.231426403","rc":[{"ltp":2.24,"id":19144236},{"ltp":1.8,"id":19144241}]}]}
{"op":"mcm","clk":"11781909733","pt":1722887459025,"mc":[{"id":"1.231426403","rc":[{"ltp":2.2,"id":19144236},{"ltp":1.83,"id":19144241}]}]}
{"op":"mcm","clk":"11781914112","pt":1722887520793,"mc":[{"id":"1.231426403","rc":[{"ltp":2.16,"id":19144236},{"ltp":1.86,"id":19144241}]}]}
{"op":"mcm","clk":"11781917660","pt":1722887580147,"mc":[{"id":"1.231426403","rc":[{"ltp":2.12,"id":19144236},{"ltp":1.88,"id":19144241}]}]}
{"op":"mcm","clk":"11781921213","pt":1722887640707,"mc":[{"id":"1.231426403","rc":[{"ltp":1.83,"id":19144241}]}]}
{"op":"mcm","clk":"11781924700","pt":1722887699780,"mc":[{"id":"1.231426403","rc":[{"ltp":2.28,"id":19144236},{"ltp":1.77,"id":19144241}]}]}
{"op":"mcm","clk":"11781932185","pt":1722887819925,"mc":[{"id":"1.231426403","rc":[{"ltp":2.18,"id":19144236},{"ltp":1.84,"id":19144241}]}]}
{"op":"mcm","clk":"11781935776","pt":1722887880783,"mc":[{"id":"1.231426403","rc":[{"ltp":2.4,"id":19144236},{"ltp":1.71,"id":19144241}]}]}
{"op":"mcm","clk":"11781939550","pt":1722887940752,"mc":[{"id":"1.231426403","rc":[{"ltp":2.3,"id":19144236},{"ltp":1.75,"id":19144241}]}]}
{"op":"mcm","clk":"11781942590","pt":1722888000339,"mc":[{"id":"1.231426403","marketDefinition":{"bspMarket":false,"turnInPlayEnabled":true,"persistenceEnabled":true,"marketBaseRate":5.0,"eventId":"33466782","eventTypeId":"4","numberOfWinners":1,"bettingType":"ODDS","marketType":"MATCH_ODDS","marketTime":"2024-08-05T20:00:00.000Z","suspendTime":"2024-08-05T20:00:00.000Z","bspReconciled":false,"complete":true,"inPlay":true,"crossMatching":true,"runnersVoidable":false,"numberOfActiveRunners":2,"betDelay":5,"status":"OPEN","runners":[{"status":"ACTIVE","sortPriority":1,"id":19144236,"name":"Toronto Nationals"},{"status":"ACTIVE","sortPriority":2,"id":19144241,"name":"Montreal Tigers"}],"regulators":["MR_INT"],"countryCode":"GB","discountAllowed":true,"timezone":"GMT","openDate":"2024-08-05T20:00:00.000Z","version":6059015526,"name":"Match Odds","eventName":"Toronto Nationals v Montreal Tigers"},"rc":[{"ltp":1.77,"id":19144241}]}]}
{"op":"mcm","clk":"11781945949","pt":1722888060395,"mc":[{"id":"1.231426403","rc":[{"ltp":2.28,"id":19144236}]}]}
{"op":"mcm","clk":"11781949478","pt":1722888120785,"mc":[{"id":"1.231426403","rc":[{"ltp":2.68,"id":19144236},{"ltp":1.58,"id":19144241}]}]}
{"op":"mcm","clk":"11781953240","pt":1722888180698,"mc":[{"id":"1.231426403","rc":[{"ltp":2.9,"id":19144236},{"ltp":1.52,"id":19144241}]}]}
{"op":"mcm","clk":"11781957237","pt":1722888240701,"mc":[{"id":"1.231426403","rc":[{"ltp":4.1,"id":19144236},{"ltp":1.32,"id":19144241}]}]}
{"op":"mcm","clk":"11781964880","pt":1722888360741,"mc":[{"id":"1.231426403","rc":[{"ltp":3.75,"id":19144236},{"ltp":1.35,"id":19144241}]}]}
{"op":"mcm","clk":"11781969115","pt":1722888420809,"mc":[{"id":"1.231426403","rc":[{"ltp":3.85,"id":19144236}]}]}
{"op":"mcm","clk":"11781973010","pt":1722888480784,"mc":[{"id":"1.231426403","rc":[{"ltp":3.45,"id":19144236},{"ltp":1.42,"id":19144241}]}]}
{"op":"mcm","clk":"11781976893","pt":1722888540765,"mc":[{"id":"1.231426403","rc":[{"ltp":3.4,"id":19144236}]}]}
{"op":"mcm","clk":"11781980643","pt":1722888600139,"mc":[{"id":"1.231426403","rc":[{"ltp":3.35,"id":19144236},{"ltp":1.43,"id":19144241}]}]}
{"op":"mcm","clk":"11781984460","pt":1722888660798,"mc":[{"id":"1.231426403","rc":[{"ltp":3.3,"id":19144236}]}]}
{"op":"mcm","clk":"11781988688","pt":1722888720755,"mc":[{"id":"1.231426403","rc":[{"ltp":4.5,"id":19144236},{"ltp":1.26,"id":19144241}]}]}
{"op":"mcm","clk":"11781993378","pt":1722888780531,"mc":[{"id":"1.231426403","rc":[{"ltp":5.1,"id":19144236},{"ltp":1.24,"id":19144241}]}]}
{"op":"mcm","clk":"11781998170","pt":1722888840809,"mc":[{"id":"1.231426403","rc":[{"ltp":5.5,"id":19144236},{"ltp":1.22,"id":19144241}]}]}
{"op":"mcm","clk":"11782003068","pt":1722888900759,"mc":[{"id":"1.231426403","rc":[{"ltp":8.6,"id":19144236},{"ltp":1.13,"id":19144241}]}]}
{"op":"mcm","clk":"11782008097","pt":1722888960626,"mc":[{"id":"1.231426403","rc":[{"ltp":9.2,"id":19144236},{"ltp":1.12,"id":19144241}]}]}
{"op":"mcm","clk":"11782012041","pt":1722889020619,"mc":[{"id":"1.231426403","rc":[{"ltp":10.0,"id":19144236},{"ltp":1.11,"id":19144241}]}]}
{"op":"mcm","clk":"11782020067","pt":1722889140817,"mc":[{"id":"1.231426403","rc":[{"ltp":12.0,"id":19144236},{"ltp":1.09,"id":19144241}]}]}
{"op":"mcm","clk":"11782023858","pt":1722889200497,"mc":[{"id":"1.231426403","rc":[{"ltp":13.5,"id":19144236},{"ltp":1.08,"id":19144241}]}]}
{"op":"mcm","clk":"11782027675","pt":1722889260482,"mc":[{"id":"1.231426403","rc":[{"ltp":26.0,"id":19144236},{"ltp":1.04,"id":19144241}]}]}
{"op":"mcm","clk":"11782031265","pt":1722889320735,"mc":[{"id":"1.231426403","rc":[{"ltp":23.0,"id":19144236},{"ltp":1.05,"id":19144241}]}]}
{"op":"mcm","clk":"11782035022","pt":1722889380807,"mc":[{"id":"1.231426403","rc":[{"ltp":36.0,"id":19144236},{"ltp":1.03,"id":19144241}]}]}
{"op":"mcm","clk":"11782038523","pt":1722889440749,"mc":[{"id":"1.231426403","rc":[{"ltp":42.0,"id":19144236}]}]}
{"op":"mcm","clk":"11782041819","pt":1722889500723,"mc":[{"id":"1.231426403","rc":[{"ltp":30.0,"id":19144236},{"ltp":1.04,"id":19144241}]}]}
{"op":"mcm","clk":"11782048067","pt":1722889620179,"mc":[{"id":"1.231426403","rc":[{"ltp":28.0,"id":19144236}]}]}
{"op":"mcm","clk":"11782055161","pt":1722889740792,"mc":[{"id":"1.231426403","rc":[{"ltp":26.0,"id":19144236}]}]}
{"op":"mcm","clk":"11782061951","pt":1722889860756,"mc":[{"id":"1.231426403","rc":[{"ltp":21.0,"id":19144236},{"ltp":1.05,"id":19144241}]}]}
{"op":"mcm","clk":"11782065225","pt":1722889920714,"mc":[{"id":"1.231426403","rc":[{"ltp":50.0,"id":19144236},{"ltp":1.02,"id":19144241}]}]}
{"op":"mcm","clk":"11782068440","pt":1722889979959,"mc":[{"id":"1.231426403","rc":[{"ltp":70.0,"id":19144236}]}]}
{"op":"mcm","clk":"11782071390","pt":1722890040270,"mc":[{"id":"1.231426403","rc":[{"ltp":65.0,"id":19144236}]}]}
{"op":"mcm","clk":"11782074402","pt":1722890100359,"mc":[{"id":"1.231426403","rc":[{"ltp":50.0,"id":19144236}]}]}
{"op":"mcm","clk":"11782077425","pt":1722890160650,"mc":[{"id":"1.231426403","rc":[{"ltp":65.0,"id":19144236},{"ltp":1.01,"id":19144241}]}]}
{"op":"mcm","clk":"11782080593","pt":1722890220724,"mc":[{"id":"1.231426403","rc":[{"ltp":1.02,"id":19144241}]}]}
{"op":"mcm","clk":"11782083992","pt":1722890280214,"mc":[{"id":"1.231426403","rc":[{"ltp":36.0,"id":19144236}]}]}
{"op":"mcm","clk":"11782086883","pt":1722890340265,"mc":[{"id":"1.231426403","rc":[{"ltp":40.0,"id":19144236},{"ltp":1.03,"id":19144241}]}]}
{"op":"mcm","clk":"11782089816","pt":1722890400246,"mc":[{"id":"1.231426403","rc":[{"ltp":36.0,"id":19144236}]}]}
{"op":"mcm","clk":"11782108079","pt":1722890640312,"mc":[{"id":"1.231426403","rc":[{"ltp":28.0,"id":19144236}]}]}
{"op":"mcm","clk":"11782111123","pt":1722890700294,"mc":[{"id":"1.231426403","rc":[{"ltp":29.0,"id":19144236}]}]}
{"op":"mcm","clk":"11782114336","pt":1722890760560,"mc":[{"id":"1.231426403","rc":[{"ltp":1.04,"id":19144241}]}]}
{"op":"mcm","clk":"11782117399","pt":1722890820692,"mc":[{"id":"1.231426403","rc":[{"ltp":1.03,"id":19144241}]}]}
{"op":"mcm","clk":"11782123953","pt":1722890940753,"mc":[{"id":"1.231426403","rc":[{"ltp":34.0,"id":19144236}]}]}
{"op":"mcm","clk":"11782129715","pt":1722891060799,"mc":[{"id":"1.231426403","rc":[{"ltp":50.0,"id":19144236},{"ltp":1.02,"id":19144241}]}]}
{"op":"mcm","clk":"11782134810","pt":1722891180736,"mc":[{"id":"1.231426403","rc":[{"ltp":38.0,"id":19144236}]}]}
{"op":"mcm","clk":"11782137453","pt":1722891240695,"mc":[{"id":"1.231426403","rc":[{"ltp":42.0,"id":19144236},{"ltp":1.03,"id":19144241}]}]}
{"op":"mcm","clk":"11782139904","pt":1722891300478,"mc":[{"id":"1.231426403","rc":[{"ltp":50.0,"id":19144236},{"ltp":1.02,"id":19144241}]}]}
{"op":"mcm","clk":"11782147768","pt":1722891480073,"mc":[{"id":"1.231426403","rc":[{"ltp":42.0,"id":19144236}]}]}
{"op":"mcm","clk":"11782150508","pt":1722891540615,"mc":[{"id":"1.231426403","rc":[{"ltp":32.0,"id":19144236},{"ltp":1.03,"id":19144241}]}]}
{"op":"mcm","clk":"11782152997","pt":1722891600710,"mc":[{"id":"1.231426403","rc":[{"ltp":50.0,"id":19144236},{"ltp":1.02,"id":19144241}]}]}
{"op":"mcm","clk":"11782158517","pt":1722891720741,"mc":[{"id":"1.231426403","rc":[{"ltp":55.0,"id":19144236}]}]}
{"op":"mcm","clk":"11782161331","pt":1722891780686,"mc":[{"id":"1.231426403","rc":[{"ltp":130.0,"id":19144236},{"ltp":1.01,"id":19144241}]}]}
{"op":"mcm","clk":"11782164165","pt":1722891840759,"mc":[{"id":"1.231426403","rc":[{"ltp":120.0,"id":19144236}]}]}
{"op":"mcm","clk":"11782173494","pt":1722892020349,"mc":[{"id":"1.231426403","rc":[{"ltp":130.0,"id":19144236}]}]}
{"op":"mcm","clk":"11782176234","pt":1722892079449,"mc":[{"id":"1.231426403","rc":[{"ltp":120.0,"id":19144236}]}]}
{"op":"mcm","clk":"11782178893","pt":1722892140634,"mc":[{"id":"1.231426403","rc":[{"ltp":110.0,"id":19144236}]}]}
{"op":"mcm","clk":"11782184022","pt":1722892260175,"mc":[{"id":"1.231426403","rc":[{"ltp":100.0,"id":19144236}]}]}
{"op":"mcm","clk":"11782188776","pt":1722892380731,"mc":[{"id":"1.231426403","rc":[{"ltp":130.0,"id":19144236}]}]}
{"op":"mcm","clk":"11782194005","pt":1722892500080,"mc":[{"id":"1.231426403","rc":[{"ltp":100.0,"id":19144236}]}]}
{"op":"mcm","clk":"11782205656","pt":1722892740514,"mc":[{"id":"1.231426403","rc":[{"ltp":110.0,"id":19144236}]}]}
{"op":"mcm","clk":"11782214816","pt":1722892920676,"mc":[{"id":"1.231426403","rc":[{"ltp":100.0,"id":19144236}]}]}
{"op":"mcm","clk":"11782218305","pt":1722892980144,"mc":[{"id":"1.231426403","rc":[{"ltp":55.0,"id":19144236}]}]}
{"op":"mcm","clk":"11782221639","pt":1722893040723,"mc":[{"id":"1.231426403","rc":[{"ltp":100.0,"id":19144236}]}]}
{"op":"mcm","clk":"11782224781","pt":1722893100364,"mc":[{"id":"1.231426403","rc":[{"ltp":110.0,"id":19144236}]}]}
{"op":"mcm","clk":"11782228408","pt":1722893160635,"mc":[{"id":"1.231426403","rc":[{"ltp":100.0,"id":19144236}]}]}
{"op":"mcm","clk":"11782231671","pt":1722893219613,"mc":[{"id":"1.231426403","rc":[{"ltp":110.0,"id":19144236}]}]}
{"op":"mcm","clk":"11782234904","pt":1722893280438,"mc":[{"id":"1.231426403","rc":[{"ltp":200.0,"id":19144236}]}]}
{"op":"mcm","clk":"11782238605","pt":1722893340732,"mc":[{"id":"1.231426403","rc":[{"ltp":160.0,"id":19144236}]}]}
{"op":"mcm","clk":"11782242511","pt":1722893400411,"mc":[{"id":"1.231426403","rc":[{"ltp":320.0,"id":19144236}]}]}
{"op":"mcm","clk":"11782245876","pt":1722893458873,"mc":[{"id":"1.231426403","rc":[{"ltp":150.0,"id":19144236}]}]}
{"op":"mcm","clk":"11782248974","pt":1722893520783,"mc":[{"id":"1.231426403","rc":[{"ltp":170.0,"id":19144236}]}]}
{"op":"mcm","clk":"11782252223","pt":1722893580569,"mc":[{"id":"1.231426403","rc":[{"ltp":100.0,"id":19144236}]}]}
{"op":"mcm","clk":"11782254964","pt":1722893639610,"mc":[{"id":"1.231426403","rc":[{"ltp":150.0,"id":19144236}]}]}
{"op":"mcm","clk":"11782257908","pt":1722893697102,"mc":[{"id":"1.231426403","rc":[{"ltp":290.0,"id":19144236}]}]}
{"op":"mcm","clk":"11782261034","pt":1722893760521,"mc":[{"id":"1.231426403","rc":[{"ltp":230.0,"id":19144236}]}]}
{"op":"mcm","clk":"11782264097","pt":1722893820625,"mc":[{"id":"1.231426403","rc":[{"ltp":320.0,"id":19144236}]}]}
{"op":"mcm","clk":"11782267141","pt":1722893880761,"mc":[{"id":"1.231426403","rc":[{"ltp":260.0,"id":19144236}]}]}
{"op":"mcm","clk":"11782273224","pt":1722893999105,"mc":[{"id":"1.231426403","rc":[{"ltp":480.0,"id":19144236}]}]}
{"op":"mcm","clk":"11782276620","pt":1722894059824,"mc":[{"id":"1.231426403","rc":[{"ltp":1000.0,"id":19144236}]}]}
{"op":"mcm","clk":"11782279575","pt":1722894112966,"mc":[{"id":"1.231426403","rc":[{"ltp":310.0,"id":19144236}]}]}
{"op":"mcm","clk":"11782283255","pt":1722894180360,"mc":[{"id":"1.231426403","rc":[{"ltp":350.0,"id":19144236}]}]}
{"op":"mcm","clk":"11782286464","pt":1722894239919,"mc":[{"id":"1.231426403","rc":[{"ltp":160.0,"id":19144236}]}]}
{"op":"mcm","clk":"11782292937","pt":1722894360734,"mc":[{"id":"1.231426403","rc":[{"ltp":270.0,"id":19144236}]}]}
{"op":"mcm","clk":"11782299318","pt":1722894480754,"mc":[{"id":"1.231426403","rc":[{"ltp":760.0,"id":19144236}]}]}
{"op":"mcm","clk":"11782302537","pt":1722894540700,"mc":[{"id":"1.231426403","rc":[{"ltp":210.0,"id":19144236}]}]}
{"op":"mcm","clk":"11782306029","pt":1722894600607,"mc":[{"id":"1.231426403","rc":[{"ltp":230.0,"id":19144236}]}]}
{"op":"mcm","clk":"11782309396","pt":1722894659551,"mc":[{"id":"1.231426403","rc":[{"ltp":250.0,"id":19144236}]}]}
{"op":"mcm","clk":"11782312760","pt":1722894720014,"mc":[{"id":"1.231426403","rc":[{"ltp":330.0,"id":19144236}]}]}
{"op":"mcm","clk":"11782315954","pt":1722894779238,"mc":[{"id":"1.231426403","rc":[{"ltp":360.0,"id":19144236}]}]}
{"op":"mcm","clk":"11782323835","pt":1722894956136,"mc":[{"id":"1.231426403","rc":[{"ltp":310.0,"id":19144236}]}]}
{"op":"mcm","clk":"11782326315","pt":1722895015395,"mc":[{"id":"1.231426403","rc":[{"ltp":360.0,"id":19144236}]}]}
{"op":"mcm","clk":"11782332650","pt":1722895139526,"mc":[{"id":"1.231426403","rc":[{"ltp":1000.0,"id":19144236}]}]}
{"op":"mcm","clk":"11782412839","pt":1722896392081,"mc":[{"id":"1.231426403","marketDefinition":{"bspMarket":false,"turnInPlayEnabled":true,"persistenceEnabled":true,"marketBaseRate":5.0,"eventId":"33466782","eventTypeId":"4","numberOfWinners":1,"bettingType":"ODDS","marketType":"MATCH_ODDS","marketTime":"2024-08-05T20:00:00.000Z","suspendTime":"2024-08-05T20:00:00.000Z","bspReconciled":false,"complete":true,"inPlay":true,"crossMatching":true,"runnersVoidable":false,"numberOfActiveRunners":2,"betDelay":5,"status":"SUSPENDED","runners":[{"status":"ACTIVE","sortPriority":1,"id":19144236,"name":"Toronto Nationals"},{"status":"ACTIVE","sortPriority":2,"id":19144241,"name":"Montreal Tigers"}],"regulators":["MR_INT"],"countryCode":"GB","discountAllowed":true,"timezone":"GMT","openDate":"2024-08-05T20:00:00.000Z","version":6059117437,"name":"Match Odds","eventName":"Toronto Nationals v Montreal Tigers"}}]}
{"op":"mcm","clk":"11782420669","pt":1722896517845,"mc":[{"id":"1.231426403","marketDefinition":{"bspMarket":false,"turnInPlayEnabled":true,"persistenceEnabled":true,"marketBaseRate":5.0,"eventId":"33466782","eventTypeId":"4","numberOfWinners":1,"bettingType":"ODDS","marketType":"MATCH_ODDS","marketTime":"2024-08-05T20:00:00.000Z","suspendTime":"2024-08-05T20:00:00.000Z","bspReconciled":false,"complete":true,"inPlay":true,"crossMatching":false,"runnersVoidable":false,"numberOfActiveRunners":0,"betDelay":5,"status":"CLOSED","settledTime":"2024-08-05T22:21:05.000Z","runners":[{"status":"LOSER","sortPriority":1,"id":19144236,"name":"Toronto Nationals"},{"status":"WINNER","sortPriority":2,"id":19144241,"name":"Montreal Tigers"}],"regulators":["MR_INT"],"countryCode":"GB","discountAllowed":true,"timezone":"GMT","openDate":"2024-08-05T20:00:00.000Z","version":6059118079,"name":"Match Odds","eventName":"Toronto Nationals v Montreal Tigers"}}]}
