{"op":"mcm","clk":"11834150293","pt":1723405702377,"mc":[{"id":"1.231696358","marketDefinition":{"bspMarket":false,"turnInPlayEnabled":true,"persistenceEnabled":true,"marketBaseRate":5.0,"eventId":"33485890","eventTypeId":"4","numberOfWinners":1,"bettingType":"ODDS","marketType":"MATCH_ODDS","marketTime":"2024-08-13T15:00:00.000Z","suspendTime":"2024-08-13T15:00:00.000Z","bspReconciled":false,"complete":true,"inPlay":false,"crossMatching":true,"runnersVoidable":false,"numberOfActiveRunners":2,"betDelay":0,"status":"OPEN","runners":[{"status":"ACTIVE","sortPriority":1,"id":10108898,"name":"Ireland Women"},{"status":"ACTIVE","sortPriority":2,"id":10787826,"name":"Sri Lanka Women"}],"regulators":["MR_INT"],"countryCode":"GB","discountAllowed":true,"timezone":"GMT","openDate":"2024-08-13T15:00:00.000Z","version":6070896951,"name":"Match Odds","eventName":"Ireland Women v Sri Lanka Women"}}]}
{"op":"mcm","clk":"11834285516","pt":1723406727397,"mc":[{"id":"1.231696358","rc":[{"ltp":1.4,"id":10787826}]}]}
{"op":"mcm","clk":"11835695016","pt":1723430307920,"mc":[{"id":"1.231696358","rc":[{"ltp":1.43,"id":10787826}]}]}
{"op":"mcm","clk":"11837118843","pt":1723474545705,"mc":[{"id":"1.231696358","rc":[{"ltp":1.42,"id":10787826},{"ltp":3.45,"id":10108898}]}]}
{"op":"mcm","clk":"11837123326","pt":1723474678800,"mc":[{"id":"1.231696358","rc":[{"ltp":1.41,"id":10787826}]}]}
{"op":"mcm","clk":"11837147976","pt":1723475281236,"mc":[{"id":"1.231696358","rc":[{"ltp":1.42,"id":10787826}]}]}
{"op":"mcm","clk":"11837187366","pt":1723476092072,"mc":[{"id":"1.231696358","rc":[{"ltp":1.43,"id":10787826}]}]}
{"op":"mcm","clk":"11837205017","pt":1723476493636,"mc":[{"id":"1.231696358","rc":[{"ltp":1.45,"id":10787826}]}]}
{"op":"mcm","clk":"11837380182","pt":1723480106321,"mc":[{"id":"1.231696358","rc":[{"ltp":1.47,"id":10787826},{"ltp":3.1,"id":10108898}]}]}
{"op":"mcm","clk":"11837508265","pt":1723482571277,"mc":[{"id":"1.231696358","rc":[{"ltp":1.44,"id":10787826}]}]}
{"op":"mcm","clk":"11837550020","pt":1723483113971,"mc":[{"id":"1.231696358","rc":[{"ltp":1.45,"id":10787826}]}]}
{"op":"mcm","clk":"11838074002","pt":1723489233110,"mc":[{"id":"1.231696358","rc":[{"ltp":1.46,"id":10787826},{"ltp":3.15,"id":10108898}]}]}
{"op":"mcm","clk":"11838105600","pt":1723489759111,"mc":[{"id":"1.231696358","rc":[{"ltp":3.1,"id":10108898}]}]}
{"op":"mcm","clk":"11838377737","pt":1723494116792,"mc":[{"id":"1.231696358","rc":[{"ltp":1.47,"id":10787826}]}]}
{"op":"mcm","clk":"11838386182","pt":1723494335821,"mc":[{"id":"1.231696358","rc":[{"ltp":1.52,"id":10787826},{"ltp":2.92,"id":10108898}]}]}
{"op":"mcm","clk":"11838387231","pt":1723494363980,"mc":[{"id":"1.231696358","rc":[{"ltp":2.9,"id":10108898}]}]}
{"op":"mcm","clk":"11838392738","pt":1723494515016,"mc":[{"id":"1.231696358","rc":[{"ltp":2.92,"id":10108898}]}]}
{"op":"mcm","clk":"11838416234","pt":1723495113618,"mc":[{"id":"1.231696358","rc":[{"ltp":2.9,"id":10108898}]}]}
{"op":"mcm","clk":"11838419581","pt":1723495219412,"mc":[{"id":"1.231696358","rc":[{"ltp":2.92,"id":10108898}]}]}
{"op":"mcm","clk":"11839265241","pt":1723513292183,"mc":[{"id":"1.231696358","rc":[{"ltp":1.51,"id":10787826},{"ltp":2.98,"id":10108898}]}]}
{"op":"mcm","clk":"11839279741","pt":1723513519740,"mc":[{"id":"1.231696358","rc":[{"ltp":1.5,"id":10787826}]}]}
{"op":"mcm","clk":"11839308833","pt":1723514433796,"mc":[{"id":"1.231696358","rc":[{"ltp":1.49,"id":10787826},{"ltp":3.05,"id":10108898}]}]}
{"op":"mcm","clk":"11839476388","pt":1723519659160,"mc":[{"id":"1.231696358","rc":[{"ltp":1.5,"id":10787826}]}]}
{"op":"mcm","clk":"11839494708","pt":1723520379616,"mc":[{"id":"1.231696358","rc":[{"ltp":1.48,"id":10787826}]}]}
{"op":"mcm","clk":"11839547835","pt":1723522355716,"mc":[{"id":"1.231696358","rc":[{"ltp":1.49,"id":10787826}]}]}
{"op":"mcm","clk":"11839550705","pt":1723522474886,"mc":[{"id":"1.231696358","rc":[{"ltp":1.48,"id":10787826},{"ltp":3.1,"id":10108898}]}]}
{"op":"mcm","clk":"11839557412","pt":1723522755777,"mc":[{"id":"1.231696358","rc":[{"ltp":1.47,"id":10787826},{"ltp":3.15,"id":10108898}]}]}
{"op":"mcm","clk":"11839582954","pt":1723523832921,"mc":[{"id":"1.231696358","rc":[{"ltp":1.48,"id":10787826},{"ltp":3.1,"id":10108898}]}]}
{"op":"mcm","clk":"11839724542","pt":1723528041094,"mc":[{"id":"1.231696358","rc":[{"ltp":1.47,"id":10787826}]}]}
{"op":"mcm","clk":"11839750303","pt":1723528774548,"mc":[{"id":"1.231696358","rc":[{"ltp":3.05,"id":10108898}]}]}
{"op":"mcm","clk":"11839760225","pt":1723529032543,"mc":[{"id":"1.231696358","rc":[{"ltp":1.48,"id":10787826},{"ltp":3.1,"id":10108898}]}]}
{"op":"mcm","clk":"11839849345","pt":1723531397911,"mc":[{"id":"1.231696358","rc":[{"ltp":1.49,"id":10787826},{"ltp":3.05,"id":10108898}]}]}
{"op":"mcm","clk":"11839852099","pt":1723531535255,"mc":[{"id":"1.231696358","rc":[{"ltp":1.5,"id":10787826},{"ltp":3.0,"id":10108898}]}]}
{"op":"mcm","clk":"11839857820","pt":1723531760061,"mc":[{"id":"1.231696358","rc":[{"ltp":1.48,"id":10787826},{"ltp":3.05,"id":10108898}]}]}
{"op":"mcm","clk":"11839867117","pt":1723532072726,"mc":[{"id":"1.231696358","rc":[{"ltp":1.49,"id":10787826}]}]}
{"op":"mcm","clk":"11839908978","pt":1723533511275,"mc":[{"id":"1.231696358","rc":[{"ltp":1.5,"id":10787826},{"ltp":3.0,"id":10108898}]}]}
{"op":"mcm","clk":"11839911849","pt":1723533610888,"mc":[{"id":"1.231696358","rc":[{"ltp":1.49,"id":10787826}]}]}
{"op":"mcm","clk":"11840004707","pt":1723536650478,"mc":[{"id":"1.231696358","rc":[{"ltp":1.5,"id":10787826}]}]}
{"op":"mcm","clk":"11840048109","pt":1723537819045,"mc":[{"id":"1.231696358","rc":[{"ltp":2.98,"id":10108898}]}]}
{"op":"mcm","clk":"11840062709","pt":1723538400236,"mc":[{"id":"1.231696358","rc":[{"ltp":3.0,"id":10108898}]}]}
{"op":"mcm","clk":"11840080220","pt":1723539034930,"mc":[{"id":"1.231696358","rc":[{"ltp":1.51,"id":10787826},{"ltp":2.98,"id":10108898}]}]}
{"op":"mcm","clk":"11840080992","pt":1723539057861,"mc":[{"id":"1.231696358","rc":[{"ltp":1.5,"id":10787826},{"ltp":3.0,"id":10108898}]}]}
{"op":"mcm","clk":"11840255880","pt":1723543195752,"mc":[{"id":"1.231696358","rc":[{"ltp":1.48,"id":10787826}]}]}
{"op":"mcm","clk":"11840262228","pt":1723543277915,"mc":[{"id":"1.231696358","rc":[{"ltp":1.5,"id":10787826}]}]}
{"op":"mcm","clk":"11840289057","pt":1723543817338,"mc":[{"id":"1.231696358","rc":[{"ltp":1.48,"id":10787826}]}]}
{"op":"mcm","clk":"11840340953","pt":1723544728868,"mc":[{"id":"1.231696358","rc":[{"ltp":1.5,"id":10787826}]}]}
{"op":"mcm","clk":"11840358919","pt":1723545083412,"mc":[{"id":"1.231696358","rc":[{"ltp":1.48,"id":10787826}]}]}
{"op":"mcm","clk":"11840425460","pt":1723546271017,"mc":[{"id":"1.231696358","rc":[{"ltp":1.49,"id":10787826}]}]}
{"op":"mcm","clk":"11840435898","pt":1723546442909,"mc":[{"id":"1.231696358","rc":[{"ltp":1.48,"id":10787826}]}]}
{"op":"mcm","clk":"11840444770","pt":1723546641049,"mc":[{"id":"1.231696358","rc":[{"ltp":1.5,"id":10787826}]}]}
{"op":"mcm","clk":"11840526948","pt":1723548153132,"mc":[{"id":"1.231696358","rc":[{"ltp":1.49,"id":10787826}]}]}
{"op":"mcm","clk":"11840545433","pt":1723548511658,"mc":[{"id":"1.231696358","rc":[{"ltp":1.47,"id":10787826},{"ltp":3.05,"id":10108898}]}]}
{"op":"mcm","clk":"11840710309","pt":1723551133442,"mc":[{"id":"1.231696358","rc":[{"ltp":3.0,"id":10108898}]}]}
{"op":"mcm","clk":"11840722970","pt":1723551214908,"mc":[{"id":"1.231696358","rc":[{"ltp":3.05,"id":10108898}]}]}
{"op":"mcm","clk":"11840741545","pt":1723551450876,"mc":[{"id":"1.231696358","rc":[{"ltp":3.0,"id":10108898}]}]}
{"op":"mcm","clk":"11840745902","pt":1723551514437,"mc":[{"id":"1.231696358","rc":[{"ltp":1.48,"id":10787826},{"ltp":3.1,"id":10108898}]}]}
{"op":"mcm","clk":"11840749376","pt":1723551570509,"mc":[{"id":"1.231696358","rc":[{"ltp":3.05,"id":10108898}]}]}
{"op":"mcm","clk":"11840808008","pt":1723552486698,"mc":[{"id":"1.231696358","rc":[{"ltp":1.49,"id":10787826}]}]}
{"op":"mcm","clk":"11840825364","pt":1723552751650,"mc":[{"id":"1.231696358","rc":[{"ltp":1.5,"id":10787826}]}]}
{"op":"mcm","clk":"11840843855","pt":1723553026128,"mc":[{"id":"1.231696358","rc":[{"ltp":1.48,"id":10787826}]}]}
{"op":"mcm","clk":"11840863640","pt":1723553342231,"mc":[{"id":"1.231696358","rc":[{"ltp":3.0,"id":10108898}]}]}
{"op":"mcm","clk":"11840898224","pt":1723553959470,"mc":[{"id":"1.231696358","rc":[{"ltp":1.5,"id":10787826}]}]}
{"op":"mcm","clk":"11840903397","pt":1723554069386,"mc":[{"id":"1.231696358","rc":[{"ltp":1.49,"id":10787826}]}]}
{"op":"mcm","clk":"11841035440","pt":1723556543939,"mc":[{"id":"1.231696358","rc":[{"ltp":1.5,"id":10787826}]}]}
{"op":"mcm","clk":"11841050395","pt":1723556684594,"mc":[{"id":"1.231696358","rc":[{"ltp":1.48,"id":10787826}]}]}
{"op":"mcm","clk":"11841068108","pt":1723557067183,"mc":[{"id":"1.231696358","rc":[{"ltp":1.49,"id":10787826}]}]}
{"op":"mcm","clk":"11841079307","pt":1723557394195,"mc":[{"id":"1.231696358","rc":[{"ltp":1.5,"id":10787826}]}]}
{"op":"mcm","clk":"11841096722","pt":1723557871932,"mc":[{"id":"1.231696358","rc":[{"ltp":1.51,"id":10787826}]}]}
{"op":"mcm","clk":"11841101288","pt":1723557977029,"mc":[{"id":"1.231696358","rc":[{"ltp":2.98,"id":10108898}]}]}
{"op":"mcm","clk":"11841118157","pt":1723558388876,"mc":[{"id":"1.231696358","rc":[{"ltp":1.5,"id":10787826}]}]}
{"op":"mcm","clk":"11841125563","pt":1723558589090,"mc":[{"id":"1.231696358","rc":[{"ltp":1.51,"id":10787826}]}]}
{"op":"mcm","clk":"11841134519","pt":1723558847367,"mc":[{"id":"1.231696358","rc":[{"ltp":1.5,"id":10787826}]}]}
{"op":"mcm","clk":"11841142260","pt":1723559060631,"mc":[{"id":"1.231696358","rc":[{"ltp":1.54,"id":10787826},{"ltp":2.88,"id":10108898}]}]}
{"op":"mcm","clk":"11841144908","pt":1723559135826,"mc":[{"id":"1.231696358","rc":[{"ltp":1.55,"id":10787826}]}]}
{"op":"mcm","clk":"11841146838","pt":1723559188170,"mc":[{"id":"1.231696358","rc":[{"ltp":1.54,"id":10787826}]}]}
{"op":"mcm","clk":"11841151039","pt":1723559314530,"mc":[{"id":"1.231696358","rc":[{"ltp":2.92,"id":10108898}]}]}
{"op":"mcm","clk":"11841153045","pt":1723559371159,"mc":[{"id":"1.231696358","rc":[{"ltp":2.86,"id":10108898}]}]}
{"op":"mcm","clk":"11841157421","pt":1723559486300,"mc":[{"id":"1.231696358","rc":[{"ltp":1.49,"id":10787826}]}]}
{"op":"mcm","clk":"11841165936","pt":1723559734241,"mc":[{"id":"1.231696358","rc":[{"ltp":1.53,"id":10787826},{"ltp":3.0,"id":10108898}]}]}
{"op":"mcm","clk":"11841168106","pt":1723559795124,"mc":[{"id":"1.231696358","rc":[{"ltp":1.46,"id":10787826},{"ltp":3.15,"id":10108898}]}]}
{"op":"mcm","clk":"11841169840","pt":1723559851332,"mc":[{"id":"1.231696358","rc":[{"ltp":3.45,"id":10108898}]}]}
{"op":"mcm","clk":"11841171787","pt":1723559913133,"mc":[{"id":"1.231696358","rc":[{"ltp":1.45,"id":10787826},{"ltp":3.2,"id":10108898}]}]}
{"op":"mcm","clk":"11841178498","pt":1723560094679,"mc":[{"id":"1.231696358","rc":[{"ltp":1.44,"id":10787826},{"ltp":3.25,"id":10108898}]}]}
{"op":"mcm","clk":"11841180408","pt":1723560150178,"mc":[{"id":"1.231696358","rc":[{"ltp":1.46,"id":10787826},{"ltp":3.2,"id":10108898}]}]}
{"op":"mcm","clk":"11841182579","pt":1723560213347,"mc":[{"id":"1.231696358","rc":[{"ltp":1.44,"id":10787826},{"ltp":3.05,"id":10108898}]}]}
{"op":"mcm","clk":"11841184588","pt":1723560275509,"mc":[{"id":"1.231696358","rc":[{"ltp":1.43,"id":10787826}]}]}
{"op":"mcm","clk":"11841186708","pt":1723560335478,"mc":[{"id":"1.231696358","rc":[{"ltp":1.47,"id":10787826},{"ltp":3.15,"id":10108898}]}]}
{"op":"mcm","clk":"11841190577","pt":1723560455682,"mc":[{"id":"1.231696358","rc":[{"ltp":1.49,"id":10787826},{"ltp":3.0,"id":10108898}]}]}
{"op":"mcm","clk":"11841192900","pt":1723560515779,"mc":[{"id":"1.231696358","rc":[{"ltp":1.46,"id":10787826},{"ltp":3.2,"id":10108898}]}]}
{"op":"mcm","clk":"11841195423","pt":1723560574741,"mc":[{"id":"1.231696358","rc":[{"ltp":1.48,"id":10787826},{"ltp":3.0,"id":10108898}]}]}
{"op":"mcm","clk":"11841198157","pt":1723560634465,"mc":[{"id":"1.231696358","rc":[{"ltp":1.49,"id":10787826},{"ltp":3.05,"id":10108898}]}]}
{"op":"mcm","clk":"11841200392","pt":1723560695767,"mc":[{"id":"1.231696358","rc":[{"ltp":1.48,"id":10787826}]}]}
{"op":"mcm","clk":"11841202427","pt":1723560754127,"mc":[{"id":"1.231696358","rc":[{"ltp":1.43,"id":10787826},{"ltp":3.3,"id":10108898}]}]}
{"op":"mcm","clk":"11841204401","pt":1723560815382,"mc":[{"id":"1.231696358","rc":[{"ltp":1.42,"id":10787826}]}]}
{"op":"mcm","clk":"11841206780","pt":1723560875846,"mc":[{"id":"1.231696358","rc":[{"ltp":1.44,"id":10787826},{"ltp":3.25,"id":10108898}]}]}
{"op":"mcm","clk":"11841213817","pt":1723561055334,"mc":[{"id":"1.231696358","rc":[{"ltp":1.41,"id":10787826},{"ltp":3.4,"id":10108898}]}]}
{"op":"mcm","clk":"11841216408","pt":1723561114990,"mc":[{"id":"1.231696358","rc":[{"ltp":1.42,"id":10787826},{"ltp":3.35,"id":10108898}]}]}
{"op":"mcm","clk":"11841219832","pt":1723561175099,"mc":[{"id":"1.231696358","rc":[{"ltp":3.4,"id":10108898}]}]}
{"op":"mcm","clk":"11841223102","pt":1723561235373,"mc":[{"id":"1.231696358","marketDefinition":{"bspMarket":false,"turnInPlayEnabled":true,"persistenceEnabled":true,"marketBaseRate":5.0,"eventId":"33485890","eventTypeId":"4","numberOfWinners":1,"bettingType":"ODDS","marketType":"MATCH_ODDS","marketTime":"2024-08-13T15:00:00.000Z","suspendTime":"2024-08-13T15:00:00.000Z","bspReconciled":false,"complete":true,"inPlay":true,"crossMatching":true,"runnersVoidable":false,"numberOfActiveRunners":2,"betDelay":5,"status":"OPEN","runners":[{"status":"ACTIVE","sortPriority":1,"id":10108898,"name":"Ireland Women"},{"status":"ACTIVE","sortPriority":2,"id":10787826,"name":"Sri Lanka Women"}],"regulators":["MR_INT"],"countryCode":"GB","discountAllowed":true,"timezone":"GMT","openDate":"2024-08-13T15:00:00.000Z","version":6072847395,"name":"Match Odds","eventName":"Ireland Women v Sri Lanka Women"},"rc":[{"ltp":1.4,"id":10787826},{"ltp":3.75,"id":10108898}]}]}
{"op":"mcm","clk":"11841226870","pt":1723561295841,"mc":[{"id":"1.231696358","rc":[{"ltp":1.41,"id":10787826},{"ltp":3.35,"id":10108898}]}]}
{"op":"mcm","clk":"11841230864","pt":1723561355567,"mc":[{"id":"1.231696358","rc":[{"ltp":1.46,"id":10787826},{"ltp":3.15,"id":10108898}]}]}
{"op":"mcm","clk":"11841235073","pt":1723561415844,"mc":[{"id":"1.231696358","rc":[{"ltp":1.51,"id":10787826},{"ltp":3.0,"id":10108898}]}]}
{"op":"mcm","clk":"11841238512","pt":1723561475829,"mc":[{"id":"1.231696358","rc":[{"ltp":1.61,"id":10787826},{"ltp":2.66,"id":10108898}]}]}
{"op":"mcm","clk":"11841242194","pt":1723561535868,"mc":[{"id":"1.231696358","rc":[{"ltp":1.66,"id":10787826},{"ltp":2.5,"id":10108898}]}]}
{"op":"mcm","clk":"11841246096","pt":1723561595847,"mc":[{"id":"1.231696358","rc":[{"ltp":1.76,"id":10787826},{"ltp":2.3,"id":10108898}]}]}
{"op":"mcm","clk":"11841250066","pt":1723561655595,"mc":[{"id":"1.231696358","rc":[{"ltp":1.72,"id":10787826},{"ltp":2.36,"id":10108898}]}]}
{"op":"mcm","clk":"11841254389","pt":1723561715788,"mc":[{"id":"1.231696358","rc":[{"ltp":2.42,"id":10108898}]}]}
{"op":"mcm","clk":"11841258756","pt":1723561775855,"mc":[{"id":"1.231696358","rc":[{"ltp":1.8,"id":10787826},{"ltp":2.26,"id":10108898}]}]}
{"op":"mcm","clk":"11841263102","pt":1723561835681,"mc":[{"id":"1.231696358","rc":[{"ltp":2.24,"id":10108898}]}]}
{"op":"mcm","clk":"11841267546","pt":1723561895781,"mc":[{"id":"1.231696358","rc":[{"ltp":1.76,"id":10787826},{"ltp":2.32,"id":10108898}]}]}
{"op":"mcm","clk":"11841272381","pt":1723561955762,"mc":[{"id":"1.231696358","rc":[{"ltp":1.74,"id":10787826},{"ltp":2.36,"id":10108898}]}]}
{"op":"mcm","clk":"11841284384","pt":1723562015812,"mc":[{"id":"1.231696358","rc":[{"ltp":1.7,"id":10787826},{"ltp":2.42,"id":10108898}]}]}
{"op":"mcm","clk":"11841289181","pt":1723562075867,"mc":[{"id":"1.231696358","rc":[{"ltp":1.61,"id":10787826},{"ltp":2.62,"id":10108898}]}]}
{"op":"mcm","clk":"11841293984","pt":1723562135823,"mc":[{"id":"1.231696358","rc":[{"ltp":1.43,"id":10787826},{"ltp":3.3,"id":10108898}]}]}
{"op":"mcm","clk":"11841299108","pt":1723562195809,"mc":[{"id":"1.231696358","rc":[{"ltp":1.42,"id":10787826},{"ltp":3.35,"id":10108898}]}]}
{"op":"mcm","clk":"11841304250","pt":1723562255777,"mc":[{"id":"1.231696358","rc":[{"ltp":1.52,"id":10787826},{"ltp":2.96,"id":10108898}]}]}
{"op":"mcm","clk":"11841309650","pt":1723562315718,"mc":[{"id":"1.231696358","rc":[{"ltp":1.55,"id":10787826},{"ltp":2.8,"id":10108898}]}]}
{"op":"mcm","clk":"11841314079","pt":1723562375728,"mc":[{"id":"1.231696358","rc":[{"ltp":1.53,"id":10787826},{"ltp":2.84,"id":10108898}]}]}
{"op":"mcm","clk":"11841318669","pt":1723562435842,"mc":[{"id":"1.231696358","rc":[{"ltp":1.65,"id":10787826},{"ltp":2.54,"id":10108898}]}]}
{"op":"mcm","clk":"11841323403","pt":1723562495864,"mc":[{"id":"1.231696358","rc":[{"ltp":2.52,"id":10108898}]}]}
{"op":"mcm","clk":"11841328290","pt":1723562555716,"mc":[{"id":"1.231696358","rc":[{"ltp":1.43,"id":10787826},{"ltp":3.25,"id":10108898}]}]}
{"op":"mcm","clk":"11841332768","pt":1723562615874,"mc":[{"id":"1.231696358","rc":[{"ltp":1.68,"id":10787826},{"ltp":2.5,"id":10108898}]}]}
{"op":"mcm","clk":"11841337157","pt":1723562675850,"mc":[{"id":"1.231696358","rc":[{"ltp":1.61,"id":10787826},{"ltp":2.64,"id":10108898}]}]}
{"op":"mcm","clk":"11841341493","pt":1723562735639,"mc":[{"id":"1.231696358","rc":[{"ltp":1.65,"id":10787826},{"ltp":2.52,"id":10108898}]}]}
{"op":"mcm","clk":"11841345951","pt":1723562795801,"mc":[{"id":"1.231696358","rc":[{"ltp":1.79,"id":10787826},{"ltp":2.26,"id":10108898}]}]}
{"op":"mcm","clk":"11841350527","pt":1723562855849,"mc":[{"id":"1.231696358","rc":[{"ltp":1.9,"id":10787826},{"ltp":2.1,"id":10108898}]}]}
{"op":"mcm","clk":"11841355411","pt":1723562915716,"mc":[{"id":"1.231696358","rc":[{"ltp":1.91,"id":10787826}]}]}
{"op":"mcm","clk":"11841360201","pt":1723562975867,"mc":[{"id":"1.231696358","rc":[{"ltp":1.87,"id":10787826},{"ltp":2.18,"id":10108898}]}]}
{"op":"mcm","clk":"11841365343","pt":1723563035740,"mc":[{"id":"1.231696358","rc":[{"ltp":1.99,"id":10787826},{"ltp":2.02,"id":10108898}]}]}
{"op":"mcm","clk":"11841369773","pt":1723563095849,"mc":[{"id":"1.231696358","rc":[{"ltp":1.93,"id":10787826},{"ltp":2.06,"id":10108898}]}]}
{"op":"mcm","clk":"11841374302","pt":1723563155789,"mc":[{"id":"1.231696358","rc":[{"ltp":1.92,"id":10787826},{"ltp":2.1,"id":10108898}]}]}
{"op":"mcm","clk":"11841378866","pt":1723563215838,"mc":[{"id":"1.231696358","rc":[{"ltp":1.9,"id":10787826},{"ltp":2.08,"id":10108898}]}]}
{"op":"mcm","clk":"11841384515","pt":1723563275821,"mc":[{"id":"1.231696358","rc":[{"ltp":1.92,"id":10787826},{"ltp":2.1,"id":10108898}]}]}
{"op":"mcm","clk":"11841389339","pt":1723563335781,"mc":[{"id":"1.231696358","rc":[{"ltp":2.16,"id":10787826},{"ltp":1.86,"id":10108898}]}]}
{"op":"mcm","clk":"11841394183","pt":1723563395785,"mc":[{"id":"1.231696358","rc":[{"ltp":1.84,"id":10108898}]}]}
{"op":"mcm","clk":"11841399029","pt":1723563455513,"mc":[{"id":"1.231696358","rc":[{"ltp":2.06,"id":10787826},{"ltp":1.93,"id":10108898}]}]}
{"op":"mcm","clk":"11841408301","pt":1723563575859,"mc":[{"id":"1.231696358","rc":[{"ltp":1.92,"id":10108898}]}]}
{"op":"mcm","clk":"11841412787","pt":1723563635735,"mc":[{"id":"1.231696358","rc":[{"ltp":1.93,"id":10108898}]}]}
{"op":"mcm","clk":"11841417541","pt":1723563695718,"mc":[{"id":"1.231696358","rc":[{"ltp":2.02,"id":10787826},{"ltp":1.98,"id":10108898}]}]}
{"op":"mcm","clk":"11841422039","pt":1723563755853,"mc":[{"id":"1.231696358","rc":[{"ltp":1.97,"id":10108898}]}]}
{"op":"mcm","clk":"11841426700","pt":1723563815816,"mc":[{"id":"1.231696358","rc":[{"ltp":2.1,"id":10787826},{"ltp":1.9,"id":10108898}]}]}
{"op":"mcm","clk":"11841431755","pt":1723563875805,"mc":[{"id":"1.231696358","rc":[{"ltp":2.2,"id":10787826},{"ltp":1.83,"id":10108898}]}]}
{"op":"mcm","clk":"11841437167","pt":1723563935773,"mc":[{"id":"1.231696358","rc":[{"ltp":2.16,"id":10787826},{"ltp":1.86,"id":10108898}]}]}
{"op":"mcm","clk":"11841442656","pt":1723563995718,"mc":[{"id":"1.231696358","rc":[{"ltp":2.28,"id":10787826},{"ltp":1.79,"id":10108898}]}]}
{"op":"mcm","clk":"11841447925","pt":1723564055787,"mc":[{"id":"1.231696358","rc":[{"ltp":2.36,"id":10787826},{"ltp":1.73,"id":10108898}]}]}
{"op":"mcm","clk":"11841452681","pt":1723564115748,"mc":[{"id":"1.231696358","rc":[{"ltp":2.58,"id":10787826},{"ltp":1.63,"id":10108898}]}]}
{"op":"mcm","clk":"11841457660","pt":1723564175805,"mc":[{"id":"1.231696358","rc":[{"ltp":2.66,"id":10787826},{"ltp":1.6,"id":10108898}]}]}
{"op":"mcm","clk":"11841461898","pt":1723564235772,"mc":[{"id":"1.231696358","rc":[{"ltp":2.76,"id":10787826},{"ltp":1.57,"id":10108898}]}]}
{"op":"mcm","clk":"11841466163","pt":1723564295648,"mc":[{"id":"1.231696358","rc":[{"ltp":2.62,"id":10787826},{"ltp":1.62,"id":10108898}]}]}
{"op":"mcm","clk":"11841470558","pt":1723564355702,"mc":[{"id":"1.231696358","rc":[{"ltp":2.56,"id":10787826},{"ltp":1.64,"id":10108898}]}]}
{"op":"mcm","clk":"11841474730","pt":1723564415765,"mc":[{"id":"1.231696358","rc":[{"ltp":2.44,"id":10787826},{"ltp":1.69,"id":10108898}]}]}
{"op":"mcm","clk":"11841479371","pt":1723564475824,"mc":[{"id":"1.231696358","rc":[{"ltp":2.6,"id":10787826},{"ltp":1.62,"id":10108898}]}]}
{"op":"mcm","clk":"11841488405","pt":1723564595825,"mc":[{"id":"1.231696358","rc":[{"ltp":2.8,"id":10787826},{"ltp":1.56,"id":10108898}]}]}
{"op":"mcm","clk":"11841492495","pt":1723564655798,"mc":[{"id":"1.231696358","rc":[{"ltp":2.92,"id":10787826},{"ltp":1.52,"id":10108898}]}]}
{"op":"mcm","clk":"11841497013","pt":1723564715851,"mc":[{"id":"1.231696358","rc":[{"ltp":2.88,"id":10787826},{"ltp":1.53,"id":10108898}]}]}
{"op":"mcm","clk":"11841506289","pt":1723564835602,"mc":[{"id":"1.231696358","rc":[{"ltp":3.05,"id":10787826},{"ltp":1.48,"id":10108898}]}]}
{"op":"mcm","clk":"11841511108","pt":1723564895775,"mc":[{"id":"1.231696358","rc":[{"ltp":3.2,"id":10787826},{"ltp":1.45,"id":10108898}]}]}
{"op":"mcm","clk":"11841520503","pt":1723565015777,"mc":[{"id":"1.231696358","rc":[{"ltp":3.35,"id":10787826},{"ltp":1.42,"id":10108898}]}]}
{"op":"mcm","clk":"11841525443","pt":1723565075519,"mc":[{"id":"1.231696358","rc":[{"ltp":3.3,"id":10787826},{"ltp":1.43,"id":10108898}]}]}
{"op":"mcm","clk":"11841530595","pt":1723565135777,"mc":[{"id":"1.231696358","rc":[{"ltp":3.25,"id":10787826},{"ltp":1.44,"id":10108898}]}]}
{"op":"mcm","clk":"11841535572","pt":1723565195737,"mc":[{"id":"1.231696358","rc":[{"ltp":3.2,"id":10787826},{"ltp":1.45,"id":10108898}]}]}
{"op":"mcm","clk":"11841540383","pt":1723565255785,"mc":[{"id":"1.231696358","rc":[{"ltp":3.5,"id":10787826},{"ltp":1.4,"id":10108898}]}]}
{"op":"mcm","clk":"11841544994","pt":1723565315790,"mc":[{"id":"1.231696358","rc":[{"ltp":3.35,"id":10787826},{"ltp":1.42,"id":10108898}]}]}
{"op":"mcm","clk":"11841550945","pt":1723565375831,"mc":[{"id":"1.231696358","rc":[{"ltp":3.3,"id":10787826},{"ltp":1.43,"id":10108898}]}]}
{"op":"mcm","clk":"11841556887","pt":1723565435802,"mc":[{"id":"1.231696358","rc":[{"ltp":2.92,"id":10787826},{"ltp":1.52,"id":10108898}]}]}
{"op":"mcm","clk":"11841562796","pt":1723565495876,"mc":[{"id":"1.231696358","rc":[{"ltp":2.8,"id":10787826},{"ltp":1.54,"id":10108898}]}]}
{"op":"mcm","clk":"11841568488","pt":1723565555714,"mc":[{"id":"1.231696358","rc":[{"ltp":2.74,"id":10787826},{"ltp":1.57,"id":10108898}]}]}
{"op":"mcm","clk":"11841574328","pt":1723565615785,"mc":[{"id":"1.231696358","rc":[{"ltp":2.78,"id":10787826},{"ltp":1.56,"id":10108898}]}]}
{"op":"mcm","clk":"11841580616","pt":1723565675763,"mc":[{"id":"1.231696358","rc":[{"ltp":2.72,"id":10787826},{"ltp":1.58,"id":10108898}]}]}
{"op":"mcm","clk":"11841587101","pt":1723565735800,"mc":[{"id":"1.231696358","rc":[{"ltp":3.3,"id":10787826},{"ltp":1.43,"id":10108898}]}]}
{"op":"mcm","clk":"11841593694","pt":1723565795181,"mc":[{"id":"1.231696358","rc":[{"ltp":3.15,"id":10787826},{"ltp":1.44,"id":10108898}]}]}
{"op":"mcm","clk":"11841599980","pt":1723565855653,"mc":[{"id":"1.231696358","rc":[{"ltp":3.35,"id":10787826},{"ltp":1.42,"id":10108898}]}]}
{"op":"mcm","clk":"11841606059","pt":1723565915811,"mc":[{"id":"1.231696358","rc":[{"ltp":3.4,"id":10787826},{"ltp":1.4,"id":10108898}]}]}
{"op":"mcm","clk":"11841611126","pt":1723565975850,"mc":[{"id":"1.231696358","rc":[{"ltp":3.6,"id":10787826},{"ltp":1.38,"id":10108898}]}]}
{"op":"mcm","clk":"11841616337","pt":1723566035810,"mc":[{"id":"1.231696358","rc":[{"ltp":3.7,"id":10787826},{"ltp":1.37,"id":10108898}]}]}
{"op":"mcm","clk":"11841622093","pt":1723566095788,"mc":[{"id":"1.231696358","rc":[{"ltp":3.85,"id":10787826},{"ltp":1.35,"id":10108898}]}]}
{"op":"mcm","clk":"11841628190","pt":1723566155689,"mc":[{"id":"1.231696358","rc":[{"ltp":3.95,"id":10787826},{"ltp":1.34,"id":10108898}]}]}
{"op":"mcm","clk":"11841634533","pt":1723566215853,"mc":[{"id":"1.231696358","rc":[{"ltp":4.0,"id":10787826}]}]}
{"op":"mcm","clk":"11841641155","pt":1723566275813,"mc":[{"id":"1.231696358","rc":[{"ltp":4.1,"id":10787826},{"ltp":1.32,"id":10108898}]}]}
{"op":"mcm","clk":"11841647525","pt":1723566335793,"mc":[{"id":"1.231696358","rc":[{"ltp":4.0,"id":10787826},{"ltp":1.33,"id":10108898}]}]}
{"op":"mcm","clk":"11841653721","pt":1723566395866,"mc":[{"id":"1.231696358","rc":[{"ltp":4.1,"id":10787826},{"ltp":1.32,"id":10108898}]}]}
{"op":"mcm","clk":"11841666034","pt":1723566515837,"mc":[{"id":"1.231696358","rc":[{"ltp":1.33,"id":10108898}]}]}
{"op":"mcm","clk":"11841672527","pt":1723566575689,"mc":[{"id":"1.231696358","rc":[{"ltp":1.32,"id":10108898}]}]}
{"op":"mcm","clk":"11841679203","pt":1723566635775,"mc":[{"id":"1.231696358","rc":[{"ltp":1.31,"id":10108898}]}]}
{"op":"mcm","clk":"11841685168","pt":1723566695793,"mc":[{"id":"1.231696358","rc":[{"ltp":1.32,"id":10108898}]}]}
{"op":"mcm","clk":"11841691515","pt":1723566755792,"mc":[{"id":"1.231696358","rc":[{"ltp":4.0,"id":10787826}]}]}
{"op":"mcm","clk":"11841698319","pt":1723566815845,"mc":[{"id":"1.231696358","rc":[{"ltp":3.6,"id":10787826},{"ltp":1.41,"id":10108898}]}]}
{"op":"mcm","clk":"11841705097","pt":1723566875852,"mc":[{"id":"1.231696358","rc":[{"ltp":1.37,"id":10108898}]}]}
{"op":"mcm","clk":"11841711669","pt":1723566935829,"mc":[{"id":"1.231696358","rc":[{"ltp":3.25,"id":10787826},{"ltp":1.43,"id":10108898}]}]}
{"op":"mcm","clk":"11841717993","pt":1723566995851,"mc":[{"id":"1.231696358","rc":[{"ltp":4.8,"id":10787826},{"ltp":1.26,"id":10108898}]}]}
{"op":"mcm","clk":"11841724588","pt":1723567055855,"mc":[{"id":"1.231696358","rc":[{"ltp":4.4,"id":10787826},{"ltp":1.29,"id":10108898}]}]}
{"op":"mcm","clk":"11841731062","pt":1723567115828,"mc":[{"id":"1.231696358","rc":[{"ltp":1.28,"id":10108898}]}]}
{"op":"mcm","clk":"11841737450","pt":1723567175697,"mc":[{"id":"1.231696358","rc":[{"ltp":4.8,"id":10787826},{"ltp":1.25,"id":10108898}]}]}
{"op":"mcm","clk":"11841743889","pt":1723567235818,"mc":[{"id":"1.231696358","rc":[{"ltp":5.5,"id":10787826},{"ltp":1.22,"id":10108898}]}]}
{"op":"mcm","clk":"11841750557","pt":1723567295795,"mc":[{"id":"1.231696358","rc":[{"ltp":6.4,"id":10787826},{"ltp":1.19,"id":10108898}]}]}
{"op":"mcm","clk":"11841757176","pt":1723567355865,"mc":[{"id":"1.231696358","rc":[{"ltp":5.3,"id":10787826},{"ltp":1.23,"id":10108898}]}]}
{"op":"mcm","clk":"11841771728","pt":1723567415799,"mc":[{"id":"1.231696358","rc":[{"ltp":5.7,"id":10787826},{"ltp":1.21,"id":10108898}]}]}
{"op":"mcm","clk":"11841777508","pt":1723567475812,"mc":[{"id":"1.231696358","rc":[{"ltp":5.5,"id":10787826},{"ltp":1.22,"id":10108898}]}]}
{"op":"mcm","clk":"11841790476","pt":1723567595835,"mc":[{"id":"1.231696358","rc":[{"ltp":5.7,"id":10787826},{"ltp":1.21,"id":10108898}]}]}
{"op":"mcm","clk":"11841796423","pt":1723567655819,"mc":[{"id":"1.231696358","rc":[{"ltp":5.6,"id":10787826},{"ltp":1.22,"id":10108898}]}]}
{"op":"mcm","clk":"11841802392","pt":1723567715800,"mc":[{"id":"1.231696358","rc":[{"ltp":5.7,"id":10787826},{"ltp":1.21,"id":10108898}]}]}
{"op":"mcm","clk":"11841808225","pt":1723567775834,"mc":[{"id":"1.231696358","rc":[{"ltp":5.0,"id":10787826},{"ltp":1.26,"id":10108898}]}]}
{"op":"mcm","clk":"11841814120","pt":1723567835740,"mc":[{"id":"1.231696358","rc":[{"ltp":8.0,"id":10787826},{"ltp":1.14,"id":10108898}]}]}
{"op":"mcm","clk":"11841819270","pt":1723567895806,"mc":[{"id":"1.231696358","rc":[{"ltp":1.13,"id":10108898}]}]}
{"op":"mcm","clk":"11841824925","pt":1723567955764,"mc":[{"id":"1.231696358","rc":[{"ltp":8.4,"id":10787826},{"ltp":1.14,"id":10108898}]}]}
{"op":"mcm","clk":"11841831117","pt":1723568015777,"mc":[{"id":"1.231696358","rc":[{"ltp":9.2,"id":10787826},{"ltp":1.12,"id":10108898}]}]}
{"op":"mcm","clk":"11841837232","pt":1723568075867,"mc":[{"id":"1.231696358","rc":[{"ltp":12.0,"id":10787826},{"ltp":1.09,"id":10108898}]}]}
{"op":"mcm","clk":"11841843221","pt":1723568135822,"mc":[{"id":"1.231696358","rc":[{"ltp":11.0,"id":10787826},{"ltp":1.1,"id":10108898}]}]}
{"op":"mcm","clk":"11841853552","pt":1723568255871,"mc":[{"id":"1.231696358","rc":[{"ltp":10.5,"id":10787826},{"ltp":1.11,"id":10108898}]}]}
{"op":"mcm","clk":"11841859129","pt":1723568315775,"mc":[{"id":"1.231696358","rc":[{"ltp":10.0,"id":10787826}]}]}
{"op":"mcm","clk":"11841871006","pt":1723568435841,"mc":[{"id":"1.231696358","rc":[{"ltp":11.0,"id":10787826}]}]}
{"op":"mcm","clk":"11841877475","pt":1723568495829,"mc":[{"id":"1.231696358","rc":[{"ltp":12.0,"id":10787826},{"ltp":1.09,"id":10108898}]}]}
{"op":"mcm","clk":"11841883714","pt":1723568555831,"mc":[{"id":"1.231696358","rc":[{"ltp":15.0,"id":10787826},{"ltp":1.07,"id":10108898}]}]}
{"op":"mcm","clk":"11841889822","pt":1723568615681,"mc":[{"id":"1.231696358","rc":[{"ltp":12.0,"id":10787826},{"ltp":1.09,"id":10108898}]}]}
{"op":"mcm","clk":"11841895470","pt":1723568675786,"mc":[{"id":"1.231696358","rc":[{"ltp":9.4,"id":10787826},{"ltp":1.12,"id":10108898}]}]}
{"op":"mcm","clk":"11841900153","pt":1723568735827,"mc":[{"id":"1.231696358","rc":[{"ltp":9.0,"id":10787826}]}]}
{"op":"mcm","clk":"11841905200","pt":1723568795719,"mc":[{"id":"1.231696358","rc":[{"ltp":7.0,"id":10787826},{"ltp":1.17,"id":10108898}]}]}
{"op":"mcm","clk":"11841910486","pt":1723568855758,"mc":[{"id":"1.231696358","rc":[{"ltp":6.4,"id":10787826},{"ltp":1.18,"id":10108898}]}]}
{"op":"mcm","clk":"11841915679","pt":1723568915826,"mc":[{"id":"1.231696358","rc":[{"ltp":7.0,"id":10787826},{"ltp":1.17,"id":10108898}]}]}
{"op":"mcm","clk":"11841921253","pt":1723568975854,"mc":[{"id":"1.231696358","rc":[{"ltp":4.6,"id":10787826},{"ltp":1.27,"id":10108898}]}]}
{"op":"mcm","clk":"11841926722","pt":1723569035841,"mc":[{"id":"1.231696358","rc":[{"ltp":4.2,"id":10787826},{"ltp":1.32,"id":10108898}]}]}
{"op":"mcm","clk":"11841932759","pt":1723569095839,"mc":[{"id":"1.231696358","rc":[{"ltp":1.29,"id":10108898}]}]}
{"op":"mcm","clk":"11841938471","pt":1723569155804,"mc":[{"id":"1.231696358","rc":[{"ltp":4.3,"id":10787826},{"ltp":1.31,"id":10108898}]}]}
{"op":"mcm","clk":"11841944144","pt":1723569215847,"mc":[{"id":"1.231696358","rc":[{"ltp":4.8,"id":10787826},{"ltp":1.27,"id":10108898}]}]}
{"op":"mcm","clk":"11841949680","pt":1723569275535,"mc":[{"id":"1.231696358","rc":[{"ltp":1.26,"id":10108898}]}]}
{"op":"mcm","clk":"11841973683","pt":1723569515827,"mc":[{"id":"1.231696358","rc":[{"ltp":4.7,"id":10787826}]}]}
{"op":"mcm","clk":"11841979438","pt":1723569575841,"mc":[{"id":"1.231696358","rc":[{"ltp":3.55,"id":10787826},{"ltp":1.39,"id":10108898}]}]}
{"op":"mcm","clk":"11841985072","pt":1723569635850,"mc":[{"id":"1.231696358","rc":[{"ltp":3.15,"id":10787826},{"ltp":1.45,"id":10108898}]}]}
{"op":"mcm","clk":"11841990272","pt":1723569695842,"mc":[{"id":"1.231696358","rc":[{"ltp":2.92,"id":10787826},{"ltp":1.52,"id":10108898}]}]}
{"op":"mcm","clk":"11841994807","pt":1723569755790,"mc":[{"id":"1.231696358","rc":[{"ltp":2.62,"id":10787826},{"ltp":1.62,"id":10108898}]}]}
{"op":"mcm","clk":"11841999747","pt":1723569815873,"mc":[{"id":"1.231696358","rc":[{"ltp":2.18,"id":10787826},{"ltp":1.9,"id":10108898}]}]}
{"op":"mcm","clk":"11842004545","pt":1723569875813,"mc":[{"id":"1.231696358","rc":[{"ltp":1.99,"id":10787826},{"ltp":2.0,"id":10108898}]}]}
{"op":"mcm","clk":"11842009424","pt":1723569935813,"mc":[{"id":"1.231696358","rc":[{"ltp":1.9,"id":10787826},{"ltp":2.1,"id":10108898}]}]}
{"op":"mcm","clk":"11842014539","pt":1723569995830,"mc":[{"id":"1.231696358","rc":[{"ltp":2.92,"id":10787826},{"ltp":1.52,"id":10108898}]}]}
{"op":"mcm","clk":"11842019842","pt":1723570055779,"mc":[{"id":"1.231696358","rc":[{"ltp":3.9,"id":10787826},{"ltp":1.34,"id":10108898}]}]}
{"op":"mcm","clk":"11842025479","pt":1723570115829,"mc":[{"id":"1.231696358","rc":[{"ltp":4.4,"id":10787826},{"ltp":1.29,"id":10108898}]}]}
{"op":"mcm","clk":"11842031168","pt":1723570175845,"mc":[{"id":"1.231696358","rc":[{"ltp":3.5,"id":10787826},{"ltp":1.4,"id":10108898}]}]}
{"op":"mcm","clk":"11842037504","pt":1723570235793,"mc":[{"id":"1.231696358","rc":[{"ltp":3.75,"id":10787826},{"ltp":1.36,"id":10108898}]}]}
{"op":"mcm","clk":"11842043394","pt":1723570295854,"mc":[{"id":"1.231696358","rc":[{"ltp":3.1,"id":10787826},{"ltp":1.46,"id":10108898}]}]}
{"op":"mcm","clk":"11842049611","pt":1723570355829,"mc":[{"id":"1.231696358","rc":[{"ltp":2.52,"id":10787826},{"ltp":1.63,"id":10108898}]}]}
{"op":"mcm","clk":"11842055872","pt":1723570415580,"mc":[{"id":"1.231696358","rc":[{"ltp":3.1,"id":10787826},{"ltp":1.47,"id":10108898}]}]}
{"op":"mcm","clk":"11842062230","pt":1723570475780,"mc":[{"id":"1.231696358","rc":[{"ltp":3.0,"id":10787826},{"ltp":1.5,"id":10108898}]}]}
{"op":"mcm","clk":"11842068384","pt":1723570535853,"mc":[{"id":"1.231696358","rc":[{"ltp":2.36,"id":10787826},{"ltp":1.74,"id":10108898}]}]}
{"op":"mcm","clk":"11842074698","pt":1723570595863,"mc":[{"id":"1.231696358","rc":[{"ltp":4.4,"id":10787826},{"ltp":1.29,"id":10108898}]}]}
{"op":"mcm","clk":"11842081246","pt":1723570655864,"mc":[{"id":"1.231696358","rc":[{"ltp":3.6,"id":10787826},{"ltp":1.38,"id":10108898}]}]}
{"op":"mcm","clk":"11842087219","pt":1723570715858,"mc":[{"id":"1.231696358","rc":[{"ltp":2.94,"id":10787826},{"ltp":1.53,"id":10108898}]}]}
{"op":"mcm","clk":"11842093356","pt":1723570775808,"mc":[{"id":"1.231696358","rc":[{"ltp":2.36,"id":10787826},{"ltp":1.74,"id":10108898}]}]}
{"op":"mcm","clk":"11842098839","pt":1723570835842,"mc":[{"id":"1.231696358","rc":[{"ltp":2.2,"id":10787826},{"ltp":1.81,"id":10108898}]}]}
{"op":"mcm","clk":"11842104373","pt":1723570895825,"mc":[{"id":"1.231696358","rc":[{"ltp":1.95,"id":10787826},{"ltp":2.02,"id":10108898}]}]}
{"op":"mcm","clk":"11842109872","pt":1723570955827,"mc":[{"id":"1.231696358","rc":[{"ltp":1.97,"id":10787826},{"ltp":2.04,"id":10108898}]}]}
{"op":"mcm","clk":"11842115553","pt":1723571015796,"mc":[{"id":"1.231696358","rc":[{"ltp":1.89,"id":10787826},{"ltp":2.1,"id":10108898}]}]}
{"op":"mcm","clk":"11842121514","pt":1723571075856,"mc":[{"id":"1.231696358","rc":[{"ltp":2.74,"id":10787826},{"ltp":1.57,"id":10108898}]}]}
{"op":"mcm","clk":"11842128227","pt":1723571135869,"mc":[{"id":"1.231696358","rc":[{"ltp":2.88,"id":10787826},{"ltp":1.53,"id":10108898}]}]}
{"op":"mcm","clk":"11842135233","pt":1723571195805,"mc":[{"id":"1.231696358","rc":[{"ltp":2.64,"id":10787826},{"ltp":1.6,"id":10108898}]}]}
{"op":"mcm","clk":"11842142002","pt":1723571255857,"mc":[{"id":"1.231696358","rc":[{"ltp":3.0,"id":10787826},{"ltp":1.49,"id":10108898}]}]}
{"op":"mcm","clk":"11842148864","pt":1723571315836,"mc":[{"id":"1.231696358","rc":[{"ltp":3.7,"id":10787826},{"ltp":1.37,"id":10108898}]}]}
{"op":"mcm","clk":"11842155538","pt":1723571375830,"mc":[{"id":"1.231696358","rc":[{"ltp":5.1,"id":10787826},{"ltp":1.24,"id":10108898}]}]}
{"op":"mcm","clk":"11842162064","pt":1723571435846,"mc":[{"id":"1.231696358","rc":[{"ltp":3.5,"id":10787826},{"ltp":1.4,"id":10108898}]}]}
{"op":"mcm","clk":"11842168675","pt":1723571495825,"mc":[{"id":"1.231696358","rc":[{"ltp":2.74,"id":10787826},{"ltp":1.57,"id":10108898}]}]}
{"op":"mcm","clk":"11842175329","pt":1723571555848,"mc":[{"id":"1.231696358","rc":[{"ltp":4.0,"id":10787826},{"ltp":1.32,"id":10108898}]}]}
{"op":"mcm","clk":"11842181494","pt":1723571615801,"mc":[{"id":"1.231696358","rc":[{"ltp":2.78,"id":10787826},{"ltp":1.56,"id":10108898}]}]}
{"op":"mcm","clk":"11842187585","pt":1723571675797,"mc":[{"id":"1.231696358","rc":[{"ltp":4.4,"id":10787826},{"ltp":1.26,"id":10108898}]}]}
{"op":"mcm","clk":"11842193925","pt":1723571735830,"mc":[{"id":"1.231696358","rc":[{"ltp":1.29,"id":10108898}]}]}
{"op":"mcm","clk":"11842199803","pt":1723571795841,"mc":[{"id":"1.231696358","rc":[{"ltp":7.8,"id":10787826},{"ltp":1.15,"id":10108898}]}]}
{"op":"mcm","clk":"11842204937","pt":1723571855787,"mc":[{"id":"1.231696358","rc":[{"ltp":8.6,"id":10787826},{"ltp":1.13,"id":10108898}]}]}
{"op":"mcm","clk":"11842210326","pt":1723571915840,"mc":[{"id":"1.231696358","rc":[{"ltp":15.0,"id":10787826},{"ltp":1.07,"id":10108898}]}]}
{"op":"mcm","clk":"11842215489","pt":1723571975690,"mc":[{"id":"1.231696358","rc":[{"ltp":50.0,"id":10787826},{"ltp":1.02,"id":10108898}]}]}
{"op":"mcm","clk":"11842221500","pt":1723572035787,"mc":[{"id":"1.231696358","rc":[{"ltp":13.5,"id":10787826},{"ltp":1.08,"id":10108898}]}]}
{"op":"mcm","clk":"11842227501","pt":1723572095575,"mc":[{"id":"1.231696358","rc":[{"ltp":1000.0,"id":10787826},{"ltp":1.01,"id":10108898}]}]}
{"op":"mcm","clk":"11842232528","pt":1723572150313,"mc":[{"id":"1.231696358","marketDefinition":{"bspMarket":false,"turnInPlayEnabled":true,"persistenceEnabled":true,"marketBaseRate":5.0,"eventId":"33485890","eventTypeId":"4","numberOfWinners":1,"bettingType":"ODDS","marketType":"MATCH_ODDS","marketTime":"2024-08-13T15:00:00.000Z","suspendTime":"2024-08-13T15:00:00.000Z","bspReconciled":false,"complete":true,"inPlay":true,"crossMatching":true,"runnersVoidable":false,"numberOfActiveRunners":2,"betDelay":5,"status":"SUSPENDED","runners":[{"status":"ACTIVE","sortPriority":1,"id":10108898,"name":"Ireland Women"},{"status":"ACTIVE","sortPriority":2,"id":10787826,"name":"Sri Lanka Women"}],"regulators":["MR_INT"],"countryCode":"GB","discountAllowed":true,"timezone":"GMT","openDate":"2024-08-13T15:00:00.000Z","version":6073201663,"name":"Match Odds","eventName":"Ireland Women v Sri Lanka Women"}}]}
{"op":"mcm","clk":"11842255589","pt":1723572400534,"mc":[{"id":"1.231696358","marketDefinition":{"bspMarket":false,"turnInPlayEnabled":true,"persistenceEnabled":true,"marketBaseRate":5.0,"eventId":"33485890","eventTypeId":"4","numberOfWinners":1,"bettingType":"ODDS","marketType":"MATCH_ODDS","marketTime":"2024-08-13T15:00:00.000Z","suspendTime":"2024-08-13T15:00:00.000Z","bspReconciled":false,"complete":true,"inPlay":true,"crossMatching":false,"runnersVoidable":false,"numberOfActiveRunners":0,"betDelay":5,"status":"CLOSED","settledTime":"2024-08-13T18:05:28.000Z","runners":[{"status":"WINNER","sortPriority":1,"id":10108898,"name":"Ireland Women"},{"status":"LOSER","sortPriority":2,"id":10787826,"name":"Sri Lanka Women"}],"regulators":["MR_INT"],"countryCode":"GB","discountAllowed":true,"timezone":"GMT","openDate":"2024-08-13T15:00:00.000Z","version":6073226271,"name":"Match Odds","eventName":"Ireland Women v Sri Lanka Women"}}]}
