{"op":"mcm","clk":"11848710449","pt":1723294205919,"mc":[{"id":"1.231659753","marketDefinition":{"bspMarket":false,"turnInPlayEnabled":true,"persistenceEnabled":true,"marketBaseRate":5.0,"eventId":"33483335","eventTypeId":"4","numberOfWinners":1,"bettingType":"ODDS","marketType":"MATCH_ODDS","marketTime":"2024-08-14T14:00:00.000Z","suspendTime":"2024-08-14T14:00:00.000Z","bspReconciled":false,"complete":true,"inPlay":false,"crossMatching":true,"runnersVoidable":false,"numberOfActiveRunners":2,"betDelay":0,"status":"OPEN","runners":[{"status":"ACTIVE","sortPriority":1,"id":26354926,"name":"Southern Brave"},{"status":"ACTIVE","sortPriority":2,"id":26354927,"name":"Welsh Fire"}],"regulators":["MR_INT"],"countryCode":"GB","discountAllowed":true,"timezone":"GMT","openDate":"2024-08-14T14:00:00.000Z","version":6065805000,"name":"Match Odds","eventName":"Southern Brave v Welsh Fire"}}]}
{"op":"mcm","clk":"11851983282","pt":1723309575463,"mc":[{"id":"1.231659753","rc":[{"ltp":1.1,"id":26354927}]}]}
{"op":"mcm","clk":"11856232483","pt":1723352396319,"mc":[{"id":"1.231659753","rc":[{"ltp":2.3,"id":26354927},{"ltp":1.77,"id":26354926}]}]}
{"op":"mcm","clk":"11866550960","pt":1723467422325,"mc":[{"id":"1.231659753","rc":[{"ltp":1.66,"id":26354926}]}]}
{"op":"mcm","clk":"11867611143","pt":1723482962249,"mc":[{"id":"1.231659753","rc":[{"ltp":2.38,"id":26354927},{"ltp":1.73,"id":26354926}]}]}
{"op":"mcm","clk":"11869977419","pt":1723526656448,"mc":[{"id":"1.231659753","rc":[{"ltp":1.66,"id":26354926}]}]}
{"op":"mcm","clk":"11870200066","pt":1723535216120,"mc":[{"id":"1.231659753","rc":[{"ltp":1.67,"id":26354926}]}]}
{"op":"mcm","clk":"11871551093","pt":1723564736269,"mc":[{"id":"1.231659753","rc":[{"ltp":1.66,"id":26354926}]}]}
{"op":"mcm","clk":"11872024281","pt":1723570006634,"mc":[{"id":"1.231659753","rc":[{"ltp":2.54,"id":26354927},{"ltp":1.62,"id":26354926}]}]}
{"op":"mcm","clk":"11872029930","pt":1723570072201,"mc":[{"id":"1.231659753","rc":[{"ltp":1.63,"id":26354926}]}]}
{"op":"mcm","clk":"11872513738","pt":1723574030426,"mc":[{"id":"1.231659753","rc":[{"ltp":2.58,"id":26354927}]}]}
{"op":"mcm","clk":"11872808600","pt":1723575647205,"mc":[{"id":"1.231659753","rc":[{"ltp":1.62,"id":26354926}]}]}
{"op":"mcm","clk":"11873110877","pt":1723577274246,"mc":[{"id":"1.231659753","rc":[{"ltp":2.46,"id":26354927},{"ltp":1.69,"id":26354926}]}]}
{"op":"mcm","clk":"11873249224","pt":1723578136948,"mc":[{"id":"1.231659753","rc":[{"ltp":1.62,"id":26354926}]}]}
{"op":"mcm","clk":"11873328337","pt":1723578651304,"mc":[{"id":"1.231659753","rc":[{"ltp":1.6,"id":26354926}]}]}
{"op":"mcm","clk":"11873351074","pt":1723578780241,"mc":[{"id":"1.231659753","rc":[{"ltp":1.61,"id":26354926}]}]}
{"op":"mcm","clk":"11873422332","pt":1723579223213,"mc":[{"id":"1.231659753","rc":[{"ltp":2.6,"id":26354927},{"ltp":1.63,"id":26354926}]}]}
{"op":"mcm","clk":"11873434873","pt":1723579313819,"mc":[{"id":"1.231659753","rc":[{"ltp":1.62,"id":26354926}]}]}
{"op":"mcm","clk":"11873444070","pt":1723579382802,"mc":[{"id":"1.231659753","rc":[{"ltp":2.64,"id":26354927}]}]}
{"op":"mcm","clk":"11873451759","pt":1723579437763,"mc":[{"id":"1.231659753","rc":[{"ltp":1.61,"id":26354926}]}]}
{"op":"mcm","clk":"11873488122","pt":1723579727326,"mc":[{"id":"1.231659753","rc":[{"ltp":1.62,"id":26354926}]}]}
{"op":"mcm","clk":"11873536336","pt":1723580016217,"mc":[{"id":"1.231659753","rc":[{"ltp":2.62,"id":26354927}]}]}
{"op":"mcm","clk":"11873575246","pt":1723580281426,"mc":[{"id":"1.231659753","rc":[{"ltp":2.6,"id":26354927}]}]}
{"op":"mcm","clk":"11873598316","pt":1723580462819,"mc":[{"id":"1.231659753","rc":[{"ltp":1.64,"id":26354926}]}]}
{"op":"mcm","clk":"11873603456","pt":1723580505668,"mc":[{"id":"1.231659753","rc":[{"ltp":2.52,"id":26354927},{"ltp":1.66,"id":26354926}]}]}
{"op":"mcm","clk":"11873611525","pt":1723580567254,"mc":[{"id":"1.231659753","rc":[{"ltp":2.5,"id":26354927},{"ltp":1.67,"id":26354926}]}]}
{"op":"mcm","clk":"11873645535","pt":1723580875991,"mc":[{"id":"1.231659753","rc":[{"ltp":2.52,"id":26354927},{"ltp":1.64,"id":26354926}]}]}
{"op":"mcm","clk":"11873708856","pt":1723581643067,"mc":[{"id":"1.231659753","rc":[{"ltp":1.65,"id":26354926}]}]}
{"op":"mcm","clk":"11873713701","pt":1723581728870,"mc":[{"id":"1.231659753","rc":[{"ltp":1.66,"id":26354926}]}]}
{"op":"mcm","clk":"11873729501","pt":1723582001826,"mc":[{"id":"1.231659753","rc":[{"ltp":2.5,"id":26354927}]}]}
{"op":"mcm","clk":"11873740524","pt":1723582192924,"mc":[{"id":"1.231659753","rc":[{"ltp":1.67,"id":26354926}]}]}
{"op":"mcm","clk":"11873789363","pt":1723583113968,"mc":[{"id":"1.231659753","rc":[{"ltp":2.48,"id":26354927}]}]}
{"op":"mcm","clk":"11873880921","pt":1723584869447,"mc":[{"id":"1.231659753","rc":[{"ltp":1.66,"id":26354926}]}]}
{"op":"mcm","clk":"11873890158","pt":1723585049504,"mc":[{"id":"1.231659753","rc":[{"ltp":2.52,"id":26354927}]}]}
{"op":"mcm","clk":"11873901045","pt":1723585252707,"mc":[{"id":"1.231659753","rc":[{"ltp":2.5,"id":26354927}]}]}
{"op":"mcm","clk":"11873937181","pt":1723585786311,"mc":[{"id":"1.231659753","rc":[{"ltp":2.52,"id":26354927}]}]}
{"op":"mcm","clk":"11874000558","pt":1723586893435,"mc":[{"id":"1.231659753","rc":[{"ltp":2.5,"id":26354927}]}]}
{"op":"mcm","clk":"11874408323","pt":1723592117430,"mc":[{"id":"1.231659753","rc":[{"ltp":1.65,"id":26354926}]}]}
{"op":"mcm","clk":"11875079288","pt":1723605451834,"mc":[{"id":"1.231659753","rc":[{"ltp":1.67,"id":26354926}]}]}
{"op":"mcm","clk":"11875255748","pt":1723611080198,"mc":[{"id":"1.231659753","rc":[{"ltp":2.48,"id":26354927}]}]}
{"op":"mcm","clk":"11875317254","pt":1723612842177,"mc":[{"id":"1.231659753","rc":[{"ltp":2.5,"id":26354927},{"ltp":1.66,"id":26354926}]}]}
{"op":"mcm","clk":"11875325214","pt":1723613039637,"mc":[{"id":"1.231659753","rc":[{"ltp":2.52,"id":26354927},{"ltp":1.65,"id":26354926}]}]}
{"op":"mcm","clk":"11875330743","pt":1723613200134,"mc":[{"id":"1.231659753","rc":[{"ltp":1.66,"id":26354926}]}]}
{"op":"mcm","clk":"11875349585","pt":1723613785123,"mc":[{"id":"1.231659753","rc":[{"ltp":2.48,"id":26354927}]}]}
{"op":"mcm","clk":"11875420211","pt":1723616269402,"mc":[{"id":"1.231659753","rc":[{"ltp":2.52,"id":26354927},{"ltp":1.65,"id":26354926}]}]}
{"op":"mcm","clk":"11875431847","pt":1723616782733,"mc":[{"id":"1.231659753","rc":[{"ltp":1.66,"id":26354926}]}]}
{"op":"mcm","clk":"11875435754","pt":1723616938935,"mc":[{"id":"1.231659753","rc":[{"ltp":2.5,"id":26354927}]}]}
{"op":"mcm","clk":"11875440301","pt":1723617099716,"mc":[{"id":"1.231659753","rc":[{"ltp":2.52,"id":26354927},{"ltp":1.65,"id":26354926}]}]}
{"op":"mcm","clk":"11875450724","pt":1723617477038,"mc":[{"id":"1.231659753","rc":[{"ltp":1.66,"id":26354926}]}]}
{"op":"mcm","clk":"11875453841","pt":1723617568030,"mc":[{"id":"1.231659753","rc":[{"ltp":1.67,"id":26354926}]}]}
{"op":"mcm","clk":"11875481334","pt":1723618351361,"mc":[{"id":"1.231659753","rc":[{"ltp":1.66,"id":26354926}]}]}
{"op":"mcm","clk":"11875493714","pt":1723618857208,"mc":[{"id":"1.231659753","rc":[{"ltp":1.67,"id":26354926}]}]}
{"op":"mcm","clk":"11875500334","pt":1723619099718,"mc":[{"id":"1.231659753","rc":[{"ltp":2.48,"id":26354927}]}]}
{"op":"mcm","clk":"11875536012","pt":1723620167822,"mc":[{"id":"1.231659753","rc":[{"ltp":1.66,"id":26354926}]}]}
{"op":"mcm","clk":"11875542108","pt":1723620424608,"mc":[{"id":"1.231659753","rc":[{"ltp":1.67,"id":26354926}]}]}
{"op":"mcm","clk":"11875558230","pt":1723621107217,"mc":[{"id":"1.231659753","rc":[{"ltp":1.68,"id":26354926}]}]}
{"op":"mcm","clk":"11875560407","pt":1723621194111,"mc":[{"id":"1.231659753","rc":[{"ltp":1.67,"id":26354926}]}]}
{"op":"mcm","clk":"11875608907","pt":1723622931557,"mc":[{"id":"1.231659753","rc":[{"ltp":1.66,"id":26354926}]}]}
{"op":"mcm","clk":"11875609803","pt":1723622954655,"mc":[{"id":"1.231659753","rc":[{"ltp":1.67,"id":26354926}]}]}
{"op":"mcm","clk":"11875627775","pt":1723623236242,"mc":[{"id":"1.231659753","rc":[{"ltp":1.66,"id":26354926}]}]}
{"op":"mcm","clk":"11875643337","pt":1723623622267,"mc":[{"id":"1.231659753","rc":[{"ltp":2.5,"id":26354927}]}]}
{"op":"mcm","clk":"11875649432","pt":1723623696873,"mc":[{"id":"1.231659753","rc":[{"ltp":1.65,"id":26354926}]}]}
{"op":"mcm","clk":"11875673447","pt":1723624377018,"mc":[{"id":"1.231659753","rc":[{"ltp":1.66,"id":26354926}]}]}
{"op":"mcm","clk":"11875710907","pt":1723625184426,"mc":[{"id":"1.231659753","rc":[{"ltp":1.65,"id":26354926}]}]}
{"op":"mcm","clk":"11875714769","pt":1723625266408,"mc":[{"id":"1.231659753","rc":[{"ltp":1.66,"id":26354926}]}]}
{"op":"mcm","clk":"11875721068","pt":1723625414193,"mc":[{"id":"1.231659753","rc":[{"ltp":1.65,"id":26354926}]}]}
{"op":"mcm","clk":"11875727197","pt":1723625566372,"mc":[{"id":"1.231659753","rc":[{"ltp":1.66,"id":26354926}]}]}
{"op":"mcm","clk":"11875728990","pt":1723625611608,"mc":[{"id":"1.231659753","rc":[{"ltp":1.65,"id":26354926}]}]}
{"op":"mcm","clk":"11875736438","pt":1723625778240,"mc":[{"id":"1.231659753","rc":[{"ltp":2.52,"id":26354927},{"ltp":1.66,"id":26354926}]}]}
{"op":"mcm","clk":"11875740385","pt":1723625871958,"mc":[{"id":"1.231659753","rc":[{"ltp":2.5,"id":26354927}]}]}
{"op":"mcm","clk":"11875747801","pt":1723626041503,"mc":[{"id":"1.231659753","rc":[{"ltp":1.65,"id":26354926}]}]}
{"op":"mcm","clk":"11875767037","pt":1723626419720,"mc":[{"id":"1.231659753","rc":[{"ltp":2.52,"id":26354927}]}]}
{"op":"mcm","clk":"11875786772","pt":1723626899022,"mc":[{"id":"1.231659753","rc":[{"ltp":1.66,"id":26354926}]}]}
{"op":"mcm","clk":"11875810584","pt":1723627439449,"mc":[{"id":"1.231659753","rc":[{"ltp":1.65,"id":26354926}]}]}
{"op":"mcm","clk":"11875823544","pt":1723627832208,"mc":[{"id":"1.231659753","rc":[{"ltp":2.5,"id":26354927}]}]}
{"op":"mcm","clk":"11875904251","pt":1723629644684,"mc":[{"id":"1.231659753","rc":[{"ltp":1.66,"id":26354926}]}]}
{"op":"mcm","clk":"11875920285","pt":1723629976408,"mc":[{"id":"1.231659753","rc":[{"ltp":1.65,"id":26354926}]}]}
{"op":"mcm","clk":"11875957622","pt":1723630717515,"mc":[{"id":"1.231659753","rc":[{"ltp":1.66,"id":26354926}]}]}
{"op":"mcm","clk":"11875969164","pt":1723630934136,"mc":[{"id":"1.231659753","rc":[{"ltp":1.67,"id":26354926}]}]}
{"op":"mcm","clk":"11875983043","pt":1723631209448,"mc":[{"id":"1.231659753","rc":[{"ltp":2.52,"id":26354927}]}]}
{"op":"mcm","clk":"11875993322","pt":1723631448194,"mc":[{"id":"1.231659753","rc":[{"ltp":2.48,"id":26354927},{"ltp":1.66,"id":26354926}]}]}
{"op":"mcm","clk":"11876010686","pt":1723631817593,"mc":[{"id":"1.231659753","rc":[{"ltp":2.5,"id":26354927}]}]}
{"op":"mcm","clk":"11876022252","pt":1723632057864,"mc":[{"id":"1.231659753","rc":[{"ltp":1.67,"id":26354926}]}]}
{"op":"mcm","clk":"11876037216","pt":1723632301630,"mc":[{"id":"1.231659753","rc":[{"ltp":2.48,"id":26354927}]}]}
{"op":"mcm","clk":"11876053004","pt":1723632603871,"mc":[{"id":"1.231659753","rc":[{"ltp":1.66,"id":26354926}]}]}
{"op":"mcm","clk":"11876087574","pt":1723633355246,"mc":[{"id":"1.231659753","rc":[{"ltp":2.5,"id":26354927}]}]}
{"op":"mcm","clk":"11876150017","pt":1723634458276,"mc":[{"id":"1.231659753","rc":[{"ltp":1.67,"id":26354926}]}]}
{"op":"mcm","clk":"11876155194","pt":1723634553286,"mc":[{"id":"1.231659753","rc":[{"ltp":1.66,"id":26354926}]}]}
{"op":"mcm","clk":"11876236311","pt":1723636198779,"mc":[{"id":"1.231659753","rc":[{"ltp":2.52,"id":26354927},{"ltp":1.65,"id":26354926}]}]}
{"op":"mcm","clk":"11876244643","pt":1723636372539,"mc":[{"id":"1.231659753","rc":[{"ltp":2.54,"id":26354927}]}]}
{"op":"mcm","clk":"11876246794","pt":1723636422380,"mc":[{"id":"1.231659753","rc":[{"ltp":2.52,"id":26354927}]}]}
{"op":"mcm","clk":"11876250739","pt":1723636515057,"mc":[{"id":"1.231659753","rc":[{"ltp":1.66,"id":26354926}]}]}
{"op":"mcm","clk":"11876255134","pt":1723636614447,"mc":[{"id":"1.231659753","rc":[{"ltp":1.65,"id":26354926}]}]}
{"op":"mcm","clk":"11876260122","pt":1723636737473,"mc":[{"id":"1.231659753","rc":[{"ltp":2.5,"id":26354927}]}]}
{"op":"mcm","clk":"11876262305","pt":1723636801356,"mc":[{"id":"1.231659753","rc":[{"ltp":1.66,"id":26354926}]}]}
{"op":"mcm","clk":"11876263883","pt":1723636835285,"mc":[{"id":"1.231659753","rc":[{"ltp":1.67,"id":26354926}]}]}
{"op":"mcm","clk":"11876266519","pt":1723636896254,"mc":[{"id":"1.231659753","rc":[{"ltp":1.66,"id":26354926}]}]}
{"op":"mcm","clk":"11876276269","pt":1723637101771,"mc":[{"id":"1.231659753","rc":[{"ltp":2.48,"id":26354927}]}]}
{"op":"mcm","clk":"11876279227","pt":1723637162522,"mc":[{"id":"1.231659753","rc":[{"ltp":1.65,"id":26354926}]}]}
{"op":"mcm","clk":"11876282013","pt":1723637222547,"mc":[{"id":"1.231659753","rc":[{"ltp":2.5,"id":26354927}]}]}
{"op":"mcm","clk":"11876284666","pt":1723637275507,"mc":[{"id":"1.231659753","rc":[{"ltp":1.66,"id":26354926}]}]}
{"op":"mcm","clk":"11876287608","pt":1723637342081,"mc":[{"id":"1.231659753","rc":[{"ltp":1.67,"id":26354926}]}]}
{"op":"mcm","clk":"11876290451","pt":1723637400933,"mc":[{"id":"1.231659753","rc":[{"ltp":1.66,"id":26354926}]}]}
{"op":"mcm","clk":"11876293446","pt":1723637462677,"mc":[{"id":"1.231659753","rc":[{"ltp":1.64,"id":26354926}]}]}
{"op":"mcm","clk":"11876298971","pt":1723637582324,"mc":[{"id":"1.231659753","rc":[{"ltp":1.63,"id":26354926}]}]}
{"op":"mcm","clk":"11876302455","pt":1723637668492,"mc":[{"id":"1.231659753","rc":[{"ltp":2.54,"id":26354927}]}]}
{"op":"mcm","clk":"11876307839","pt":1723637819748,"mc":[{"id":"1.231659753","rc":[{"ltp":2.56,"id":26354927}]}]}
{"op":"mcm","clk":"11876312658","pt":1723637942480,"mc":[{"id":"1.231659753","rc":[{"ltp":2.6,"id":26354927}]}]}
{"op":"mcm","clk":"11876315007","pt":1723638001839,"mc":[{"id":"1.231659753","rc":[{"ltp":1.62,"id":26354926}]}]}
{"op":"mcm","clk":"11876321604","pt":1723638105623,"mc":[{"id":"1.231659753","rc":[{"ltp":2.58,"id":26354927}]}]}
{"op":"mcm","clk":"11876328109","pt":1723638240717,"mc":[{"id":"1.231659753","rc":[{"ltp":1.63,"id":26354926}]}]}
{"op":"mcm","clk":"11876336665","pt":1723638421717,"mc":[{"id":"1.231659753","rc":[{"ltp":1.62,"id":26354926}]}]}
{"op":"mcm","clk":"11876340389","pt":1723638480860,"mc":[{"id":"1.231659753","rc":[{"ltp":2.6,"id":26354927},{"ltp":1.63,"id":26354926}]}]}
{"op":"mcm","clk":"11876348015","pt":1723638600629,"mc":[{"id":"1.231659753","rc":[{"ltp":2.56,"id":26354927},{"ltp":1.64,"id":26354926}]}]}
{"op":"mcm","clk":"11876355762","pt":1723638722239,"mc":[{"id":"1.231659753","rc":[{"ltp":2.58,"id":26354927}]}]}
{"op":"mcm","clk":"11876358692","pt":1723638776096,"mc":[{"id":"1.231659753","rc":[{"ltp":2.56,"id":26354927}]}]}
{"op":"mcm","clk":"11876361639","pt":1723638840098,"mc":[{"id":"1.231659753","rc":[{"ltp":1.63,"id":26354926}]}]}
{"op":"mcm","clk":"11876364028","pt":1723638901341,"mc":[{"id":"1.231659753","rc":[{"ltp":2.6,"id":26354927},{"ltp":1.64,"id":26354926}]}]}
{"op":"mcm","clk":"11876366236","pt":1723638960380,"mc":[{"id":"1.231659753","rc":[{"ltp":1.63,"id":26354926}]}]}
{"op":"mcm","clk":"11876368725","pt":1723639021858,"mc":[{"id":"1.231659753","rc":[{"ltp":2.62,"id":26354927},{"ltp":1.62,"id":26354926}]}]}
{"op":"mcm","clk":"11876371384","pt":1723639082616,"mc":[{"id":"1.231659753","rc":[{"ltp":2.6,"id":26354927},{"ltp":1.64,"id":26354926}]}]}
{"op":"mcm","clk":"11876373840","pt":1723639141304,"mc":[{"id":"1.231659753","rc":[{"ltp":2.56,"id":26354927},{"ltp":1.62,"id":26354926}]}]}
{"op":"mcm","clk":"11876375589","pt":1723639186212,"mc":[{"id":"1.231659753","rc":[{"ltp":2.6,"id":26354927},{"ltp":1.64,"id":26354926}]}]}
{"op":"mcm","clk":"11876378677","pt":1723639261823,"mc":[{"id":"1.231659753","rc":[{"ltp":1.62,"id":26354926}]}]}
{"op":"mcm","clk":"11876380141","pt":1723639307486,"mc":[{"id":"1.231659753","rc":[{"ltp":1.63,"id":26354926}]}]}
{"op":"mcm","clk":"11876392349","pt":1723639430530,"mc":[{"id":"1.231659753","rc":[{"ltp":2.58,"id":26354927}]}]}
{"op":"mcm","clk":"11876394853","pt":1723639499605,"mc":[{"id":"1.231659753","rc":[{"ltp":1.64,"id":26354926}]}]}
{"op":"mcm","clk":"11876396760","pt":1723639555185,"mc":[{"id":"1.231659753","rc":[{"ltp":1.63,"id":26354926}]}]}
{"op":"mcm","clk":"11876399218","pt":1723639622348,"mc":[{"id":"1.231659753","rc":[{"ltp":1.62,"id":26354926}]}]}
{"op":"mcm","clk":"11876400919","pt":1723639669919,"mc":[{"id":"1.231659753","rc":[{"ltp":1.63,"id":26354926}]}]}
{"op":"mcm","clk":"11876403988","pt":1723639741751,"mc":[{"id":"1.231659753","rc":[{"ltp":1.64,"id":26354926}]}]}
{"op":"mcm","clk":"11876411141","pt":1723639918077,"mc":[{"id":"1.231659753","rc":[{"ltp":1.62,"id":26354926}]}]}
{"op":"mcm","clk":"11876416119","pt":1723640041993,"mc":[{"id":"1.231659753","rc":[{"ltp":1.63,"id":26354926}]}]}
{"op":"mcm","clk":"11876417748","pt":1723640082042,"mc":[{"id":"1.231659753","rc":[{"ltp":2.6,"id":26354927}]}]}
{"op":"mcm","clk":"11876421219","pt":1723640161155,"mc":[{"id":"1.231659753","rc":[{"ltp":2.58,"id":26354927}]}]}
{"op":"mcm","clk":"11876427222","pt":1723640304985,"mc":[{"id":"1.231659753","rc":[{"ltp":1.64,"id":26354926}]}]}
{"op":"mcm","clk":"11876430179","pt":1723640392406,"mc":[{"id":"1.231659753","rc":[{"ltp":2.6,"id":26354927},{"ltp":1.63,"id":26354926}]}]}
{"op":"mcm","clk":"11876435296","pt":1723640517553,"mc":[{"id":"1.231659753","rc":[{"ltp":2.58,"id":26354927},{"ltp":1.65,"id":26354926}]}]}
{"op":"mcm","clk":"11876437552","pt":1723640572091,"mc":[{"id":"1.231659753","rc":[{"ltp":2.54,"id":26354927},{"ltp":1.63,"id":26354926}]}]}
{"op":"mcm","clk":"11876440544","pt":1723640641887,"mc":[{"id":"1.231659753","rc":[{"ltp":1.65,"id":26354926}]}]}
{"op":"mcm","clk":"11876442977","pt":1723640699227,"mc":[{"id":"1.231659753","rc":[{"ltp":1.63,"id":26354926}]}]}
{"op":"mcm","clk":"11876447948","pt":1723640821154,"mc":[{"id":"1.231659753","rc":[{"ltp":1.65,"id":26354926}]}]}
{"op":"mcm","clk":"11876450527","pt":1723640879918,"mc":[{"id":"1.231659753","rc":[{"ltp":2.52,"id":26354927}]}]}
{"op":"mcm","clk":"11876453111","pt":1723640935913,"mc":[{"id":"1.231659753","rc":[{"ltp":1.64,"id":26354926}]}]}
{"op":"mcm","clk":"11876455822","pt":1723640998184,"mc":[{"id":"1.231659753","rc":[{"ltp":1.65,"id":26354926}]}]}
{"op":"mcm","clk":"11876461838","pt":1723641121688,"mc":[{"id":"1.231659753","rc":[{"ltp":2.56,"id":26354927},{"ltp":1.62,"id":26354926}]}]}
{"op":"mcm","clk":"11876464283","pt":1723641169854,"mc":[{"id":"1.231659753","rc":[{"ltp":2.6,"id":26354927}]}]}
{"op":"mcm","clk":"11876466489","pt":1723641209383,"mc":[{"id":"1.231659753","rc":[{"ltp":2.58,"id":26354927}]}]}
{"op":"mcm","clk":"11876471457","pt":1723641299572,"mc":[{"id":"1.231659753","rc":[{"ltp":2.6,"id":26354927},{"ltp":1.63,"id":26354926}]}]}
{"op":"mcm","clk":"11876477707","pt":1723641415629,"mc":[{"id":"1.231659753","rc":[{"ltp":1.62,"id":26354926}]}]}
{"op":"mcm","clk":"11876480512","pt":1723641482628,"mc":[{"id":"1.231659753","rc":[{"ltp":2.58,"id":26354927}]}]}
{"op":"mcm","clk":"11876487135","pt":1723641653042,"mc":[{"id":"1.231659753","rc":[{"ltp":1.63,"id":26354926}]}]}
{"op":"mcm","clk":"11876492444","pt":1723641782589,"mc":[{"id":"1.231659753","rc":[{"ltp":2.62,"id":26354927},{"ltp":1.61,"id":26354926}]}]}
{"op":"mcm","clk":"11876494673","pt":1723641839136,"mc":[{"id":"1.231659753","rc":[{"ltp":1.62,"id":26354926}]}]}
{"op":"mcm","clk":"11876499533","pt":1723641940639,"mc":[{"id":"1.231659753","rc":[{"ltp":2.64,"id":26354927},{"ltp":1.6,"id":26354926}]}]}
{"op":"mcm","clk":"11876503959","pt":1723642018722,"mc":[{"id":"1.231659753","rc":[{"ltp":2.66,"id":26354927}]}]}
{"op":"mcm","clk":"11876507195","pt":1723642078507,"mc":[{"id":"1.231659753","rc":[{"ltp":1.61,"id":26354926}]}]}
{"op":"mcm","clk":"11876511262","pt":1723642142877,"mc":[{"id":"1.231659753","rc":[{"ltp":2.64,"id":26354927}]}]}
{"op":"mcm","clk":"11876513313","pt":1723642181412,"mc":[{"id":"1.231659753","rc":[{"ltp":2.62,"id":26354927},{"ltp":1.6,"id":26354926}]}]}
{"op":"mcm","clk":"11876520820","pt":1723642322652,"mc":[{"id":"1.231659753","rc":[{"ltp":2.68,"id":26354927},{"ltp":1.58,"id":26354926}]}]}
{"op":"mcm","clk":"11876523711","pt":1723642373980,"mc":[{"id":"1.231659753","rc":[{"ltp":1.59,"id":26354926}]}]}
{"op":"mcm","clk":"11876527863","pt":1723642442181,"mc":[{"id":"1.231659753","rc":[{"ltp":2.82,"id":26354927},{"ltp":1.56,"id":26354926}]}]}
{"op":"mcm","clk":"11876531055","pt":1723642502806,"mc":[{"id":"1.231659753","rc":[{"ltp":2.76,"id":26354927},{"ltp":1.58,"id":26354926}]}]}
{"op":"mcm","clk":"11876534145","pt":1723642562560,"mc":[{"id":"1.231659753","rc":[{"ltp":2.72,"id":26354927},{"ltp":1.57,"id":26354926}]}]}
{"op":"mcm","clk":"11876537191","pt":1723642622832,"mc":[{"id":"1.231659753","rc":[{"ltp":2.78,"id":26354927},{"ltp":1.56,"id":26354926}]}]}
{"op":"mcm","clk":"11876540096","pt":1723642682894,"mc":[{"id":"1.231659753","rc":[{"ltp":2.8,"id":26354927},{"ltp":1.55,"id":26354926}]}]}
{"op":"mcm","clk":"11876543235","pt":1723642742557,"mc":[{"id":"1.231659753","rc":[{"ltp":2.78,"id":26354927},{"ltp":1.56,"id":26354926}]}]}
{"op":"mcm","clk":"11876546431","pt":1723642802853,"mc":[{"id":"1.231659753","rc":[{"ltp":1.55,"id":26354926}]}]}
{"op":"mcm","clk":"11876549721","pt":1723642862891,"mc":[{"id":"1.231659753","rc":[{"ltp":2.86,"id":26354927},{"ltp":1.54,"id":26354926}]}]}
{"op":"mcm","clk":"11876553122","pt":1723642922818,"mc":[{"id":"1.231659753","rc":[{"ltp":2.92,"id":26354927},{"ltp":1.52,"id":26354926}]}]}
{"op":"mcm","clk":"11876556400","pt":1723642981979,"mc":[{"id":"1.231659753","rc":[{"ltp":2.88,"id":26354927},{"ltp":1.53,"id":26354926}]}]}
{"op":"mcm","clk":"11876560308","pt":1723643042056,"mc":[{"id":"1.231659753","rc":[{"ltp":2.8,"id":26354927},{"ltp":1.55,"id":26354926}]}]}
{"op":"mcm","clk":"11876568064","pt":1723643162655,"mc":[{"id":"1.231659753","rc":[{"ltp":1.56,"id":26354926}]}]}
{"op":"mcm","clk":"11876571825","pt":1723643222834,"mc":[{"id":"1.231659753","rc":[{"ltp":2.72,"id":26354927},{"ltp":1.57,"id":26354926}]}]}
{"op":"mcm","clk":"11876575617","pt":1723643281314,"mc":[{"id":"1.231659753","rc":[{"ltp":1.58,"id":26354926}]}]}
{"op":"mcm","clk":"11876579440","pt":1723643342211,"mc":[{"id":"1.231659753","rc":[{"ltp":1.57,"id":26354926}]}]}
{"op":"mcm","clk":"11876582684","pt":1723643402741,"mc":[{"id":"1.231659753","rc":[{"ltp":1.58,"id":26354926}]}]}
{"op":"mcm","clk":"11876586061","pt":1723643462695,"mc":[{"id":"1.231659753","rc":[{"ltp":1.57,"id":26354926}]}]}
{"op":"mcm","clk":"11876589362","pt":1723643522747,"mc":[{"id":"1.231659753","rc":[{"ltp":2.7,"id":26354927},{"ltp":1.59,"id":26354926}]}]}
{"op":"mcm","clk":"11876592354","pt":1723643582715,"mc":[{"id":"1.231659753","rc":[{"ltp":1.58,"id":26354926}]}]}
{"op":"mcm","clk":"11876600975","pt":1723643762615,"mc":[{"id":"1.231659753","rc":[{"ltp":2.74,"id":26354927},{"ltp":1.57,"id":26354926}]}]}
{"op":"mcm","clk":"11876604139","pt":1723643822883,"mc":[{"id":"1.231659753","rc":[{"ltp":2.76,"id":26354927},{"ltp":1.56,"id":26354926}]}]}
{"op":"mcm","clk":"11876606974","pt":1723643882261,"mc":[{"id":"1.231659753","rc":[{"ltp":1.57,"id":26354926}]}]}
{"op":"mcm","clk":"11876613498","pt":1723644002790,"mc":[{"id":"1.231659753","rc":[{"ltp":2.8,"id":26354927},{"ltp":1.56,"id":26354926}]}]}
{"op":"mcm","clk":"11876616934","pt":1723644062873,"mc":[{"id":"1.231659753","marketDefinition":{"bspMarket":false,"turnInPlayEnabled":true,"persistenceEnabled":true,"marketBaseRate":5.0,"eventId":"33483335","eventTypeId":"4","numberOfWinners":1,"bettingType":"ODDS","marketType":"MATCH_ODDS","marketTime":"2024-08-14T14:00:00.000Z","suspendTime":"2024-08-14T14:00:00.000Z","bspReconciled":false,"complete":true,"inPlay":true,"crossMatching":true,"runnersVoidable":false,"numberOfActiveRunners":2,"betDelay":5,"status":"OPEN","runners":[{"status":"ACTIVE","sortPriority":1,"id":26354926,"name":"Southern Brave"},{"status":"ACTIVE","sortPriority":2,"id":26354927,"name":"Welsh Fire"}],"regulators":["MR_INT"],"countryCode":"GB","discountAllowed":true,"timezone":"GMT","openDate":"2024-08-14T14:00:00.000Z","version":6074325231,"name":"Match Odds","eventName":"Southern Brave v Welsh Fire"},"rc":[{"ltp":2.84,"id":26354927},{"ltp":1.54,"id":26354926}]}]}
{"op":"mcm","clk":"11876620368","pt":1723644122868,"mc":[{"id":"1.231659753","rc":[{"ltp":2.94,"id":26354927}]}]}
{"op":"mcm","clk":"11876624419","pt":1723644182819,"mc":[{"id":"1.231659753","rc":[{"ltp":3.1,"id":26354927},{"ltp":1.47,"id":26354926}]}]}
{"op":"mcm","clk":"11876629128","pt":1723644242805,"mc":[{"id":"1.231659753","rc":[{"ltp":2.96,"id":26354927},{"ltp":1.51,"id":26354926}]}]}
{"op":"mcm","clk":"11876633925","pt":1723644302889,"mc":[{"id":"1.231659753","rc":[{"ltp":2.64,"id":26354927},{"ltp":1.61,"id":26354926}]}]}
{"op":"mcm","clk":"11876638689","pt":1723644362853,"mc":[{"id":"1.231659753","rc":[{"ltp":2.52,"id":26354927},{"ltp":1.66,"id":26354926}]}]}
{"op":"mcm","clk":"11876643461","pt":1723644422815,"mc":[{"id":"1.231659753","rc":[{"ltp":3.15,"id":26354927},{"ltp":1.47,"id":26354926}]}]}
{"op":"mcm","clk":"11876647429","pt":1723644482890,"mc":[{"id":"1.231659753","rc":[{"ltp":2.5,"id":26354927},{"ltp":1.66,"id":26354926}]}]}
{"op":"mcm","clk":"11876651666","pt":1723644542853,"mc":[{"id":"1.231659753","rc":[{"ltp":2.42,"id":26354927},{"ltp":1.7,"id":26354926}]}]}
{"op":"mcm","clk":"11876656215","pt":1723644602838,"mc":[{"id":"1.231659753","rc":[{"ltp":2.32,"id":26354927},{"ltp":1.76,"id":26354926}]}]}
{"op":"mcm","clk":"11876660882","pt":1723644662894,"mc":[{"id":"1.231659753","rc":[{"ltp":1.92,"id":26354927},{"ltp":2.08,"id":26354926}]}]}
{"op":"mcm","clk":"11876665179","pt":1723644722741,"mc":[{"id":"1.231659753","rc":[{"ltp":1.96,"id":26354927},{"ltp":2.04,"id":26354926}]}]}
{"op":"mcm","clk":"11876677975","pt":1723644782838,"mc":[{"id":"1.231659753","rc":[{"ltp":2.0,"id":26354927},{"ltp":2.0,"id":26354926}]}]}
{"op":"mcm","clk":"11876682404","pt":1723644842837,"mc":[{"id":"1.231659753","rc":[{"ltp":2.1,"id":26354927},{"ltp":1.92,"id":26354926}]}]}
{"op":"mcm","clk":"11876686732","pt":1723644902904,"mc":[{"id":"1.231659753","rc":[{"ltp":2.14,"id":26354927},{"ltp":1.87,"id":26354926}]}]}
{"op":"mcm","clk":"11876690884","pt":1723644962871,"mc":[{"id":"1.231659753","rc":[{"ltp":2.66,"id":26354927},{"ltp":1.6,"id":26354926}]}]}
{"op":"mcm","clk":"11876695179","pt":1723645022868,"mc":[{"id":"1.231659753","rc":[{"ltp":2.6,"id":26354927},{"ltp":1.62,"id":26354926}]}]}
{"op":"mcm","clk":"11876699540","pt":1723645082845,"mc":[{"id":"1.231659753","rc":[{"ltp":2.5,"id":26354927},{"ltp":1.66,"id":26354926}]}]}
{"op":"mcm","clk":"11876704041","pt":1723645142880,"mc":[{"id":"1.231659753","rc":[{"ltp":2.28,"id":26354927},{"ltp":1.74,"id":26354926}]}]}
{"op":"mcm","clk":"11876708671","pt":1723645202896,"mc":[{"id":"1.231659753","rc":[{"ltp":2.3,"id":26354927},{"ltp":1.76,"id":26354926}]}]}
{"op":"mcm","clk":"11876713616","pt":1723645262860,"mc":[{"id":"1.231659753","rc":[{"ltp":2.44,"id":26354927},{"ltp":1.7,"id":26354926}]}]}
{"op":"mcm","clk":"11876718951","pt":1723645322914,"mc":[{"id":"1.231659753","rc":[{"ltp":2.2,"id":26354927},{"ltp":1.81,"id":26354926}]}]}
{"op":"mcm","clk":"11876723918","pt":1723645382899,"mc":[{"id":"1.231659753","rc":[{"ltp":2.22,"id":26354927},{"ltp":1.8,"id":26354926}]}]}
{"op":"mcm","clk":"11876728921","pt":1723645442852,"mc":[{"id":"1.231659753","rc":[{"ltp":2.28,"id":26354927},{"ltp":1.77,"id":26354926}]}]}
{"op":"mcm","clk":"11876734221","pt":1723645502807,"mc":[{"id":"1.231659753","rc":[{"ltp":2.32,"id":26354927},{"ltp":1.76,"id":26354926}]}]}
{"op":"mcm","clk":"11876740233","pt":1723645562886,"mc":[{"id":"1.231659753","rc":[{"ltp":2.14,"id":26354927},{"ltp":1.89,"id":26354926}]}]}
{"op":"mcm","clk":"11876744747","pt":1723645622772,"mc":[{"id":"1.231659753","rc":[{"ltp":2.04,"id":26354927},{"ltp":1.95,"id":26354926}]}]}
{"op":"mcm","clk":"11876749052","pt":1723645682849,"mc":[{"id":"1.231659753","rc":[{"ltp":2.02,"id":26354927},{"ltp":1.98,"id":26354926}]}]}
{"op":"mcm","clk":"11876753310","pt":1723645742914,"mc":[{"id":"1.231659753","rc":[{"ltp":2.06,"id":26354927},{"ltp":1.93,"id":26354926}]}]}
{"op":"mcm","clk":"11876757369","pt":1723645802867,"mc":[{"id":"1.231659753","rc":[{"ltp":1.95,"id":26354926}]}]}
{"op":"mcm","clk":"11876761632","pt":1723645862869,"mc":[{"id":"1.231659753","rc":[{"ltp":2.04,"id":26354927}]}]}
{"op":"mcm","clk":"11876766087","pt":1723645922751,"mc":[{"id":"1.231659753","rc":[{"ltp":1.94,"id":26354926}]}]}
{"op":"mcm","clk":"11876778354","pt":1723646042876,"mc":[{"id":"1.231659753","rc":[{"ltp":2.08,"id":26354927},{"ltp":1.91,"id":26354926}]}]}
{"op":"mcm","clk":"11876783297","pt":1723646102852,"mc":[{"id":"1.231659753","rc":[{"ltp":2.4,"id":26354927},{"ltp":1.72,"id":26354926}]}]}
{"op":"mcm","clk":"11876788268","pt":1723646162815,"mc":[{"id":"1.231659753","rc":[{"ltp":2.36,"id":26354927},{"ltp":1.73,"id":26354926}]}]}
{"op":"mcm","clk":"11876792625","pt":1723646222867,"mc":[{"id":"1.231659753","rc":[{"ltp":2.3,"id":26354927},{"ltp":1.76,"id":26354926}]}]}
{"op":"mcm","clk":"11876797412","pt":1723646282855,"mc":[{"id":"1.231659753","rc":[{"ltp":2.32,"id":26354927},{"ltp":1.74,"id":26354926}]}]}
{"op":"mcm","clk":"11876802380","pt":1723646342821,"mc":[{"id":"1.231659753","rc":[{"ltp":2.34,"id":26354927},{"ltp":1.73,"id":26354926}]}]}
{"op":"mcm","clk":"11876807573","pt":1723646402887,"mc":[{"id":"1.231659753","rc":[{"ltp":2.1,"id":26354927},{"ltp":1.91,"id":26354926}]}]}
{"op":"mcm","clk":"11876812886","pt":1723646462829,"mc":[{"id":"1.231659753","rc":[{"ltp":1.93,"id":26354927},{"ltp":2.08,"id":26354926}]}]}
{"op":"mcm","clk":"11876818379","pt":1723646522907,"mc":[{"id":"1.231659753","rc":[{"ltp":1.87,"id":26354927},{"ltp":2.16,"id":26354926}]}]}
{"op":"mcm","clk":"11876824530","pt":1723646582862,"mc":[{"id":"1.231659753","rc":[{"ltp":1.67,"id":26354927},{"ltp":2.5,"id":26354926}]}]}
{"op":"mcm","clk":"11876830754","pt":1723646642840,"mc":[{"id":"1.231659753","rc":[{"ltp":1.72,"id":26354927},{"ltp":2.38,"id":26354926}]}]}
{"op":"mcm","clk":"11876836377","pt":1723646702825,"mc":[{"id":"1.231659753","rc":[{"ltp":2.4,"id":26354926}]}]}
{"op":"mcm","clk":"11876841794","pt":1723646762862,"mc":[{"id":"1.231659753","rc":[{"ltp":1.75,"id":26354927},{"ltp":2.34,"id":26354926}]}]}
{"op":"mcm","clk":"11876846353","pt":1723646822832,"mc":[{"id":"1.231659753","rc":[{"ltp":1.73,"id":26354927}]}]}
{"op":"mcm","clk":"11876850702","pt":1723646882881,"mc":[{"id":"1.231659753","rc":[{"ltp":1.74,"id":26354927}]}]}
{"op":"mcm","clk":"11876855100","pt":1723646942831,"mc":[{"id":"1.231659753","rc":[{"ltp":2.02,"id":26354927},{"ltp":1.96,"id":26354926}]}]}
{"op":"mcm","clk":"11876860059","pt":1723647002867,"mc":[{"id":"1.231659753","rc":[{"ltp":1.93,"id":26354927},{"ltp":2.06,"id":26354926}]}]}
{"op":"mcm","clk":"11876864975","pt":1723647062914,"mc":[{"id":"1.231659753","rc":[{"ltp":1.78,"id":26354927},{"ltp":2.3,"id":26354926}]}]}
{"op":"mcm","clk":"11876869427","pt":1723647122881,"mc":[{"id":"1.231659753","rc":[{"ltp":1.89,"id":26354927},{"ltp":2.14,"id":26354926}]}]}
{"op":"mcm","clk":"11876873791","pt":1723647182861,"mc":[{"id":"1.231659753","rc":[{"ltp":1.84,"id":26354927},{"ltp":2.18,"id":26354926}]}]}
{"op":"mcm","clk":"11876880314","pt":1723647242825,"mc":[{"id":"1.231659753","rc":[{"ltp":1.79,"id":26354927},{"ltp":2.26,"id":26354926}]}]}
{"op":"mcm","clk":"11876886086","pt":1723647302902,"mc":[{"id":"1.231659753","rc":[{"ltp":1.71,"id":26354927},{"ltp":2.44,"id":26354926}]}]}
{"op":"mcm","clk":"11876891721","pt":1723647362887,"mc":[{"id":"1.231659753","rc":[{"ltp":1.75,"id":26354927},{"ltp":2.36,"id":26354926}]}]}
{"op":"mcm","clk":"11876897152","pt":1723647422820,"mc":[{"id":"1.231659753","rc":[{"ltp":2.32,"id":26354926}]}]}
{"op":"mcm","clk":"11876902264","pt":1723647482893,"mc":[{"id":"1.231659753","rc":[{"ltp":1.59,"id":26354927},{"ltp":2.68,"id":26354926}]}]}
{"op":"mcm","clk":"11876907717","pt":1723647542859,"mc":[{"id":"1.231659753","rc":[{"ltp":1.61,"id":26354927},{"ltp":2.66,"id":26354926}]}]}
{"op":"mcm","clk":"11876913409","pt":1723647602832,"mc":[{"id":"1.231659753","rc":[{"ltp":1.57,"id":26354927},{"ltp":2.74,"id":26354926}]}]}
{"op":"mcm","clk":"11876919305","pt":1723647662809,"mc":[{"id":"1.231659753","rc":[{"ltp":1.53,"id":26354927},{"ltp":2.92,"id":26354926}]}]}
{"op":"mcm","clk":"11876924760","pt":1723647722896,"mc":[{"id":"1.231659753","rc":[{"ltp":1.5,"id":26354927},{"ltp":3.0,"id":26354926}]}]}
{"op":"mcm","clk":"11876930557","pt":1723647782823,"mc":[{"id":"1.231659753","rc":[{"ltp":1.38,"id":26354927},{"ltp":3.6,"id":26354926}]}]}
{"op":"mcm","clk":"11876935893","pt":1723647842819,"mc":[{"id":"1.231659753","rc":[{"ltp":1.36,"id":26354927},{"ltp":3.75,"id":26354926}]}]}
{"op":"mcm","clk":"11876941352","pt":1723647902860,"mc":[{"id":"1.231659753","rc":[{"ltp":1.39,"id":26354927},{"ltp":3.55,"id":26354926}]}]}
{"op":"mcm","clk":"11876946878","pt":1723647962828,"mc":[{"id":"1.231659753","rc":[{"ltp":1.34,"id":26354927},{"ltp":4.0,"id":26354926}]}]}
{"op":"mcm","clk":"11876952191","pt":1723648022854,"mc":[{"id":"1.231659753","rc":[{"ltp":1.33,"id":26354927}]}]}
{"op":"mcm","clk":"11876957157","pt":1723648082822,"mc":[{"id":"1.231659753","rc":[{"ltp":1.24,"id":26354927},{"ltp":5.1,"id":26354926}]}]}
{"op":"mcm","clk":"11876967371","pt":1723648202888,"mc":[{"id":"1.231659753","rc":[{"ltp":1.19,"id":26354927},{"ltp":6.2,"id":26354926}]}]}
{"op":"mcm","clk":"11876972843","pt":1723648262881,"mc":[{"id":"1.231659753","rc":[{"ltp":1.17,"id":26354927},{"ltp":7.2,"id":26354926}]}]}
{"op":"mcm","clk":"11876977944","pt":1723648322822,"mc":[{"id":"1.231659753","rc":[{"ltp":7.0,"id":26354926}]}]}
{"op":"mcm","clk":"11876983061","pt":1723648382844,"mc":[{"id":"1.231659753","rc":[{"ltp":1.18,"id":26354927},{"ltp":6.2,"id":26354926}]}]}
{"op":"mcm","clk":"11876988453","pt":1723648442737,"mc":[{"id":"1.231659753","rc":[{"ltp":1.21,"id":26354927},{"ltp":5.7,"id":26354926}]}]}
{"op":"mcm","clk":"11876999571","pt":1723648562881,"mc":[{"id":"1.231659753","rc":[{"ltp":1.25,"id":26354927},{"ltp":5.0,"id":26354926}]}]}
{"op":"mcm","clk":"11877010289","pt":1723648682874,"mc":[{"id":"1.231659753","rc":[{"ltp":1.24,"id":26354927},{"ltp":5.1,"id":26354926}]}]}
{"op":"mcm","clk":"11877021494","pt":1723648802884,"mc":[{"id":"1.231659753","rc":[{"ltp":5.0,"id":26354926}]}]}
{"op":"mcm","clk":"11877026719","pt":1723648862842,"mc":[{"id":"1.231659753","rc":[{"ltp":1.28,"id":26354927},{"ltp":4.8,"id":26354926}]}]}
{"op":"mcm","clk":"11877032189","pt":1723648922905,"mc":[{"id":"1.231659753","rc":[{"ltp":1.25,"id":26354927},{"ltp":5.1,"id":26354926}]}]}
{"op":"mcm","clk":"11877036681","pt":1723648982895,"mc":[{"id":"1.231659753","rc":[{"ltp":1.24,"id":26354927}]}]}
{"op":"mcm","clk":"11877040957","pt":1723649042890,"mc":[{"id":"1.231659753","rc":[{"ltp":5.2,"id":26354926}]}]}
{"op":"mcm","clk":"11877050755","pt":1723649162899,"mc":[{"id":"1.231659753","rc":[{"ltp":1.22,"id":26354927},{"ltp":5.4,"id":26354926}]}]}
{"op":"mcm","clk":"11877055406","pt":1723649222866,"mc":[{"id":"1.231659753","rc":[{"ltp":5.6,"id":26354926}]}]}
{"op":"mcm","clk":"11877059918","pt":1723649282699,"mc":[{"id":"1.231659753","rc":[{"ltp":1.21,"id":26354927},{"ltp":5.7,"id":26354926}]}]}
{"op":"mcm","clk":"11877064202","pt":1723649342848,"mc":[{"id":"1.231659753","rc":[{"ltp":1.22,"id":26354927},{"ltp":5.6,"id":26354926}]}]}
{"op":"mcm","clk":"11877068312","pt":1723649402815,"mc":[{"id":"1.231659753","rc":[{"ltp":1.21,"id":26354927},{"ltp":5.5,"id":26354926}]}]}
{"op":"mcm","clk":"11877072727","pt":1723649462873,"mc":[{"id":"1.231659753","rc":[{"ltp":1.22,"id":26354927}]}]}
{"op":"mcm","clk":"11877077150","pt":1723649522725,"mc":[{"id":"1.231659753","rc":[{"ltp":1.23,"id":26354927}]}]}
{"op":"mcm","clk":"11877082024","pt":1723649582730,"mc":[{"id":"1.231659753","rc":[{"ltp":1.22,"id":26354927}]}]}
{"op":"mcm","clk":"11877091823","pt":1723649702848,"mc":[{"id":"1.231659753","rc":[{"ltp":1.23,"id":26354927},{"ltp":5.4,"id":26354926}]}]}
{"op":"mcm","clk":"11877097597","pt":1723649762883,"mc":[{"id":"1.231659753","rc":[{"ltp":1.22,"id":26354927},{"ltp":5.6,"id":26354926}]}]}
{"op":"mcm","clk":"11877103595","pt":1723649822865,"mc":[{"id":"1.231659753","rc":[{"ltp":1.16,"id":26354927},{"ltp":7.2,"id":26354926}]}]}
{"op":"mcm","clk":"11877109714","pt":1723649882911,"mc":[{"id":"1.231659753","rc":[{"ltp":1.12,"id":26354927},{"ltp":9.2,"id":26354926}]}]}
{"op":"mcm","clk":"11877115764","pt":1723649942877,"mc":[{"id":"1.231659753","rc":[{"ltp":1.11,"id":26354927},{"ltp":10.0,"id":26354926}]}]}
{"op":"mcm","clk":"11877132434","pt":1723650062885,"mc":[{"id":"1.231659753","rc":[{"ltp":1.13,"id":26354927},{"ltp":8.4,"id":26354926}]}]}
{"op":"mcm","clk":"11877139193","pt":1723650122835,"mc":[{"id":"1.231659753","rc":[{"ltp":1.11,"id":26354927},{"ltp":10.0,"id":26354926}]}]}
{"op":"mcm","clk":"11877154051","pt":1723650182899,"mc":[{"id":"1.231659753","rc":[{"ltp":1.1,"id":26354927},{"ltp":11.0,"id":26354926}]}]}
{"op":"mcm","clk":"11877160372","pt":1723650242868,"mc":[{"id":"1.231659753","rc":[{"ltp":11.5,"id":26354926}]}]}
{"op":"mcm","clk":"11877172814","pt":1723650362869,"mc":[{"id":"1.231659753","rc":[{"ltp":1.13,"id":26354927},{"ltp":8.8,"id":26354926}]}]}
{"op":"mcm","clk":"11877178597","pt":1723650422876,"mc":[{"id":"1.231659753","rc":[{"ltp":1.12,"id":26354927},{"ltp":9.4,"id":26354926}]}]}
{"op":"mcm","clk":"11877184268","pt":1723650482785,"mc":[{"id":"1.231659753","rc":[{"ltp":1.15,"id":26354927},{"ltp":7.6,"id":26354926}]}]}
{"op":"mcm","clk":"11877190504","pt":1723650542903,"mc":[{"id":"1.231659753","rc":[{"ltp":1.19,"id":26354927},{"ltp":6.2,"id":26354926}]}]}
{"op":"mcm","clk":"11877196959","pt":1723650602840,"mc":[{"id":"1.231659753","rc":[{"ltp":1.09,"id":26354927},{"ltp":11.0,"id":26354926}]}]}
{"op":"mcm","clk":"11877202659","pt":1723650662830,"mc":[{"id":"1.231659753","rc":[{"ltp":13.0,"id":26354926}]}]}
{"op":"mcm","clk":"11877208277","pt":1723650722769,"mc":[{"id":"1.231659753","rc":[{"ltp":12.5,"id":26354926}]}]}
{"op":"mcm","clk":"11877213685","pt":1723650782727,"mc":[{"id":"1.231659753","rc":[{"ltp":12.0,"id":26354926}]}]}
{"op":"mcm","clk":"11877218718","pt":1723650842816,"mc":[{"id":"1.231659753","rc":[{"ltp":1.1,"id":26354927},{"ltp":12.5,"id":26354926}]}]}
{"op":"mcm","clk":"11877224231","pt":1723650902673,"mc":[{"id":"1.231659753","rc":[{"ltp":1.09,"id":26354927},{"ltp":12.0,"id":26354926}]}]}
{"op":"mcm","clk":"11877229460","pt":1723650962319,"mc":[{"id":"1.231659753","rc":[{"ltp":1.1,"id":26354927}]}]}
{"op":"mcm","clk":"11877240119","pt":1723651082353,"mc":[{"id":"1.231659753","rc":[{"ltp":11.5,"id":26354926}]}]}
{"op":"mcm","clk":"11877245974","pt":1723651142219,"mc":[{"id":"1.231659753","rc":[{"ltp":1.09,"id":26354927}]}]}
{"op":"mcm","clk":"11877251070","pt":1723651202676,"mc":[{"id":"1.231659753","rc":[{"ltp":1.1,"id":26354927}]}]}
{"op":"mcm","clk":"11877256550","pt":1723651262829,"mc":[{"id":"1.231659753","rc":[{"ltp":1.09,"id":26354927}]}]}
{"op":"mcm","clk":"11877268034","pt":1723651382780,"mc":[{"id":"1.231659753","rc":[{"ltp":1.1,"id":26354927}]}]}
{"op":"mcm","clk":"11877297020","pt":1723651682692,"mc":[{"id":"1.231659753","rc":[{"ltp":1.09,"id":26354927},{"ltp":12.0,"id":26354926}]}]}
{"op":"mcm","clk":"11877309416","pt":1723651802382,"mc":[{"id":"1.231659753","rc":[{"ltp":1.08,"id":26354927},{"ltp":13.5,"id":26354926}]}]}
{"op":"mcm","clk":"11877328608","pt":1723651982904,"mc":[{"id":"1.231659753","rc":[{"ltp":1.09,"id":26354927},{"ltp":12.5,"id":26354926}]}]}
{"op":"mcm","clk":"11877335256","pt":1723652042766,"mc":[{"id":"1.231659753","rc":[{"ltp":1.08,"id":26354927},{"ltp":13.5,"id":26354926}]}]}
{"op":"mcm","clk":"11877341952","pt":1723652102727,"mc":[{"id":"1.231659753","rc":[{"ltp":12.5,"id":26354926}]}]}
{"op":"mcm","clk":"11877355966","pt":1723652222556,"mc":[{"id":"1.231659753","rc":[{"ltp":13.5,"id":26354926}]}]}
{"op":"mcm","clk":"11877363621","pt":1723652282778,"mc":[{"id":"1.231659753","rc":[{"ltp":1.09,"id":26354927},{"ltp":12.5,"id":26354926}]}]}
{"op":"mcm","clk":"11877377047","pt":1723652402422,"mc":[{"id":"1.231659753","rc":[{"ltp":1.08,"id":26354927},{"ltp":13.5,"id":26354926}]}]}
{"op":"mcm","clk":"11877389456","pt":1723652522844,"mc":[{"id":"1.231659753","rc":[{"ltp":13.0,"id":26354926}]}]}
{"op":"mcm","clk":"11877395656","pt":1723652582884,"mc":[{"id":"1.231659753","rc":[{"ltp":1.07,"id":26354927},{"ltp":13.5,"id":26354926}]}]}
{"op":"mcm","clk":"11877402192","pt":1723652642462,"mc":[{"id":"1.231659753","rc":[{"ltp":1.09,"id":26354927},{"ltp":12.0,"id":26354926}]}]}
{"op":"mcm","clk":"11877407922","pt":1723652702915,"mc":[{"id":"1.231659753","rc":[{"ltp":1.08,"id":26354927},{"ltp":12.5,"id":26354926}]}]}
{"op":"mcm","clk":"11877413584","pt":1723652762909,"mc":[{"id":"1.231659753","rc":[{"ltp":1.09,"id":26354927}]}]}
{"op":"mcm","clk":"11877418577","pt":1723652822652,"mc":[{"id":"1.231659753","rc":[{"ltp":1.08,"id":26354927},{"ltp":13.5,"id":26354926}]}]}
{"op":"mcm","clk":"11877429901","pt":1723652942817,"mc":[{"id":"1.231659753","rc":[{"ltp":12.0,"id":26354926}]}]}
{"op":"mcm","clk":"11877435798","pt":1723653002380,"mc":[{"id":"1.231659753","rc":[{"ltp":13.5,"id":26354926}]}]}
{"op":"mcm","clk":"11877441792","pt":1723653062662,"mc":[{"id":"1.231659753","rc":[{"ltp":1.09,"id":26354927}]}]}
{"op":"mcm","clk":"11877447481","pt":1723653122817,"mc":[{"id":"1.231659753","rc":[{"ltp":1.07,"id":26354927}]}]}
{"op":"mcm","clk":"11877453789","pt":1723653182850,"mc":[{"id":"1.231659753","rc":[{"ltp":1.09,"id":26354927},{"ltp":13.0,"id":26354926}]}]}
{"op":"mcm","clk":"11877461359","pt":1723653242841,"mc":[{"id":"1.231659753","rc":[{"ltp":12.5,"id":26354926}]}]}
{"op":"mcm","clk":"11877468109","pt":1723653302321,"mc":[{"id":"1.231659753","rc":[{"ltp":12.0,"id":26354926}]}]}
{"op":"mcm","clk":"11877475165","pt":1723653362685,"mc":[{"id":"1.231659753","rc":[{"ltp":1.08,"id":26354927},{"ltp":13.0,"id":26354926}]}]}
{"op":"mcm","clk":"11877482140","pt":1723653422867,"mc":[{"id":"1.231659753","rc":[{"ltp":1.09,"id":26354927}]}]}
{"op":"mcm","clk":"11877488176","pt":1723653482527,"mc":[{"id":"1.231659753","rc":[{"ltp":12.0,"id":26354926}]}]}
{"op":"mcm","clk":"11877494401","pt":1723653542234,"mc":[{"id":"1.231659753","rc":[{"ltp":13.5,"id":26354926}]}]}
{"op":"mcm","clk":"11877500169","pt":1723653602695,"mc":[{"id":"1.231659753","rc":[{"ltp":12.5,"id":26354926}]}]}
{"op":"mcm","clk":"11877505276","pt":1723653661803,"mc":[{"id":"1.231659753","marketDefinition":{"bspMarket":false,"turnInPlayEnabled":true,"persistenceEnabled":true,"marketBaseRate":5.0,"eventId":"33483335","eventTypeId":"4","numberOfWinners":1,"bettingType":"ODDS","marketType":"MATCH_ODDS","marketTime":"2024-08-14T14:00:00.000Z","suspendTime":"2024-08-14T14:00:00.000Z","bspReconciled":false,"complete":true,"inPlay":true,"crossMatching":true,"runnersVoidable":false,"numberOfActiveRunners":2,"betDelay":5,"status":"SUSPENDED","runners":[{"status":"ACTIVE","sortPriority":1,"id":26354926,"name":"Southern Brave"},{"status":"ACTIVE","sortPriority":2,"id":26354927,"name":"Welsh Fire"}],"regulators":["MR_INT"],"countryCode":"GB","discountAllowed":true,"timezone":"GMT","openDate":"2024-08-14T14:00:00.000Z","version":6074582851,"name":"Match Odds","eventName":"Southern Brave v Welsh Fire"},"rc":[{"ltp":12.0,"id":26354926}]}]}
{"op":"mcm","clk":"11877524465","pt":1723653884955,"mc":[{"id":"1.231659753","marketDefinition":{"bspMarket":false,"turnInPlayEnabled":true,"persistenceEnabled":true,"marketBaseRate":5.0,"eventId":"33483335","eventTypeId":"4","numberOfWinners":1,"bettingType":"ODDS","marketType":"MATCH_ODDS","marketTime":"2024-08-14T14:00:00.000Z","suspendTime":"2024-08-14T14:00:00.000Z","bspReconciled":false,"complete":true,"inPlay":true,"crossMatching":false,"runnersVoidable":false,"numberOfActiveRunners":0,"betDelay":5,"status":"CLOSED","settledTime":"2024-08-14T16:43:35.000Z","runners":[{"status":"REMOVED","sortPriority":1,"removalDate":"2024-08-14T16:43:35.000Z","id":26354926,"name":"Southern Brave"},{"status":"REMOVED","sortPriority":2,"removalDate":"2024-08-14T16:43:35.000Z","id":26354927,"name":"Welsh Fire"}],"regulators":["MR_INT"],"countryCode":"GB","discountAllowed":true,"timezone":"GMT","openDate":"2024-08-14T14:00:00.000Z","version":6074591660,"name":"Match Odds","eventName":"Southern Brave v Welsh Fire"}}]}
