{"op":"mcm","clk":"11809133803","pt":1723195996700,"mc":[{"id":"1.231615960","marketDefinition":{"bspMarket":false,"turnInPlayEnabled":true,"persistenceEnabled":true,"marketBaseRate":5.0,"eventId":"33480310","eventTypeId":"4","numberOfWinners":1,"bettingType":"ODDS","marketType":"MATCH_ODDS","marketTime":"2024-08-11T17:00:00.000Z","suspendTime":"2024-08-11T17:00:00.000Z","bspReconciled":false,"complete":true,"inPlay":false,"crossMatching":true,"runnersVoidable":false,"numberOfActiveRunners":2,"betDelay":0,"status":"OPEN","runners":[{"status":"ACTIVE","sortPriority":1,"id":26354922,"name":"Manchester Originals"},{"status":"ACTIVE","sortPriority":2,"id":26354924,"name":"Northern Superchargers"}],"regulators":["MR_INT"],"countryCode":"GB","discountAllowed":true,"timezone":"GMT","openDate":"2024-08-11T17:00:00.000Z","version":6062881280,"name":"Match Odds","eventName":"Manchester Originals v Northern Superchargers"}}]}
{"op":"mcm","clk":"11811900418","pt":1723223530292,"mc":[{"id":"1.231615960","rc":[{"ltp":4.9,"id":26354922},{"ltp":1.26,"id":26354924}]}]}
{"op":"mcm","clk":"11814454053","pt":1723236790455,"mc":[{"id":"1.231615960","rc":[{"ltp":1.7,"id":26354924}]}]}
{"op":"mcm","clk":"11814789660","pt":1723242814694,"mc":[{"id":"1.231615960","rc":[{"ltp":2.32,"id":26354922},{"ltp":1.76,"id":26354924}]}]}
{"op":"mcm","clk":"11817260081","pt":1723280159187,"mc":[{"id":"1.231615960","rc":[{"ltp":1.69,"id":26354924}]}]}
{"op":"mcm","clk":"11822945825","pt":1723310170665,"mc":[{"id":"1.231615960","rc":[{"ltp":2.4,"id":26354922},{"ltp":1.8,"id":26354924}]}]}
{"op":"mcm","clk":"11823255736","pt":1723311831593,"mc":[{"id":"1.231615960","rc":[{"ltp":2.24,"id":26354922}]}]}
{"op":"mcm","clk":"11825281240","pt":1723322574009,"mc":[{"id":"1.231615960","rc":[{"ltp":1.75,"id":26354924}]}]}
{"op":"mcm","clk":"11825428377","pt":1723324064014,"mc":[{"id":"1.231615960","rc":[{"ltp":1.76,"id":26354924}]}]}
{"op":"mcm","clk":"11825792158","pt":1723329445020,"mc":[{"id":"1.231615960","rc":[{"ltp":2.26,"id":26354922},{"ltp":1.79,"id":26354924}]}]}
{"op":"mcm","clk":"11827306173","pt":1723353355332,"mc":[{"id":"1.231615960","rc":[{"ltp":1.76,"id":26354924}]}]}
{"op":"mcm","clk":"11827395540","pt":1723355714342,"mc":[{"id":"1.231615960","rc":[{"ltp":2.32,"id":26354922}]}]}
{"op":"mcm","clk":"11827507564","pt":1723358298254,"mc":[{"id":"1.231615960","rc":[{"ltp":1.75,"id":26354924}]}]}
{"op":"mcm","clk":"11827573094","pt":1723360180946,"mc":[{"id":"1.231615960","rc":[{"ltp":2.26,"id":26354922},{"ltp":1.79,"id":26354924}]}]}
{"op":"mcm","clk":"11827607192","pt":1723361215334,"mc":[{"id":"1.231615960","rc":[{"ltp":1.75,"id":26354924}]}]}
{"op":"mcm","clk":"11827633092","pt":1723361830043,"mc":[{"id":"1.231615960","rc":[{"ltp":2.32,"id":26354922},{"ltp":1.74,"id":26354924}]}]}
{"op":"mcm","clk":"11827659509","pt":1723362191179,"mc":[{"id":"1.231615960","rc":[{"ltp":2.34,"id":26354922},{"ltp":1.75,"id":26354924}]}]}
{"op":"mcm","clk":"11827671947","pt":1723362533079,"mc":[{"id":"1.231615960","rc":[{"ltp":1.74,"id":26354924}]}]}
{"op":"mcm","clk":"11827689242","pt":1723362961817,"mc":[{"id":"1.231615960","rc":[{"ltp":2.36,"id":26354922}]}]}
{"op":"mcm","clk":"11827701633","pt":1723363208635,"mc":[{"id":"1.231615960","rc":[{"ltp":1.75,"id":26354924}]}]}
{"op":"mcm","clk":"11827705303","pt":1723363270530,"mc":[{"id":"1.231615960","rc":[{"ltp":1.74,"id":26354924}]}]}
{"op":"mcm","clk":"11827744186","pt":1723364010208,"mc":[{"id":"1.231615960","rc":[{"ltp":2.34,"id":26354922},{"ltp":1.75,"id":26354924}]}]}
{"op":"mcm","clk":"11827803501","pt":1723364879408,"mc":[{"id":"1.231615960","rc":[{"ltp":1.74,"id":26354924}]}]}
{"op":"mcm","clk":"11827862937","pt":1723365609749,"mc":[{"id":"1.231615960","rc":[{"ltp":1.75,"id":26354924}]}]}
{"op":"mcm","clk":"11827864944","pt":1723365633889,"mc":[{"id":"1.231615960","rc":[{"ltp":2.3,"id":26354922},{"ltp":1.76,"id":26354924}]}]}
{"op":"mcm","clk":"11827911785","pt":1723366182596,"mc":[{"id":"1.231615960","rc":[{"ltp":1.75,"id":26354924}]}]}
{"op":"mcm","clk":"11827952909","pt":1723366613313,"mc":[{"id":"1.231615960","rc":[{"ltp":2.34,"id":26354922}]}]}
{"op":"mcm","clk":"11827965041","pt":1723366745178,"mc":[{"id":"1.231615960","rc":[{"ltp":1.74,"id":26354924}]}]}
{"op":"mcm","clk":"11828008466","pt":1723367196038,"mc":[{"id":"1.231615960","rc":[{"ltp":1.75,"id":26354924}]}]}
{"op":"mcm","clk":"11828055647","pt":1723367594654,"mc":[{"id":"1.231615960","rc":[{"ltp":2.32,"id":26354922}]}]}
{"op":"mcm","clk":"11828071178","pt":1723367762034,"mc":[{"id":"1.231615960","rc":[{"ltp":1.74,"id":26354924}]}]}
{"op":"mcm","clk":"11828082160","pt":1723367890770,"mc":[{"id":"1.231615960","rc":[{"ltp":2.34,"id":26354922}]}]}
{"op":"mcm","clk":"11828187425","pt":1723369033463,"mc":[{"id":"1.231615960","rc":[{"ltp":1.73,"id":26354924}]}]}
{"op":"mcm","clk":"11828236769","pt":1723369469592,"mc":[{"id":"1.231615960","rc":[{"ltp":1.74,"id":26354924}]}]}
{"op":"mcm","clk":"11828284875","pt":1723369908631,"mc":[{"id":"1.231615960","rc":[{"ltp":1.75,"id":26354924}]}]}
{"op":"mcm","clk":"11828303584","pt":1723370073602,"mc":[{"id":"1.231615960","rc":[{"ltp":1.74,"id":26354924}]}]}
{"op":"mcm","clk":"11828446604","pt":1723371130995,"mc":[{"id":"1.231615960","rc":[{"ltp":1.73,"id":26354924}]}]}
{"op":"mcm","clk":"11828486426","pt":1723371426408,"mc":[{"id":"1.231615960","rc":[{"ltp":1.74,"id":26354924}]}]}
{"op":"mcm","clk":"11828544207","pt":1723371831629,"mc":[{"id":"1.231615960","rc":[{"ltp":2.36,"id":26354922}]}]}
{"op":"mcm","clk":"11828653899","pt":1723372752440,"mc":[{"id":"1.231615960","rc":[{"ltp":1.73,"id":26354924}]}]}
{"op":"mcm","clk":"11828794716","pt":1723373839569,"mc":[{"id":"1.231615960","rc":[{"ltp":2.38,"id":26354922}]}]}
{"op":"mcm","clk":"11828884583","pt":1723374483829,"mc":[{"id":"1.231615960","rc":[{"ltp":2.4,"id":26354922},{"ltp":1.7,"id":26354924}]}]}
{"op":"mcm","clk":"11828988310","pt":1723375145512,"mc":[{"id":"1.231615960","rc":[{"ltp":1.72,"id":26354924}]}]}
{"op":"mcm","clk":"11829007630","pt":1723375272894,"mc":[{"id":"1.231615960","rc":[{"ltp":2.38,"id":26354922}]}]}
{"op":"mcm","clk":"11829072096","pt":1723375705018,"mc":[{"id":"1.231615960","rc":[{"ltp":2.36,"id":26354922}]}]}
{"op":"mcm","clk":"11829136010","pt":1723376096795,"mc":[{"id":"1.231615960","rc":[{"ltp":2.38,"id":26354922},{"ltp":1.71,"id":26354924}]}]}
{"op":"mcm","clk":"11829197469","pt":1723376467766,"mc":[{"id":"1.231615960","rc":[{"ltp":2.4,"id":26354922}]}]}
{"op":"mcm","clk":"11829206040","pt":1723376519774,"mc":[{"id":"1.231615960","rc":[{"ltp":1.72,"id":26354924}]}]}
{"op":"mcm","clk":"11829216822","pt":1723376583530,"mc":[{"id":"1.231615960","rc":[{"ltp":2.38,"id":26354922}]}]}
{"op":"mcm","clk":"11829303928","pt":1723377154094,"mc":[{"id":"1.231615960","rc":[{"ltp":1.73,"id":26354924}]}]}
{"op":"mcm","clk":"11829345792","pt":1723377475791,"mc":[{"id":"1.231615960","rc":[{"ltp":2.34,"id":26354922}]}]}
{"op":"mcm","clk":"11829963525","pt":1723380911726,"mc":[{"id":"1.231615960","rc":[{"ltp":1.74,"id":26354924}]}]}
{"op":"mcm","clk":"11830054411","pt":1723381452403,"mc":[{"id":"1.231615960","rc":[{"ltp":1.73,"id":26354924}]}]}
{"op":"mcm","clk":"11830195437","pt":1723382146784,"mc":[{"id":"1.231615960","rc":[{"ltp":1.74,"id":26354924}]}]}
{"op":"mcm","clk":"11830234265","pt":1723382342404,"mc":[{"id":"1.231615960","rc":[{"ltp":1.73,"id":26354924}]}]}
{"op":"mcm","clk":"11830257441","pt":1723382473725,"mc":[{"id":"1.231615960","rc":[{"ltp":2.32,"id":26354922},{"ltp":1.74,"id":26354924}]}]}
{"op":"mcm","clk":"11830275660","pt":1723382577209,"mc":[{"id":"1.231615960","rc":[{"ltp":1.75,"id":26354924}]}]}
{"op":"mcm","clk":"11830342231","pt":1723382941608,"mc":[{"id":"1.231615960","rc":[{"ltp":1.74,"id":26354924}]}]}
{"op":"mcm","clk":"11830461077","pt":1723383659438,"mc":[{"id":"1.231615960","rc":[{"ltp":1.75,"id":26354924}]}]}
{"op":"mcm","clk":"11830502310","pt":1723383842767,"mc":[{"id":"1.231615960","rc":[{"ltp":1.74,"id":26354924}]}]}
{"op":"mcm","clk":"11830553825","pt":1723384151410,"mc":[{"id":"1.231615960","rc":[{"ltp":2.36,"id":26354922},{"ltp":1.73,"id":26354924}]}]}
{"op":"mcm","clk":"11830622320","pt":1723384631811,"mc":[{"id":"1.231615960","rc":[{"ltp":2.34,"id":26354922}]}]}
{"op":"mcm","clk":"11830640163","pt":1723384752734,"mc":[{"id":"1.231615960","rc":[{"ltp":2.36,"id":26354922}]}]}
{"op":"mcm","clk":"11830668725","pt":1723384922381,"mc":[{"id":"1.231615960","rc":[{"ltp":1.74,"id":26354924}]}]}
{"op":"mcm","clk":"11830736063","pt":1723385293087,"mc":[{"id":"1.231615960","rc":[{"ltp":2.34,"id":26354922},{"ltp":1.75,"id":26354924}]}]}
{"op":"mcm","clk":"11830779511","pt":1723385528510,"mc":[{"id":"1.231615960","rc":[{"ltp":2.32,"id":26354922}]}]}
{"op":"mcm","clk":"11830801171","pt":1723385649128,"mc":[{"id":"1.231615960","rc":[{"ltp":2.36,"id":26354922},{"ltp":1.7,"id":26354924}]}]}
{"op":"mcm","clk":"11830853358","pt":1723385937468,"mc":[{"id":"1.231615960","rc":[{"ltp":1.74,"id":26354924}]}]}
{"op":"mcm","clk":"11830888004","pt":1723386129343,"mc":[{"id":"1.231615960","rc":[{"ltp":2.32,"id":26354922},{"ltp":1.76,"id":26354924}]}]}
{"op":"mcm","clk":"11831045124","pt":1723386964625,"mc":[{"id":"1.231615960","rc":[{"ltp":2.3,"id":26354922}]}]}
{"op":"mcm","clk":"11831088138","pt":1723387204030,"mc":[{"id":"1.231615960","rc":[{"ltp":1.75,"id":26354924}]}]}
{"op":"mcm","clk":"11831159855","pt":1723387628678,"mc":[{"id":"1.231615960","rc":[{"ltp":2.28,"id":26354922},{"ltp":1.78,"id":26354924}]}]}
{"op":"mcm","clk":"11831169844","pt":1723387692511,"mc":[{"id":"1.231615960","rc":[{"ltp":2.3,"id":26354922},{"ltp":1.76,"id":26354924}]}]}
{"op":"mcm","clk":"11831176056","pt":1723387732082,"mc":[{"id":"1.231615960","rc":[{"ltp":2.32,"id":26354922}]}]}
{"op":"mcm","clk":"11831195350","pt":1723387870145,"mc":[{"id":"1.231615960","rc":[{"ltp":1.75,"id":26354924}]}]}
{"op":"mcm","clk":"11831202809","pt":1723387928792,"mc":[{"id":"1.231615960","rc":[{"ltp":1.72,"id":26354924}]}]}
{"op":"mcm","clk":"11831252198","pt":1723388292161,"mc":[{"id":"1.231615960","rc":[{"ltp":2.3,"id":26354922},{"ltp":1.75,"id":26354924}]}]}
{"op":"mcm","clk":"11831254897","pt":1723388310809,"mc":[{"id":"1.231615960","rc":[{"ltp":1.76,"id":26354924}]}]}
{"op":"mcm","clk":"11831270265","pt":1723388412813,"mc":[{"id":"1.231615960","rc":[{"ltp":1.75,"id":26354924}]}]}
{"op":"mcm","clk":"11831279440","pt":1723388473468,"mc":[{"id":"1.231615960","rc":[{"ltp":1.76,"id":26354924}]}]}
{"op":"mcm","clk":"11831330729","pt":1723388774312,"mc":[{"id":"1.231615960","rc":[{"ltp":2.32,"id":26354922}]}]}
{"op":"mcm","clk":"11831482573","pt":1723389486612,"mc":[{"id":"1.231615960","rc":[{"ltp":1.77,"id":26354924}]}]}
{"op":"mcm","clk":"11831525360","pt":1723389707375,"mc":[{"id":"1.231615960","rc":[{"ltp":1.76,"id":26354924}]}]}
{"op":"mcm","clk":"11831540582","pt":1723389787254,"mc":[{"id":"1.231615960","rc":[{"ltp":1.77,"id":26354924}]}]}
{"op":"mcm","clk":"11831584508","pt":1723390028723,"mc":[{"id":"1.231615960","rc":[{"ltp":2.3,"id":26354922},{"ltp":1.76,"id":26354924}]}]}
{"op":"mcm","clk":"11831595439","pt":1723390092514,"mc":[{"id":"1.231615960","rc":[{"ltp":2.32,"id":26354922}]}]}
{"op":"mcm","clk":"11831652091","pt":1723390389334,"mc":[{"id":"1.231615960","rc":[{"ltp":1.75,"id":26354924}]}]}
{"op":"mcm","clk":"11831664616","pt":1723390454163,"mc":[{"id":"1.231615960","rc":[{"ltp":1.76,"id":26354924}]}]}
{"op":"mcm","clk":"11831676112","pt":1723390511219,"mc":[{"id":"1.231615960","rc":[{"ltp":2.34,"id":26354922},{"ltp":1.74,"id":26354924}]}]}
{"op":"mcm","clk":"11831700538","pt":1723390634661,"mc":[{"id":"1.231615960","rc":[{"ltp":2.36,"id":26354922}]}]}
{"op":"mcm","clk":"11831710992","pt":1723390686123,"mc":[{"id":"1.231615960","rc":[{"ltp":1.75,"id":26354924}]}]}
{"op":"mcm","clk":"11831725014","pt":1723390753534,"mc":[{"id":"1.231615960","rc":[{"ltp":2.38,"id":26354922},{"ltp":1.7,"id":26354924}]}]}
{"op":"mcm","clk":"11831737216","pt":1723390812722,"mc":[{"id":"1.231615960","rc":[{"ltp":1.74,"id":26354924}]}]}
{"op":"mcm","clk":"11831749094","pt":1723390869179,"mc":[{"id":"1.231615960","rc":[{"ltp":2.36,"id":26354922},{"ltp":1.73,"id":26354924}]}]}
{"op":"mcm","clk":"11831762568","pt":1723390934221,"mc":[{"id":"1.231615960","rc":[{"ltp":2.34,"id":26354922}]}]}
{"op":"mcm","clk":"11831773779","pt":1723390993478,"mc":[{"id":"1.231615960","rc":[{"ltp":1.75,"id":26354924}]}]}
{"op":"mcm","clk":"11831784371","pt":1723391047452,"mc":[{"id":"1.231615960","rc":[{"ltp":1.74,"id":26354924}]}]}
{"op":"mcm","clk":"11831797459","pt":1723391114463,"mc":[{"id":"1.231615960","rc":[{"ltp":2.32,"id":26354922},{"ltp":1.75,"id":26354924}]}]}
{"op":"mcm","clk":"11831808619","pt":1723391173965,"mc":[{"id":"1.231615960","rc":[{"ltp":2.3,"id":26354922}]}]}
{"op":"mcm","clk":"11831819893","pt":1723391233661,"mc":[{"id":"1.231615960","rc":[{"ltp":2.34,"id":26354922}]}]}
{"op":"mcm","clk":"11831831164","pt":1723391294623,"mc":[{"id":"1.231615960","rc":[{"ltp":2.36,"id":26354922}]}]}
{"op":"mcm","clk":"11831840413","pt":1723391348444,"mc":[{"id":"1.231615960","rc":[{"ltp":1.74,"id":26354924}]}]}
{"op":"mcm","clk":"11831869439","pt":1723391532462,"mc":[{"id":"1.231615960","rc":[{"ltp":2.38,"id":26354922},{"ltp":1.72,"id":26354924}]}]}
{"op":"mcm","clk":"11831911366","pt":1723391832073,"mc":[{"id":"1.231615960","rc":[{"ltp":1.73,"id":26354924}]}]}
{"op":"mcm","clk":"11831918003","pt":1723391882443,"mc":[{"id":"1.231615960","rc":[{"ltp":2.36,"id":26354922}]}]}
{"op":"mcm","clk":"11831926785","pt":1723391949002,"mc":[{"id":"1.231615960","rc":[{"ltp":1.72,"id":26354924}]}]}
{"op":"mcm","clk":"11831945358","pt":1723392072977,"mc":[{"id":"1.231615960","rc":[{"ltp":2.38,"id":26354922}]}]}
{"op":"mcm","clk":"11831953153","pt":1723392127833,"mc":[{"id":"1.231615960","rc":[{"ltp":1.73,"id":26354924}]}]}
{"op":"mcm","clk":"11831981405","pt":1723392310931,"mc":[{"id":"1.231615960","rc":[{"ltp":1.74,"id":26354924}]}]}
{"op":"mcm","clk":"11831992055","pt":1723392371701,"mc":[{"id":"1.231615960","rc":[{"ltp":2.32,"id":26354922},{"ltp":1.75,"id":26354924}]}]}
{"op":"mcm","clk":"11832002090","pt":1723392427695,"mc":[{"id":"1.231615960","rc":[{"ltp":2.36,"id":26354922},{"ltp":1.73,"id":26354924}]}]}
{"op":"mcm","clk":"11832035172","pt":1723392614331,"mc":[{"id":"1.231615960","rc":[{"ltp":2.34,"id":26354922},{"ltp":1.74,"id":26354924}]}]}
{"op":"mcm","clk":"11832043620","pt":1723392659461,"mc":[{"id":"1.231615960","rc":[{"ltp":1.73,"id":26354924}]}]}
{"op":"mcm","clk":"11832056055","pt":1723392727499,"mc":[{"id":"1.231615960","rc":[{"ltp":1.74,"id":26354924}]}]}
{"op":"mcm","clk":"11832066995","pt":1723392790164,"mc":[{"id":"1.231615960","rc":[{"ltp":2.36,"id":26354922},{"ltp":1.73,"id":26354924}]}]}
{"op":"mcm","clk":"11832088751","pt":1723392914584,"mc":[{"id":"1.231615960","rc":[{"ltp":2.38,"id":26354922},{"ltp":1.72,"id":26354924}]}]}
{"op":"mcm","clk":"11832099304","pt":1723392972517,"mc":[{"id":"1.231615960","rc":[{"ltp":2.4,"id":26354922},{"ltp":1.71,"id":26354924}]}]}
{"op":"mcm","clk":"11832109329","pt":1723393028380,"mc":[{"id":"1.231615960","rc":[{"ltp":1.7,"id":26354924}]}]}
{"op":"mcm","clk":"11832151206","pt":1723393269720,"mc":[{"id":"1.231615960","rc":[{"ltp":2.42,"id":26354922},{"ltp":1.69,"id":26354924}]}]}
{"op":"mcm","clk":"11832162047","pt":1723393334685,"mc":[{"id":"1.231615960","rc":[{"ltp":1.7,"id":26354924}]}]}
{"op":"mcm","clk":"11832171167","pt":1723393389552,"mc":[{"id":"1.231615960","rc":[{"ltp":2.4,"id":26354922},{"ltp":1.71,"id":26354924}]}]}
{"op":"mcm","clk":"11832191099","pt":1723393513164,"mc":[{"id":"1.231615960","rc":[{"ltp":2.42,"id":26354922},{"ltp":1.7,"id":26354924}]}]}
{"op":"mcm","clk":"11832200724","pt":1723393573357,"mc":[{"id":"1.231615960","rc":[{"ltp":2.4,"id":26354922},{"ltp":1.71,"id":26354924}]}]}
{"op":"mcm","clk":"11832209932","pt":1723393633820,"mc":[{"id":"1.231615960","rc":[{"ltp":1.73,"id":26354924}]}]}
{"op":"mcm","clk":"11832219088","pt":1723393694584,"mc":[{"id":"1.231615960","rc":[{"ltp":2.36,"id":26354922},{"ltp":1.72,"id":26354924}]}]}
{"op":"mcm","clk":"11832226855","pt":1723393750549,"mc":[{"id":"1.231615960","rc":[{"ltp":1.73,"id":26354924}]}]}
{"op":"mcm","clk":"11832236725","pt":1723393813301,"mc":[{"id":"1.231615960","rc":[{"ltp":2.38,"id":26354922},{"ltp":1.72,"id":26354924}]}]}
{"op":"mcm","clk":"11832254713","pt":1723393930455,"mc":[{"id":"1.231615960","rc":[{"ltp":2.4,"id":26354922},{"ltp":1.71,"id":26354924}]}]}
{"op":"mcm","clk":"11832265640","pt":1723393994567,"mc":[{"id":"1.231615960","rc":[{"ltp":2.44,"id":26354922},{"ltp":1.68,"id":26354924}]}]}
{"op":"mcm","clk":"11832275902","pt":1723394054520,"mc":[{"id":"1.231615960","rc":[{"ltp":2.46,"id":26354922}]}]}
{"op":"mcm","clk":"11832286195","pt":1723394114309,"mc":[{"id":"1.231615960","rc":[{"ltp":2.42,"id":26354922},{"ltp":1.7,"id":26354924}]}]}
{"op":"mcm","clk":"11832296578","pt":1723394173660,"mc":[{"id":"1.231615960","rc":[{"ltp":1.69,"id":26354924}]}]}
{"op":"mcm","clk":"11832307509","pt":1723394234639,"mc":[{"id":"1.231615960","rc":[{"ltp":2.4,"id":26354922},{"ltp":1.7,"id":26354924}]}]}
{"op":"mcm","clk":"11832317787","pt":1723394294497,"mc":[{"id":"1.231615960","rc":[{"ltp":2.42,"id":26354922}]}]}
{"op":"mcm","clk":"11832328241","pt":1723394354680,"mc":[{"id":"1.231615960","rc":[{"ltp":2.4,"id":26354922}]}]}
{"op":"mcm","clk":"11832347440","pt":1723394472797,"mc":[{"id":"1.231615960","rc":[{"ltp":1.71,"id":26354924}]}]}
{"op":"mcm","clk":"11832357677","pt":1723394534503,"mc":[{"id":"1.231615960","rc":[{"ltp":2.44,"id":26354922},{"ltp":1.69,"id":26354924}]}]}
{"op":"mcm","clk":"11832376396","pt":1723394592558,"mc":[{"id":"1.231615960","rc":[{"ltp":2.42,"id":26354922}]}]}
{"op":"mcm","clk":"11832386658","pt":1723394654539,"mc":[{"id":"1.231615960","rc":[{"ltp":2.4,"id":26354922},{"ltp":1.71,"id":26354924}]}]}
{"op":"mcm","clk":"11832396980","pt":1723394714404,"mc":[{"id":"1.231615960","rc":[{"ltp":2.36,"id":26354922},{"ltp":1.72,"id":26354924}]}]}
{"op":"mcm","clk":"11832407098","pt":1723394774457,"mc":[{"id":"1.231615960","rc":[{"ltp":2.38,"id":26354922}]}]}
{"op":"mcm","clk":"11832417343","pt":1723394834598,"mc":[{"id":"1.231615960","rc":[{"ltp":2.34,"id":26354922},{"ltp":1.73,"id":26354924}]}]}
{"op":"mcm","clk":"11832426861","pt":1723394894604,"mc":[{"id":"1.231615960","rc":[{"ltp":2.36,"id":26354922}]}]}
{"op":"mcm","clk":"11832436310","pt":1723394954371,"mc":[{"id":"1.231615960","rc":[{"ltp":2.32,"id":26354922},{"ltp":1.74,"id":26354924}]}]}
{"op":"mcm","clk":"11832454807","pt":1723395074577,"mc":[{"id":"1.231615960","rc":[{"ltp":1.75,"id":26354924}]}]}
{"op":"mcm","clk":"11832464179","pt":1723395134460,"mc":[{"id":"1.231615960","rc":[{"ltp":1.74,"id":26354924}]}]}
{"op":"mcm","clk":"11832473437","pt":1723395194632,"mc":[{"id":"1.231615960","rc":[{"ltp":2.3,"id":26354922},{"ltp":1.75,"id":26354924}]}]}
{"op":"mcm","clk":"11832482309","pt":1723395254499,"mc":[{"id":"1.231615960","rc":[{"ltp":2.32,"id":26354922}]}]}
{"op":"mcm","clk":"11832491273","pt":1723395314534,"mc":[{"id":"1.231615960","rc":[{"ltp":2.3,"id":26354922},{"ltp":1.78,"id":26354924}]}]}
{"op":"mcm","clk":"11832499523","pt":1723395374495,"mc":[{"id":"1.231615960","rc":[{"ltp":1.76,"id":26354924}]}]}
{"op":"mcm","clk":"11832516208","pt":1723395494543,"mc":[{"id":"1.231615960","rc":[{"ltp":2.28,"id":26354922},{"ltp":1.77,"id":26354924}]}]}
{"op":"mcm","clk":"11832524391","pt":1723395554597,"mc":[{"id":"1.231615960","rc":[{"ltp":1.78,"id":26354924}]}]}
{"op":"mcm","clk":"11832533233","pt":1723395614599,"mc":[{"id":"1.231615960","marketDefinition":{"bspMarket":false,"turnInPlayEnabled":true,"persistenceEnabled":true,"marketBaseRate":5.0,"eventId":"33480310","eventTypeId":"4","numberOfWinners":1,"bettingType":"ODDS","marketType":"MATCH_ODDS","marketTime":"2024-08-11T17:00:00.000Z","suspendTime":"2024-08-11T17:00:00.000Z","bspReconciled":false,"complete":true,"inPlay":true,"crossMatching":true,"runnersVoidable":false,"numberOfActiveRunners":2,"betDelay":5,"status":"OPEN","runners":[{"status":"ACTIVE","sortPriority":1,"id":26354922,"name":"Manchester Originals"},{"status":"ACTIVE","sortPriority":2,"id":26354924,"name":"Northern Superchargers"}],"regulators":["MR_INT"],"countryCode":"GB","discountAllowed":true,"timezone":"GMT","openDate":"2024-08-11T17:00:00.000Z","version":6070241726,"name":"Match Odds","eventName":"Manchester Originals v Northern Superchargers"},"rc":[{"ltp":2.3,"id":26354922},{"ltp":1.77,"id":26354924}]}]}
{"op":"mcm","clk":"11832541520","pt":1723395674675,"mc":[{"id":"1.231615960","rc":[{"ltp":2.12,"id":26354922},{"ltp":1.9,"id":26354924}]}]}
{"op":"mcm","clk":"11832549417","pt":1723395734641,"mc":[{"id":"1.231615960","rc":[{"ltp":1.96,"id":26354922},{"ltp":2.04,"id":26354924}]}]}
{"op":"mcm","clk":"11832557373","pt":1723395794666,"mc":[{"id":"1.231615960","rc":[{"ltp":1.91,"id":26354922},{"ltp":2.08,"id":26354924}]}]}
{"op":"mcm","clk":"11832565924","pt":1723395854630,"mc":[{"id":"1.231615960","rc":[{"ltp":1.87,"id":26354922},{"ltp":2.18,"id":26354924}]}]}
{"op":"mcm","clk":"11832574143","pt":1723395914585,"mc":[{"id":"1.231615960","rc":[{"ltp":1.64,"id":26354922},{"ltp":2.56,"id":26354924}]}]}
{"op":"mcm","clk":"11832582789","pt":1723395974661,"mc":[{"id":"1.231615960","rc":[{"ltp":1.7,"id":26354922},{"ltp":2.42,"id":26354924}]}]}
{"op":"mcm","clk":"11832591136","pt":1723396034659,"mc":[{"id":"1.231615960","rc":[{"ltp":1.72,"id":26354922},{"ltp":2.38,"id":26354924}]}]}
{"op":"mcm","clk":"11832599781","pt":1723396094643,"mc":[{"id":"1.231615960","rc":[{"ltp":1.74,"id":26354922},{"ltp":2.34,"id":26354924}]}]}
{"op":"mcm","clk":"11832609168","pt":1723396154621,"mc":[{"id":"1.231615960","rc":[{"ltp":1.62,"id":26354922},{"ltp":2.6,"id":26354924}]}]}
{"op":"mcm","clk":"11832627578","pt":1723396274547,"mc":[{"id":"1.231615960","rc":[{"ltp":1.5,"id":26354922},{"ltp":3.0,"id":26354924}]}]}
{"op":"mcm","clk":"11832635910","pt":1723396334631,"mc":[{"id":"1.231615960","rc":[{"ltp":1.43,"id":26354922},{"ltp":3.3,"id":26354924}]}]}
{"op":"mcm","clk":"11832644834","pt":1723396394635,"mc":[{"id":"1.231615960","rc":[{"ltp":1.45,"id":26354922},{"ltp":3.2,"id":26354924}]}]}
{"op":"mcm","clk":"11832654215","pt":1723396454590,"mc":[{"id":"1.231615960","rc":[{"ltp":1.59,"id":26354922},{"ltp":2.68,"id":26354924}]}]}
{"op":"mcm","clk":"11832662936","pt":1723396514687,"mc":[{"id":"1.231615960","rc":[{"ltp":2.66,"id":26354924}]}]}
{"op":"mcm","clk":"11832671581","pt":1723396574616,"mc":[{"id":"1.231615960","rc":[{"ltp":2.68,"id":26354924}]}]}
{"op":"mcm","clk":"11832680562","pt":1723396634681,"mc":[{"id":"1.231615960","rc":[{"ltp":1.42,"id":26354922},{"ltp":3.35,"id":26354924}]}]}
{"op":"mcm","clk":"11832689709","pt":1723396694627,"mc":[{"id":"1.231615960","rc":[{"ltp":1.4,"id":26354922},{"ltp":3.4,"id":26354924}]}]}
{"op":"mcm","clk":"11832698800","pt":1723396754608,"mc":[{"id":"1.231615960","rc":[{"ltp":1.43,"id":26354922},{"ltp":3.35,"id":26354924}]}]}
{"op":"mcm","clk":"11832707857","pt":1723396814674,"mc":[{"id":"1.231615960","rc":[{"ltp":1.44,"id":26354922},{"ltp":3.25,"id":26354924}]}]}
{"op":"mcm","clk":"11832716641","pt":1723396874618,"mc":[{"id":"1.231615960","rc":[{"ltp":1.38,"id":26354922},{"ltp":3.65,"id":26354924}]}]}
{"op":"mcm","clk":"11832724437","pt":1723396934595,"mc":[{"id":"1.231615960","rc":[{"ltp":1.37,"id":26354922},{"ltp":3.7,"id":26354924}]}]}
{"op":"mcm","clk":"11832732134","pt":1723396994658,"mc":[{"id":"1.231615960","rc":[{"ltp":1.35,"id":26354922},{"ltp":3.9,"id":26354924}]}]}
{"op":"mcm","clk":"11832740017","pt":1723397054593,"mc":[{"id":"1.231615960","rc":[{"ltp":1.37,"id":26354922},{"ltp":3.6,"id":26354924}]}]}
{"op":"mcm","clk":"11832747966","pt":1723397114610,"mc":[{"id":"1.231615960","rc":[{"ltp":1.34,"id":26354922},{"ltp":4.0,"id":26354924}]}]}
{"op":"mcm","clk":"11832756043","pt":1723397174652,"mc":[{"id":"1.231615960","rc":[{"ltp":1.31,"id":26354922},{"ltp":4.3,"id":26354924}]}]}
{"op":"mcm","clk":"11832764036","pt":1723397234678,"mc":[{"id":"1.231615960","rc":[{"ltp":4.2,"id":26354924}]}]}
{"op":"mcm","clk":"11832772186","pt":1723397294630,"mc":[{"id":"1.231615960","rc":[{"ltp":1.33,"id":26354922},{"ltp":4.1,"id":26354924}]}]}
{"op":"mcm","clk":"11832780241","pt":1723397354682,"mc":[{"id":"1.231615960","rc":[{"ltp":1.41,"id":26354922},{"ltp":3.45,"id":26354924}]}]}
{"op":"mcm","clk":"11832788680","pt":1723397414638,"mc":[{"id":"1.231615960","rc":[{"ltp":1.4,"id":26354922},{"ltp":3.5,"id":26354924}]}]}
{"op":"mcm","clk":"11832805268","pt":1723397534605,"mc":[{"id":"1.231615960","rc":[{"ltp":1.37,"id":26354922},{"ltp":3.6,"id":26354924}]}]}
{"op":"mcm","clk":"11832812804","pt":1723397594479,"mc":[{"id":"1.231615960","rc":[{"ltp":1.38,"id":26354922}]}]}
{"op":"mcm","clk":"11832820910","pt":1723397654663,"mc":[{"id":"1.231615960","rc":[{"ltp":1.37,"id":26354922},{"ltp":3.7,"id":26354924}]}]}
{"op":"mcm","clk":"11832828645","pt":1723397714596,"mc":[{"id":"1.231615960","rc":[{"ltp":1.48,"id":26354922},{"ltp":3.35,"id":26354924}]}]}
{"op":"mcm","clk":"11832836403","pt":1723397774683,"mc":[{"id":"1.231615960","rc":[{"ltp":1.45,"id":26354922},{"ltp":3.2,"id":26354924}]}]}
{"op":"mcm","clk":"11832844143","pt":1723397834532,"mc":[{"id":"1.231615960","rc":[{"ltp":1.47,"id":26354922},{"ltp":3.15,"id":26354924}]}]}
{"op":"mcm","clk":"11832860407","pt":1723397954567,"mc":[{"id":"1.231615960","rc":[{"ltp":1.49,"id":26354922},{"ltp":3.0,"id":26354924}]}]}
{"op":"mcm","clk":"11832869216","pt":1723398014601,"mc":[{"id":"1.231615960","rc":[{"ltp":1.48,"id":26354922},{"ltp":3.05,"id":26354924}]}]}
{"op":"mcm","clk":"11832877844","pt":1723398074678,"mc":[{"id":"1.231615960","rc":[{"ltp":1.49,"id":26354922},{"ltp":3.0,"id":26354924}]}]}
{"op":"mcm","clk":"11832885993","pt":1723398134657,"mc":[{"id":"1.231615960","rc":[{"ltp":1.63,"id":26354922},{"ltp":2.62,"id":26354924}]}]}
{"op":"mcm","clk":"11832894320","pt":1723398194614,"mc":[{"id":"1.231615960","rc":[{"ltp":1.79,"id":26354922},{"ltp":2.28,"id":26354924}]}]}
{"op":"mcm","clk":"11832902744","pt":1723398254616,"mc":[{"id":"1.231615960","rc":[{"ltp":1.72,"id":26354922},{"ltp":2.36,"id":26354924}]}]}
{"op":"mcm","clk":"11832912028","pt":1723398314666,"mc":[{"id":"1.231615960","rc":[{"ltp":1.82,"id":26354922},{"ltp":2.2,"id":26354924}]}]}
{"op":"mcm","clk":"11832921343","pt":1723398374605,"mc":[{"id":"1.231615960","rc":[{"ltp":1.88,"id":26354922},{"ltp":2.12,"id":26354924}]}]}
{"op":"mcm","clk":"11832930389","pt":1723398434607,"mc":[{"id":"1.231615960","rc":[{"ltp":2.06,"id":26354922},{"ltp":1.94,"id":26354924}]}]}
{"op":"mcm","clk":"11832938935","pt":1723398494559,"mc":[{"id":"1.231615960","rc":[{"ltp":2.2,"id":26354922},{"ltp":1.82,"id":26354924}]}]}
{"op":"mcm","clk":"11832947246","pt":1723398554609,"mc":[{"id":"1.231615960","rc":[{"ltp":2.12,"id":26354922},{"ltp":1.88,"id":26354924}]}]}
{"op":"mcm","clk":"11832955185","pt":1723398614612,"mc":[{"id":"1.231615960","rc":[{"ltp":2.1,"id":26354922},{"ltp":1.9,"id":26354924}]}]}
{"op":"mcm","clk":"11832963627","pt":1723398674684,"mc":[{"id":"1.231615960","rc":[{"ltp":2.02,"id":26354922},{"ltp":1.97,"id":26354924}]}]}
{"op":"mcm","clk":"11832972410","pt":1723398734647,"mc":[{"id":"1.231615960","rc":[{"ltp":2.06,"id":26354922},{"ltp":1.93,"id":26354924}]}]}
{"op":"mcm","clk":"11832988322","pt":1723398854590,"mc":[{"id":"1.231615960","rc":[{"ltp":2.18,"id":26354922},{"ltp":1.84,"id":26354924}]}]}
{"op":"mcm","clk":"11832996827","pt":1723398914620,"mc":[{"id":"1.231615960","rc":[{"ltp":2.14,"id":26354922},{"ltp":1.87,"id":26354924}]}]}
{"op":"mcm","clk":"11833004781","pt":1723398974610,"mc":[{"id":"1.231615960","rc":[{"ltp":2.2,"id":26354922},{"ltp":1.82,"id":26354924}]}]}
{"op":"mcm","clk":"11833013039","pt":1723399034586,"mc":[{"id":"1.231615960","rc":[{"ltp":2.28,"id":26354922},{"ltp":1.78,"id":26354924}]}]}
{"op":"mcm","clk":"11833021078","pt":1723399094684,"mc":[{"id":"1.231615960","rc":[{"ltp":3.05,"id":26354922},{"ltp":1.47,"id":26354924}]}]}
{"op":"mcm","clk":"11833037533","pt":1723399214661,"mc":[{"id":"1.231615960","rc":[{"ltp":3.0,"id":26354922},{"ltp":1.5,"id":26354924}]}]}
{"op":"mcm","clk":"11833046141","pt":1723399274582,"mc":[{"id":"1.231615960","rc":[{"ltp":2.86,"id":26354922},{"ltp":1.53,"id":26354924}]}]}
{"op":"mcm","clk":"11833054691","pt":1723399334683,"mc":[{"id":"1.231615960","rc":[{"ltp":3.2,"id":26354922},{"ltp":1.45,"id":26354924}]}]}
{"op":"mcm","clk":"11833064232","pt":1723399394634,"mc":[{"id":"1.231615960","rc":[{"ltp":3.4,"id":26354922},{"ltp":1.41,"id":26354924}]}]}
{"op":"mcm","clk":"11833084192","pt":1723399514638,"mc":[{"id":"1.231615960","rc":[{"ltp":4.0,"id":26354922},{"ltp":1.32,"id":26354924}]}]}
{"op":"mcm","clk":"11833094237","pt":1723399574615,"mc":[{"id":"1.231615960","rc":[{"ltp":3.7,"id":26354922},{"ltp":1.36,"id":26354924}]}]}
{"op":"mcm","clk":"11833104319","pt":1723399634622,"mc":[{"id":"1.231615960","rc":[{"ltp":3.6,"id":26354922},{"ltp":1.4,"id":26354924}]}]}
{"op":"mcm","clk":"11833114121","pt":1723399694597,"mc":[{"id":"1.231615960","rc":[{"ltp":3.35,"id":26354922},{"ltp":1.43,"id":26354924}]}]}
{"op":"mcm","clk":"11833124152","pt":1723399754581,"mc":[{"id":"1.231615960","rc":[{"ltp":3.2,"id":26354922},{"ltp":1.45,"id":26354924}]}]}
{"op":"mcm","clk":"11833134393","pt":1723399814542,"mc":[{"id":"1.231615960","rc":[{"ltp":2.52,"id":26354922},{"ltp":1.65,"id":26354924}]}]}
{"op":"mcm","clk":"11833143877","pt":1723399874617,"mc":[{"id":"1.231615960","rc":[{"ltp":2.68,"id":26354922},{"ltp":1.59,"id":26354924}]}]}
{"op":"mcm","clk":"11833152870","pt":1723399934687,"mc":[{"id":"1.231615960","rc":[{"ltp":2.5,"id":26354922},{"ltp":1.66,"id":26354924}]}]}
{"op":"mcm","clk":"11833170543","pt":1723399994628,"mc":[{"id":"1.231615960","rc":[{"ltp":2.54,"id":26354922},{"ltp":1.65,"id":26354924}]}]}
{"op":"mcm","clk":"11833179983","pt":1723400054609,"mc":[{"id":"1.231615960","rc":[{"ltp":2.58,"id":26354922},{"ltp":1.63,"id":26354924}]}]}
{"op":"mcm","clk":"11833189885","pt":1723400114687,"mc":[{"id":"1.231615960","rc":[{"ltp":2.8,"id":26354922},{"ltp":1.56,"id":26354924}]}]}
{"op":"mcm","clk":"11833200120","pt":1723400174625,"mc":[{"id":"1.231615960","rc":[{"ltp":2.5,"id":26354922},{"ltp":1.65,"id":26354924}]}]}
{"op":"mcm","clk":"11833210273","pt":1723400234637,"mc":[{"id":"1.231615960","rc":[{"ltp":2.36,"id":26354922},{"ltp":1.73,"id":26354924}]}]}
{"op":"mcm","clk":"11833220043","pt":1723400294683,"mc":[{"id":"1.231615960","rc":[{"ltp":2.5,"id":26354922},{"ltp":1.66,"id":26354924}]}]}
{"op":"mcm","clk":"11833231143","pt":1723400354650,"mc":[{"id":"1.231615960","rc":[{"ltp":2.48,"id":26354922},{"ltp":1.68,"id":26354924}]}]}
{"op":"mcm","clk":"11833241587","pt":1723400414644,"mc":[{"id":"1.231615960","rc":[{"ltp":2.44,"id":26354922},{"ltp":1.7,"id":26354924}]}]}
{"op":"mcm","clk":"11833251998","pt":1723400474662,"mc":[{"id":"1.231615960","rc":[{"ltp":1.68,"id":26354924}]}]}
{"op":"mcm","clk":"11833262358","pt":1723400534639,"mc":[{"id":"1.231615960","rc":[{"ltp":2.48,"id":26354922},{"ltp":1.67,"id":26354924}]}]}
{"op":"mcm","clk":"11833272350","pt":1723400594556,"mc":[{"id":"1.231615960","rc":[{"ltp":2.52,"id":26354922}]}]}
{"op":"mcm","clk":"11833282917","pt":1723400654685,"mc":[{"id":"1.231615960","rc":[{"ltp":2.48,"id":26354922}]}]}
{"op":"mcm","clk":"11833304386","pt":1723400774177,"mc":[{"id":"1.231615960","rc":[{"ltp":2.44,"id":26354922},{"ltp":1.69,"id":26354924}]}]}
{"op":"mcm","clk":"11833314894","pt":1723400834573,"mc":[{"id":"1.231615960","rc":[{"ltp":2.46,"id":26354922}]}]}
{"op":"mcm","clk":"11833325253","pt":1723400894610,"mc":[{"id":"1.231615960","rc":[{"ltp":2.42,"id":26354922}]}]}
{"op":"mcm","clk":"11833335305","pt":1723400954497,"mc":[{"id":"1.231615960","rc":[{"ltp":2.44,"id":26354922},{"ltp":1.71,"id":26354924}]}]}
{"op":"mcm","clk":"11833345865","pt":1723401014300,"mc":[{"id":"1.231615960","rc":[{"ltp":2.4,"id":26354922}]}]}
{"op":"mcm","clk":"11833356417","pt":1723401074647,"mc":[{"id":"1.231615960","rc":[{"ltp":2.44,"id":26354922},{"ltp":1.7,"id":26354924}]}]}
{"op":"mcm","clk":"11833366200","pt":1723401134523,"mc":[{"id":"1.231615960","rc":[{"ltp":2.54,"id":26354922},{"ltp":1.66,"id":26354924}]}]}
{"op":"mcm","clk":"11833375565","pt":1723401194585,"mc":[{"id":"1.231615960","rc":[{"ltp":2.44,"id":26354922},{"ltp":1.69,"id":26354924}]}]}
{"op":"mcm","clk":"11833385826","pt":1723401254672,"mc":[{"id":"1.231615960","rc":[{"ltp":2.4,"id":26354922},{"ltp":1.71,"id":26354924}]}]}
{"op":"mcm","clk":"11833395636","pt":1723401314659,"mc":[{"id":"1.231615960","rc":[{"ltp":2.32,"id":26354922},{"ltp":1.75,"id":26354924}]}]}
{"op":"mcm","clk":"11833405852","pt":1723401374598,"mc":[{"id":"1.231615960","rc":[{"ltp":2.18,"id":26354922},{"ltp":1.84,"id":26354924}]}]}
{"op":"mcm","clk":"11833416182","pt":1723401434573,"mc":[{"id":"1.231615960","rc":[{"ltp":2.2,"id":26354922},{"ltp":1.82,"id":26354924}]}]}
{"op":"mcm","clk":"11833426354","pt":1723401494610,"mc":[{"id":"1.231615960","rc":[{"ltp":1.72,"id":26354922},{"ltp":2.38,"id":26354924}]}]}
{"op":"mcm","clk":"11833436723","pt":1723401554686,"mc":[{"id":"1.231615960","rc":[{"ltp":1.64,"id":26354922},{"ltp":2.6,"id":26354924}]}]}
{"op":"mcm","clk":"11833446202","pt":1723401614619,"mc":[{"id":"1.231615960","rc":[{"ltp":1.55,"id":26354922},{"ltp":2.8,"id":26354924}]}]}
{"op":"mcm","clk":"11833455644","pt":1723401674622,"mc":[{"id":"1.231615960","rc":[{"ltp":1.64,"id":26354922},{"ltp":2.5,"id":26354924}]}]}
{"op":"mcm","clk":"11833465308","pt":1723401734669,"mc":[{"id":"1.231615960","rc":[{"ltp":1.44,"id":26354922},{"ltp":3.25,"id":26354924}]}]}
{"op":"mcm","clk":"11833474984","pt":1723401794637,"mc":[{"id":"1.231615960","rc":[{"ltp":1.43,"id":26354922},{"ltp":3.3,"id":26354924}]}]}
{"op":"mcm","clk":"11833484460","pt":1723401854606,"mc":[{"id":"1.231615960","rc":[{"ltp":1.41,"id":26354922},{"ltp":3.5,"id":26354924}]}]}
{"op":"mcm","clk":"11833494152","pt":1723401914679,"mc":[{"id":"1.231615960","rc":[{"ltp":1.35,"id":26354922},{"ltp":3.85,"id":26354924}]}]}
{"op":"mcm","clk":"11833504211","pt":1723401974605,"mc":[{"id":"1.231615960","rc":[{"ltp":1.36,"id":26354922},{"ltp":3.75,"id":26354924}]}]}
{"op":"mcm","clk":"11833514219","pt":1723402034667,"mc":[{"id":"1.231615960","rc":[{"ltp":3.8,"id":26354924}]}]}
{"op":"mcm","clk":"11833523865","pt":1723402094666,"mc":[{"id":"1.231615960","rc":[{"ltp":1.41,"id":26354922},{"ltp":3.4,"id":26354924}]}]}
{"op":"mcm","clk":"11833533384","pt":1723402154528,"mc":[{"id":"1.231615960","rc":[{"ltp":1.33,"id":26354922},{"ltp":3.9,"id":26354924}]}]}
{"op":"mcm","clk":"11833542955","pt":1723402214587,"mc":[{"id":"1.231615960","rc":[{"ltp":1.34,"id":26354922},{"ltp":3.95,"id":26354924}]}]}
{"op":"mcm","clk":"11833552218","pt":1723402274594,"mc":[{"id":"1.231615960","rc":[{"ltp":1.35,"id":26354922},{"ltp":3.85,"id":26354924}]}]}
{"op":"mcm","clk":"11833561940","pt":1723402334664,"mc":[{"id":"1.231615960","rc":[{"ltp":1.47,"id":26354922},{"ltp":3.25,"id":26354924}]}]}
{"op":"mcm","clk":"11833571307","pt":1723402394644,"mc":[{"id":"1.231615960","rc":[{"ltp":1.48,"id":26354922},{"ltp":3.05,"id":26354924}]}]}
{"op":"mcm","clk":"11833580407","pt":1723402454588,"mc":[{"id":"1.231615960","rc":[{"ltp":1.56,"id":26354922},{"ltp":2.78,"id":26354924}]}]}
{"op":"mcm","clk":"11833589767","pt":1723402514683,"mc":[{"id":"1.231615960","rc":[{"ltp":1.48,"id":26354922},{"ltp":3.0,"id":26354924}]}]}
{"op":"mcm","clk":"11833599250","pt":1723402574614,"mc":[{"id":"1.231615960","rc":[{"ltp":1.4,"id":26354922},{"ltp":3.5,"id":26354924}]}]}
{"op":"mcm","clk":"11833607836","pt":1723402634571,"mc":[{"id":"1.231615960","rc":[{"ltp":1.34,"id":26354922},{"ltp":3.9,"id":26354924}]}]}
{"op":"mcm","clk":"11833616244","pt":1723402694677,"mc":[{"id":"1.231615960","rc":[{"ltp":1.28,"id":26354922},{"ltp":4.4,"id":26354924}]}]}
{"op":"mcm","clk":"11833625086","pt":1723402754684,"mc":[{"id":"1.231615960","rc":[{"ltp":1.33,"id":26354922},{"ltp":4.0,"id":26354924}]}]}
{"op":"mcm","clk":"11833634539","pt":1723402814662,"mc":[{"id":"1.231615960","rc":[{"ltp":1.28,"id":26354922},{"ltp":4.4,"id":26354924}]}]}
{"op":"mcm","clk":"11833643701","pt":1723402874648,"mc":[{"id":"1.231615960","rc":[{"ltp":1.29,"id":26354922}]}]}
{"op":"mcm","clk":"11833652657","pt":1723402934682,"mc":[{"id":"1.231615960","rc":[{"ltp":1.26,"id":26354922},{"ltp":4.9,"id":26354924}]}]}
{"op":"mcm","clk":"11833661557","pt":1723402994613,"mc":[{"id":"1.231615960","rc":[{"ltp":1.18,"id":26354922},{"ltp":6.6,"id":26354924}]}]}
{"op":"mcm","clk":"11833671334","pt":1723403054611,"mc":[{"id":"1.231615960","rc":[{"ltp":1.17,"id":26354922},{"ltp":6.8,"id":26354924}]}]}
{"op":"mcm","clk":"11833679974","pt":1723403114663,"mc":[{"id":"1.231615960","rc":[{"ltp":1.12,"id":26354922},{"ltp":9.2,"id":26354924}]}]}
{"op":"mcm","clk":"11833688594","pt":1723403174656,"mc":[{"id":"1.231615960","rc":[{"ltp":1.1,"id":26354922},{"ltp":10.5,"id":26354924}]}]}
{"op":"mcm","clk":"11833698198","pt":1723403234633,"mc":[{"id":"1.231615960","rc":[{"ltp":1.09,"id":26354922},{"ltp":12.0,"id":26354924}]}]}
{"op":"mcm","clk":"11833708577","pt":1723403294556,"mc":[{"id":"1.231615960","rc":[{"ltp":1.07,"id":26354922},{"ltp":15.0,"id":26354924}]}]}
{"op":"mcm","clk":"11833718698","pt":1723403354640,"mc":[{"id":"1.231615960","rc":[{"ltp":1.09,"id":26354922},{"ltp":13.5,"id":26354924}]}]}
{"op":"mcm","clk":"11833728922","pt":1723403414650,"mc":[{"id":"1.231615960","rc":[{"ltp":1.07,"id":26354922}]}]}
{"op":"mcm","clk":"11833739247","pt":1723403474615,"mc":[{"id":"1.231615960","rc":[{"ltp":1.08,"id":26354922}]}]}
{"op":"mcm","clk":"11833760179","pt":1723403594686,"mc":[{"id":"1.231615960","rc":[{"ltp":1.11,"id":26354922},{"ltp":9.2,"id":26354924}]}]}
{"op":"mcm","clk":"11833770666","pt":1723403654662,"mc":[{"id":"1.231615960","rc":[{"ltp":10.0,"id":26354924}]}]}
{"op":"mcm","clk":"11833781365","pt":1723403714619,"mc":[{"id":"1.231615960","rc":[{"ltp":1.09,"id":26354922},{"ltp":11.0,"id":26354924}]}]}
{"op":"mcm","clk":"11833792235","pt":1723403774586,"mc":[{"id":"1.231615960","rc":[{"ltp":1.14,"id":26354922},{"ltp":7.6,"id":26354924}]}]}
{"op":"mcm","clk":"11833803309","pt":1723403834683,"mc":[{"id":"1.231615960","rc":[{"ltp":1.17,"id":26354922},{"ltp":6.8,"id":26354924}]}]}
{"op":"mcm","clk":"11833814679","pt":1723403894659,"mc":[{"id":"1.231615960","rc":[{"ltp":1.22,"id":26354922},{"ltp":5.6,"id":26354924}]}]}
{"op":"mcm","clk":"11833826380","pt":1723403954540,"mc":[{"id":"1.231615960","rc":[{"ltp":1.17,"id":26354922},{"ltp":6.8,"id":26354924}]}]}
{"op":"mcm","clk":"11833837016","pt":1723404014637,"mc":[{"id":"1.231615960","rc":[{"ltp":1.24,"id":26354922},{"ltp":5.2,"id":26354924}]}]}
{"op":"mcm","clk":"11833847441","pt":1723404074667,"mc":[{"id":"1.231615960","rc":[{"ltp":1.38,"id":26354922},{"ltp":3.55,"id":26354924}]}]}
{"op":"mcm","clk":"11833857309","pt":1723404134600,"mc":[{"id":"1.231615960","rc":[{"ltp":1.59,"id":26354922},{"ltp":2.68,"id":26354924}]}]}
{"op":"mcm","clk":"11833867581","pt":1723404194661,"mc":[{"id":"1.231615960","rc":[{"ltp":1.68,"id":26354922},{"ltp":2.48,"id":26354924}]}]}
{"op":"mcm","clk":"11833877957","pt":1723404254653,"mc":[{"id":"1.231615960","rc":[{"ltp":1.63,"id":26354922},{"ltp":2.62,"id":26354924}]}]}
{"op":"mcm","clk":"11833889099","pt":1723404314639,"mc":[{"id":"1.231615960","rc":[{"ltp":1.28,"id":26354922},{"ltp":5.1,"id":26354924}]}]}
{"op":"mcm","clk":"11833900276","pt":1723404374594,"mc":[{"id":"1.231615960","rc":[{"ltp":1.27,"id":26354922},{"ltp":4.7,"id":26354924}]}]}
{"op":"mcm","clk":"11833911645","pt":1723404434650,"mc":[{"id":"1.231615960","rc":[{"ltp":1.26,"id":26354922},{"ltp":4.8,"id":26354924}]}]}
{"op":"mcm","clk":"11833923141","pt":1723404494616,"mc":[{"id":"1.231615960","rc":[{"ltp":1.23,"id":26354922},{"ltp":5.3,"id":26354924}]}]}
{"op":"mcm","clk":"11833946148","pt":1723404614519,"mc":[{"id":"1.231615960","rc":[{"ltp":1.16,"id":26354922},{"ltp":7.2,"id":26354924}]}]}
{"op":"mcm","clk":"11833957932","pt":1723404674687,"mc":[{"id":"1.231615960","rc":[{"ltp":1.27,"id":26354922},{"ltp":4.5,"id":26354924}]}]}
{"op":"mcm","clk":"11833969747","pt":1723404734619,"mc":[{"id":"1.231615960","rc":[{"ltp":1.22,"id":26354922},{"ltp":5.5,"id":26354924}]}]}
{"op":"mcm","clk":"11833981192","pt":1723404794682,"mc":[{"id":"1.231615960","rc":[{"ltp":1.23,"id":26354922},{"ltp":5.3,"id":26354924}]}]}
{"op":"mcm","clk":"11833993085","pt":1723404854649,"mc":[{"id":"1.231615960","rc":[{"ltp":5.4,"id":26354924}]}]}
{"op":"mcm","clk":"11834004593","pt":1723404914621,"mc":[{"id":"1.231615960","rc":[{"ltp":1.15,"id":26354922},{"ltp":7.2,"id":26354924}]}]}
{"op":"mcm","clk":"11834015248","pt":1723404974585,"mc":[{"id":"1.231615960","rc":[{"ltp":1.24,"id":26354922},{"ltp":5.1,"id":26354924}]}]}
{"op":"mcm","clk":"11834025741","pt":1723405034621,"mc":[{"id":"1.231615960","rc":[{"ltp":1.23,"id":26354922},{"ltp":5.4,"id":26354924}]}]}
{"op":"mcm","clk":"11834035573","pt":1723405094626,"mc":[{"id":"1.231615960","rc":[{"ltp":1.29,"id":26354922},{"ltp":4.8,"id":26354924}]}]}
{"op":"mcm","clk":"11834045447","pt":1723405154687,"mc":[{"id":"1.231615960","rc":[{"ltp":1.26,"id":26354922}]}]}
{"op":"mcm","clk":"11834055938","pt":1723405214662,"mc":[{"id":"1.231615960","rc":[{"ltp":1.34,"id":26354922},{"ltp":3.85,"id":26354924}]}]}
{"op":"mcm","clk":"11834066546","pt":1723405274627,"mc":[{"id":"1.231615960","rc":[{"ltp":1.33,"id":26354922},{"ltp":4.1,"id":26354924}]}]}
{"op":"mcm","clk":"11834077581","pt":1723405334669,"mc":[{"id":"1.231615960","rc":[{"ltp":1.29,"id":26354922},{"ltp":4.5,"id":26354924}]}]}
{"op":"mcm","clk":"11834096534","pt":1723405394626,"mc":[{"id":"1.231615960","rc":[{"ltp":1.48,"id":26354922},{"ltp":3.0,"id":26354924}]}]}
{"op":"mcm","clk":"11834107173","pt":1723405454657,"mc":[{"id":"1.231615960","rc":[{"ltp":1.38,"id":26354922},{"ltp":3.65,"id":26354924}]}]}
{"op":"mcm","clk":"11834117610","pt":1723405514607,"mc":[{"id":"1.231615960","rc":[{"ltp":1.56,"id":26354922},{"ltp":2.8,"id":26354924}]}]}
{"op":"mcm","clk":"11834128583","pt":1723405574589,"mc":[{"id":"1.231615960","rc":[{"ltp":2.48,"id":26354922},{"ltp":1.67,"id":26354924}]}]}
{"op":"mcm","clk":"11834139225","pt":1723405634617,"mc":[{"id":"1.231615960","rc":[{"ltp":3.4,"id":26354922},{"ltp":1.32,"id":26354924}]}]}
{"op":"mcm","clk":"11834148993","pt":1723405694673,"mc":[{"id":"1.231615960","rc":[{"ltp":55.0,"id":26354922},{"ltp":1.02,"id":26354924}]}]}
{"op":"mcm","clk":"11834158198","pt":1723405754654,"mc":[{"id":"1.231615960","rc":[{"ltp":42.0,"id":26354922}]}]}
{"op":"mcm","clk":"11834166940","pt":1723405814588,"mc":[{"id":"1.231615960","rc":[{"ltp":1000.0,"id":26354922},{"ltp":1.01,"id":26354924}]}]}
{"op":"mcm","clk":"11834175282","pt":1723405871180,"mc":[{"id":"1.231615960","marketDefinition":{"bspMarket":false,"turnInPlayEnabled":true,"persistenceEnabled":true,"marketBaseRate":5.0,"eventId":"33480310","eventTypeId":"4","numberOfWinners":1,"bettingType":"ODDS","marketType":"MATCH_ODDS","marketTime":"2024-08-11T17:00:00.000Z","suspendTime":"2024-08-11T17:00:00.000Z","bspReconciled":false,"complete":true,"inPlay":true,"crossMatching":true,"runnersVoidable":false,"numberOfActiveRunners":2,"betDelay":5,"status":"SUSPENDED","runners":[{"status":"ACTIVE","sortPriority":1,"id":26354922,"name":"Manchester Originals"},{"status":"ACTIVE","sortPriority":2,"id":26354924,"name":"Northern Superchargers"}],"regulators":["MR_INT"],"countryCode":"GB","discountAllowed":true,"timezone":"GMT","openDate":"2024-08-11T17:00:00.000Z","version":6070908785,"name":"Match Odds","eventName":"Manchester Originals v Northern Superchargers"}}]}
{"op":"mcm","clk":"11834206827","pt":1723406096111,"mc":[{"id":"1.231615960","marketDefinition":{"bspMarket":false,"turnInPlayEnabled":true,"persistenceEnabled":true,"marketBaseRate":5.0,"eventId":"33480310","eventTypeId":"4","numberOfWinners":1,"bettingType":"ODDS","marketType":"MATCH_ODDS","marketTime":"2024-08-11T17:00:00.000Z","suspendTime":"2024-08-11T17:00:00.000Z","bspReconciled":false,"complete":true,"inPlay":true,"crossMatching":false,"runnersVoidable":false,"numberOfActiveRunners":0,"betDelay":5,"status":"CLOSED","settledTime":"2024-08-11T19:53:17.000Z","runners":[{"status":"LOSER","sortPriority":1,"id":26354922,"name":"Manchester Originals"},{"status":"WINNER","sortPriority":2,"id":26354924,"name":"Northern Superchargers"}],"regulators":["MR_INT"],"countryCode":"GB","discountAllowed":true,"timezone":"GMT","openDate":"2024-08-11T17:00:00.000Z","version":6070920765,"name":"Match Odds","eventName":"Manchester Originals v Northern Superchargers"}}]}
