{"op":"mcm","clk":"11749072414","pt":1722331824765,"mc":[{"id":"1.231242460","marketDefinition":{"bspMarket":false,"turnInPlayEnabled":true,"persistenceEnabled":true,"marketBaseRate":5.0,"eventId":"33455020","eventTypeId":"4","numberOfWinners":1,"bettingType":"ODDS","marketType":"MATCH_ODDS","marketTime":"2024-08-01T14:00:00.000Z","suspendTime":"2024-08-01T14:00:00.000Z","bspReconciled":false,"complete":true,"inPlay":false,"crossMatching":true,"runnersVoidable":false,"numberOfActiveRunners":2,"betDelay":0,"status":"OPEN","runners":[{"status":"ACTIVE","sortPriority":1,"id":40096579,"name":"Southern Brave Women"},{"status":"ACTIVE","sortPriority":2,"id":40096590,"name":"Manchester Originals Women"}],"regulators":["MR_INT"],"countryCode":"GB","discountAllowed":true,"timezone":"GMT","openDate":"2024-08-01T14:00:00.000Z","version":6047205640,"name":"Match Odds","eventName":"Southern Brave Women v Manchester Originals Women"}}]}
{"op":"mcm","clk":"11752563542","pt":1722374061734,"mc":[{"id":"1.231242460","rc":[{"ltp":1.66,"id":40096579}]}]}
{"op":"mcm","clk":"11752580109","pt":1722374541119,"mc":[{"id":"1.231242460","rc":[{"ltp":2.5,"id":40096590},{"ltp":1.67,"id":40096579}]}]}
{"op":"mcm","clk":"11753715271","pt":1722397697424,"mc":[{"id":"1.231242460","rc":[{"ltp":1.71,"id":40096579}]}]}
{"op":"mcm","clk":"11753834509","pt":1722401791275,"mc":[{"id":"1.231242460","rc":[{"ltp":1.7,"id":40096579}]}]}
{"op":"mcm","clk":"11753997244","pt":1722408949133,"mc":[{"id":"1.231242460","rc":[{"ltp":1.71,"id":40096579}]}]}
{"op":"mcm","clk":"11754213803","pt":1722416800629,"mc":[{"id":"1.231242460","rc":[{"ltp":1.73,"id":40096579}]}]}
{"op":"mcm","clk":"11754777769","pt":1722424457789,"mc":[{"id":"1.231242460","rc":[{"ltp":2.28,"id":40096590}]}]}
{"op":"mcm","clk":"11754780826","pt":1722424492941,"mc":[{"id":"1.231242460","rc":[{"ltp":2.38,"id":40096590}]}]}
{"op":"mcm","clk":"11757067371","pt":1722448510270,"mc":[{"id":"1.231242460","rc":[{"ltp":2.4,"id":40096590},{"ltp":1.71,"id":40096579}]}]}
{"op":"mcm","clk":"11757075110","pt":1722448590050,"mc":[{"id":"1.231242460","rc":[{"ltp":1.7,"id":40096579}]}]}
{"op":"mcm","clk":"11757088516","pt":1722448744288,"mc":[{"id":"1.231242460","rc":[{"ltp":1.71,"id":40096579}]}]}
{"op":"mcm","clk":"11757108010","pt":1722448923082,"mc":[{"id":"1.231242460","rc":[{"ltp":1.72,"id":40096579}]}]}
{"op":"mcm","clk":"11757304112","pt":1722450382550,"mc":[{"id":"1.231242460","rc":[{"ltp":2.3,"id":40096590}]}]}
{"op":"mcm","clk":"11757786287","pt":1722453974283,"mc":[{"id":"1.231242460","rc":[{"ltp":1.76,"id":40096579}]}]}
{"op":"mcm","clk":"11757795003","pt":1722454038526,"mc":[{"id":"1.231242460","rc":[{"ltp":1.75,"id":40096579}]}]}
{"op":"mcm","clk":"11757888725","pt":1722454691008,"mc":[{"id":"1.231242460","rc":[{"ltp":1.68,"id":40096579}]}]}
{"op":"mcm","clk":"11757891835","pt":1722454713549,"mc":[{"id":"1.231242460","rc":[{"ltp":1.72,"id":40096579}]}]}
{"op":"mcm","clk":"11758303904","pt":1722459096606,"mc":[{"id":"1.231242460","rc":[{"ltp":2.4,"id":40096590},{"ltp":1.71,"id":40096579}]}]}
{"op":"mcm","clk":"11758411540","pt":1722461870022,"mc":[{"id":"1.231242460","rc":[{"ltp":1.73,"id":40096579}]}]}
{"op":"mcm","clk":"11758696025","pt":1722468528076,"mc":[{"id":"1.231242460","rc":[{"ltp":1.71,"id":40096579}]}]}
{"op":"mcm","clk":"11759087741","pt":1722474102120,"mc":[{"id":"1.231242460","rc":[{"ltp":2.36,"id":40096590},{"ltp":1.73,"id":40096579}]}]}
{"op":"mcm","clk":"11759729556","pt":1722483319750,"mc":[{"id":"1.231242460","rc":[{"ltp":2.4,"id":40096590},{"ltp":1.7,"id":40096579}]}]}
{"op":"mcm","clk":"11759763755","pt":1722484189349,"mc":[{"id":"1.231242460","rc":[{"ltp":1.68,"id":40096579}]}]}
{"op":"mcm","clk":"11759906894","pt":1722488832757,"mc":[{"id":"1.231242460","rc":[{"ltp":2.38,"id":40096590}]}]}
{"op":"mcm","clk":"11760053077","pt":1722493066677,"mc":[{"id":"1.231242460","rc":[{"ltp":1.71,"id":40096579}]}]}
{"op":"mcm","clk":"11760059798","pt":1722493316661,"mc":[{"id":"1.231242460","rc":[{"ltp":1.73,"id":40096579}]}]}
{"op":"mcm","clk":"11760100913","pt":1722494462682,"mc":[{"id":"1.231242460","rc":[{"ltp":1.72,"id":40096579}]}]}
{"op":"mcm","clk":"11760109247","pt":1722494661510,"mc":[{"id":"1.231242460","rc":[{"ltp":1.73,"id":40096579}]}]}
{"op":"mcm","clk":"11760113813","pt":1722494766204,"mc":[{"id":"1.231242460","rc":[{"ltp":2.36,"id":40096590},{"ltp":1.72,"id":40096579}]}]}
{"op":"mcm","clk":"11760125246","pt":1722495069870,"mc":[{"id":"1.231242460","rc":[{"ltp":1.73,"id":40096579}]}]}
{"op":"mcm","clk":"11760277228","pt":1722498350494,"mc":[{"id":"1.231242460","rc":[{"ltp":2.34,"id":40096590}]}]}
{"op":"mcm","clk":"11760315606","pt":1722499159002,"mc":[{"id":"1.231242460","rc":[{"ltp":1.72,"id":40096579}]}]}
{"op":"mcm","clk":"11760431902","pt":1722501200941,"mc":[{"id":"1.231242460","rc":[{"ltp":1.74,"id":40096579}]}]}
{"op":"mcm","clk":"11760533361","pt":1722503126056,"mc":[{"id":"1.231242460","rc":[{"ltp":2.36,"id":40096590},{"ltp":1.73,"id":40096579}]}]}
{"op":"mcm","clk":"11760557228","pt":1722503535693,"mc":[{"id":"1.231242460","rc":[{"ltp":2.38,"id":40096590},{"ltp":1.72,"id":40096579}]}]}
{"op":"mcm","clk":"11760581980","pt":1722503860930,"mc":[{"id":"1.231242460","rc":[{"ltp":1.71,"id":40096579}]}]}
{"op":"mcm","clk":"11760589152","pt":1722503991200,"mc":[{"id":"1.231242460","rc":[{"ltp":2.4,"id":40096590}]}]}
{"op":"mcm","clk":"11760695427","pt":1722505891042,"mc":[{"id":"1.231242460","rc":[{"ltp":1.72,"id":40096579}]}]}
{"op":"mcm","clk":"11760708143","pt":1722506117019,"mc":[{"id":"1.231242460","rc":[{"ltp":1.71,"id":40096579}]}]}
{"op":"mcm","clk":"11760743065","pt":1722506752938,"mc":[{"id":"1.231242460","rc":[{"ltp":2.38,"id":40096590},{"ltp":1.72,"id":40096579}]}]}
{"op":"mcm","clk":"11760760386","pt":1722507052770,"mc":[{"id":"1.231242460","rc":[{"ltp":1.71,"id":40096579}]}]}
{"op":"mcm","clk":"11760829517","pt":1722508145757,"mc":[{"id":"1.231242460","rc":[{"ltp":2.36,"id":40096590}]}]}
{"op":"mcm","clk":"11760875896","pt":1722508894140,"mc":[{"id":"1.231242460","rc":[{"ltp":1.73,"id":40096579}]}]}
{"op":"mcm","clk":"11760934377","pt":1722509779689,"mc":[{"id":"1.231242460","rc":[{"ltp":1.72,"id":40096579}]}]}
{"op":"mcm","clk":"11760996477","pt":1722510851429,"mc":[{"id":"1.231242460","rc":[{"ltp":1.73,"id":40096579}]}]}
{"op":"mcm","clk":"11761000038","pt":1722510912726,"mc":[{"id":"1.231242460","rc":[{"ltp":2.4,"id":40096590},{"ltp":1.72,"id":40096579}]}]}
{"op":"mcm","clk":"11761002579","pt":1722510957459,"mc":[{"id":"1.231242460","rc":[{"ltp":1.7,"id":40096579}]}]}
{"op":"mcm","clk":"11761049808","pt":1722511762485,"mc":[{"id":"1.231242460","rc":[{"ltp":1.71,"id":40096579}]}]}
{"op":"mcm","clk":"11761055622","pt":1722511875528,"mc":[{"id":"1.231242460","rc":[{"ltp":1.7,"id":40096579}]}]}
{"op":"mcm","clk":"11761081001","pt":1722512319199,"mc":[{"id":"1.231242460","rc":[{"ltp":2.42,"id":40096590}]}]}
{"op":"mcm","clk":"11761097575","pt":1722512596673,"mc":[{"id":"1.231242460","rc":[{"ltp":1.72,"id":40096579}]}]}
{"op":"mcm","clk":"11761108634","pt":1722512832862,"mc":[{"id":"1.231242460","rc":[{"ltp":1.7,"id":40096579}]}]}
{"op":"mcm","clk":"11761114145","pt":1722512942852,"mc":[{"id":"1.231242460","rc":[{"ltp":2.44,"id":40096590},{"ltp":1.69,"id":40096579}]}]}
{"op":"mcm","clk":"11761115543","pt":1722512971301,"mc":[{"id":"1.231242460","rc":[{"ltp":1.7,"id":40096579}]}]}
{"op":"mcm","clk":"11761165109","pt":1722513799634,"mc":[{"id":"1.231242460","rc":[{"ltp":1.69,"id":40096579}]}]}
{"op":"mcm","clk":"11761190886","pt":1722514267203,"mc":[{"id":"1.231242460","rc":[{"ltp":1.68,"id":40096579}]}]}
{"op":"mcm","clk":"11761219259","pt":1722514554691,"mc":[{"id":"1.231242460","rc":[{"ltp":1.7,"id":40096579}]}]}
{"op":"mcm","clk":"11761258022","pt":1722515307355,"mc":[{"id":"1.231242460","rc":[{"ltp":2.42,"id":40096590}]}]}
{"op":"mcm","clk":"11761286048","pt":1722515781280,"mc":[{"id":"1.231242460","rc":[{"ltp":2.4,"id":40096590},{"ltp":1.73,"id":40096579}]}]}
{"op":"mcm","clk":"11761293038","pt":1722515890144,"mc":[{"id":"1.231242460","rc":[{"ltp":2.36,"id":40096590},{"ltp":1.74,"id":40096579}]}]}
{"op":"mcm","clk":"11761298548","pt":1722515987055,"mc":[{"id":"1.231242460","rc":[{"ltp":1.73,"id":40096579}]}]}
{"op":"mcm","clk":"11761319743","pt":1722516353432,"mc":[{"id":"1.231242460","rc":[{"ltp":1.7,"id":40096579}]}]}
{"op":"mcm","clk":"11761325398","pt":1722516440251,"mc":[{"id":"1.231242460","rc":[{"ltp":1.72,"id":40096579}]}]}
{"op":"mcm","clk":"11761342638","pt":1722516715768,"mc":[{"id":"1.231242460","rc":[{"ltp":1.7,"id":40096579}]}]}
{"op":"mcm","clk":"11761359179","pt":1722516978192,"mc":[{"id":"1.231242460","rc":[{"ltp":1.69,"id":40096579}]}]}
{"op":"mcm","clk":"11761365711","pt":1722517101751,"mc":[{"id":"1.231242460","rc":[{"ltp":2.46,"id":40096590},{"ltp":1.68,"id":40096579}]}]}
{"op":"mcm","clk":"11761369187","pt":1722517180323,"mc":[{"id":"1.231242460","rc":[{"ltp":1.69,"id":40096579}]}]}
{"op":"mcm","clk":"11761410231","pt":1722517932609,"mc":[{"id":"1.231242460","rc":[{"ltp":1.67,"id":40096579}]}]}
{"op":"mcm","clk":"11761412974","pt":1722517996662,"mc":[{"id":"1.231242460","rc":[{"ltp":2.44,"id":40096590},{"ltp":1.68,"id":40096579}]}]}
{"op":"mcm","clk":"11761415730","pt":1722518057434,"mc":[{"id":"1.231242460","rc":[{"ltp":1.69,"id":40096579}]}]}
{"op":"mcm","clk":"11761422614","pt":1722518182725,"mc":[{"id":"1.231242460","rc":[{"ltp":2.42,"id":40096590}]}]}
{"op":"mcm","clk":"11761426165","pt":1722518242346,"mc":[{"id":"1.231242460","rc":[{"ltp":2.44,"id":40096590}]}]}
{"op":"mcm","clk":"11761437875","pt":1722518418468,"mc":[{"id":"1.231242460","rc":[{"ltp":2.5,"id":40096590},{"ltp":1.68,"id":40096579}]}]}
{"op":"mcm","clk":"11761442021","pt":1722518477158,"mc":[{"id":"1.231242460","rc":[{"ltp":2.46,"id":40096590},{"ltp":1.67,"id":40096579}]}]}
{"op":"mcm","clk":"11761446005","pt":1722518539421,"mc":[{"id":"1.231242460","rc":[{"ltp":1.69,"id":40096579}]}]}
{"op":"mcm","clk":"11761449994","pt":1722518602105,"mc":[{"id":"1.231242460","rc":[{"ltp":1.68,"id":40096579}]}]}
{"op":"mcm","clk":"11761456716","pt":1722518722375,"mc":[{"id":"1.231242460","rc":[{"ltp":2.52,"id":40096590},{"ltp":1.65,"id":40096579}]}]}
{"op":"mcm","clk":"11761459857","pt":1722518782284,"mc":[{"id":"1.231242460","rc":[{"ltp":2.5,"id":40096590},{"ltp":1.67,"id":40096579}]}]}
{"op":"mcm","clk":"11761462148","pt":1722518827926,"mc":[{"id":"1.231242460","rc":[{"ltp":1.66,"id":40096579}]}]}
{"op":"mcm","clk":"11761465601","pt":1722518899792,"mc":[{"id":"1.231242460","rc":[{"ltp":2.48,"id":40096590},{"ltp":1.68,"id":40096579}]}]}
{"op":"mcm","clk":"11761468777","pt":1722518961580,"mc":[{"id":"1.231242460","rc":[{"ltp":1.66,"id":40096579}]}]}
{"op":"mcm","clk":"11761471713","pt":1722519014340,"mc":[{"id":"1.231242460","rc":[{"ltp":1.67,"id":40096579}]}]}
{"op":"mcm","clk":"11761476197","pt":1722519082103,"mc":[{"id":"1.231242460","rc":[{"ltp":2.46,"id":40096590}]}]}
{"op":"mcm","clk":"11761483322","pt":1722519202167,"mc":[{"id":"1.231242460","rc":[{"ltp":2.5,"id":40096590},{"ltp":1.66,"id":40096579}]}]}
{"op":"mcm","clk":"11761486113","pt":1722519262437,"mc":[{"id":"1.231242460","rc":[{"ltp":2.46,"id":40096590},{"ltp":1.69,"id":40096579}]}]}
{"op":"mcm","clk":"11761488916","pt":1722519321166,"mc":[{"id":"1.231242460","rc":[{"ltp":1.68,"id":40096579}]}]}
{"op":"mcm","clk":"11761491983","pt":1722519382742,"mc":[{"id":"1.231242460","rc":[{"ltp":2.3,"id":40096590},{"ltp":1.76,"id":40096579}]}]}
{"op":"mcm","clk":"11761494489","pt":1722519441420,"mc":[{"id":"1.231242460","rc":[{"ltp":2.34,"id":40096590},{"ltp":1.74,"id":40096579}]}]}
{"op":"mcm","clk":"11761497237","pt":1722519502133,"mc":[{"id":"1.231242460","rc":[{"ltp":2.42,"id":40096590},{"ltp":1.72,"id":40096579}]}]}
{"op":"mcm","clk":"11761499942","pt":1722519562005,"mc":[{"id":"1.231242460","rc":[{"ltp":2.36,"id":40096590},{"ltp":1.73,"id":40096579}]}]}
{"op":"mcm","clk":"11761502666","pt":1722519622601,"mc":[{"id":"1.231242460","rc":[{"ltp":1.74,"id":40096579}]}]}
{"op":"mcm","clk":"11761505332","pt":1722519682355,"mc":[{"id":"1.231242460","rc":[{"ltp":2.3,"id":40096590},{"ltp":1.77,"id":40096579}]}]}
{"op":"mcm","clk":"11761508001","pt":1722519741957,"mc":[{"id":"1.231242460","rc":[{"ltp":2.28,"id":40096590}]}]}
{"op":"mcm","clk":"11761518852","pt":1722519802624,"mc":[{"id":"1.231242460","rc":[{"ltp":1.78,"id":40096579}]}]}
{"op":"mcm","clk":"11761521434","pt":1722519862510,"mc":[{"id":"1.231242460","rc":[{"ltp":1.9,"id":40096590},{"ltp":2.12,"id":40096579}]}]}
{"op":"mcm","clk":"11761524412","pt":1722519922493,"mc":[{"id":"1.231242460","rc":[{"ltp":2.0,"id":40096590},{"ltp":2.0,"id":40096579}]}]}
{"op":"mcm","clk":"11761527509","pt":1722519982155,"mc":[{"id":"1.231242460","rc":[{"ltp":2.06,"id":40096590},{"ltp":1.93,"id":40096579}]}]}
{"op":"mcm","clk":"11761530534","pt":1722520042660,"mc":[{"id":"1.231242460","rc":[{"ltp":2.0,"id":40096590},{"ltp":2.0,"id":40096579}]}]}
{"op":"mcm","clk":"11761533591","pt":1722520102416,"mc":[{"id":"1.231242460","rc":[{"ltp":1.98,"id":40096590}]}]}
{"op":"mcm","clk":"11761536531","pt":1722520161084,"mc":[{"id":"1.231242460","rc":[{"ltp":1.93,"id":40096590},{"ltp":2.06,"id":40096579}]}]}
{"op":"mcm","clk":"11761540385","pt":1722520222696,"mc":[{"id":"1.231242460","rc":[{"ltp":1.91,"id":40096590},{"ltp":2.1,"id":40096579}]}]}
{"op":"mcm","clk":"11761543934","pt":1722520282743,"mc":[{"id":"1.231242460","rc":[{"ltp":1.96,"id":40096590},{"ltp":2.04,"id":40096579}]}]}
{"op":"mcm","clk":"11761547013","pt":1722520342157,"mc":[{"id":"1.231242460","rc":[{"ltp":1.99,"id":40096590},{"ltp":2.0,"id":40096579}]}]}
{"op":"mcm","clk":"11761550540","pt":1722520402740,"mc":[{"id":"1.231242460","rc":[{"ltp":1.98,"id":40096590}]}]}
{"op":"mcm","clk":"11761553603","pt":1722520462730,"mc":[{"id":"1.231242460","rc":[{"ltp":1.96,"id":40096590},{"ltp":2.02,"id":40096579}]}]}
{"op":"mcm","clk":"11761556204","pt":1722520522095,"mc":[{"id":"1.231242460","rc":[{"ltp":1.97,"id":40096590},{"ltp":2.04,"id":40096579}]}]}
{"op":"mcm","clk":"11761559124","pt":1722520582470,"mc":[{"id":"1.231242460","rc":[{"ltp":2.02,"id":40096579}]}]}
{"op":"mcm","clk":"11761562175","pt":1722520642519,"mc":[{"id":"1.231242460","rc":[{"ltp":1.98,"id":40096590}]}]}
{"op":"mcm","clk":"11761565201","pt":1722520702299,"mc":[{"id":"1.231242460","rc":[{"ltp":1.97,"id":40096590}]}]}
{"op":"mcm","clk":"11761568101","pt":1722520762288,"mc":[{"id":"1.231242460","rc":[{"ltp":1.96,"id":40096590}]}]}
{"op":"mcm","clk":"11761571759","pt":1722520822682,"mc":[{"id":"1.231242460","marketDefinition":{"bspMarket":false,"turnInPlayEnabled":true,"persistenceEnabled":true,"marketBaseRate":5.0,"eventId":"33455020","eventTypeId":"4","numberOfWinners":1,"bettingType":"ODDS","marketType":"MATCH_ODDS","marketTime":"2024-08-01T14:00:00.000Z","suspendTime":"2024-08-01T14:00:00.000Z","bspReconciled":false,"complete":true,"inPlay":true,"crossMatching":true,"runnersVoidable":false,"numberOfActiveRunners":2,"betDelay":5,"status":"OPEN","runners":[{"status":"ACTIVE","sortPriority":1,"id":40096579,"name":"Southern Brave Women"},{"status":"ACTIVE","sortPriority":2,"id":40096590,"name":"Manchester Originals Women"}],"regulators":["MR_INT"],"countryCode":"GB","discountAllowed":true,"timezone":"GMT","openDate":"2024-08-01T14:00:00.000Z","version":6050305955,"name":"Match Odds","eventName":"Southern Brave Women v Manchester Originals Women"},"rc":[{"ltp":2.0,"id":40096590},{"ltp":2.04,"id":40096579}]}]}
{"op":"mcm","clk":"11761576373","pt":1722520882600,"mc":[{"id":"1.231242460","rc":[{"ltp":2.14,"id":40096590},{"ltp":1.88,"id":40096579}]}]}
{"op":"mcm","clk":"11761580154","pt":1722520942583,"mc":[{"id":"1.231242460","rc":[{"ltp":1.87,"id":40096579}]}]}
{"op":"mcm","clk":"11761583929","pt":1722521002677,"mc":[{"id":"1.231242460","rc":[{"ltp":2.26,"id":40096590},{"ltp":1.79,"id":40096579}]}]}
{"op":"mcm","clk":"11761587795","pt":1722521062745,"mc":[{"id":"1.231242460","rc":[{"ltp":2.22,"id":40096590},{"ltp":1.81,"id":40096579}]}]}
{"op":"mcm","clk":"11761591846","pt":1722521122736,"mc":[{"id":"1.231242460","rc":[{"ltp":2.36,"id":40096590},{"ltp":1.73,"id":40096579}]}]}
{"op":"mcm","clk":"11761595669","pt":1722521182721,"mc":[{"id":"1.231242460","rc":[{"ltp":2.28,"id":40096590},{"ltp":1.78,"id":40096579}]}]}
{"op":"mcm","clk":"11761599450","pt":1722521242691,"mc":[{"id":"1.231242460","rc":[{"ltp":2.22,"id":40096590},{"ltp":1.81,"id":40096579}]}]}
{"op":"mcm","clk":"11761602711","pt":1722521302676,"mc":[{"id":"1.231242460","rc":[{"ltp":2.26,"id":40096590},{"ltp":1.82,"id":40096579}]}]}
{"op":"mcm","clk":"11761605941","pt":1722521362747,"mc":[{"id":"1.231242460","rc":[{"ltp":2.22,"id":40096590},{"ltp":1.83,"id":40096579}]}]}
{"op":"mcm","clk":"11761609477","pt":1722521422543,"mc":[{"id":"1.231242460","rc":[{"ltp":1.79,"id":40096579}]}]}
{"op":"mcm","clk":"11761613242","pt":1722521482587,"mc":[{"id":"1.231242460","rc":[{"ltp":2.24,"id":40096590}]}]}
{"op":"mcm","clk":"11761616587","pt":1722521542706,"mc":[{"id":"1.231242460","rc":[{"ltp":2.28,"id":40096590}]}]}
{"op":"mcm","clk":"11761620161","pt":1722521602385,"mc":[{"id":"1.231242460","rc":[{"ltp":2.22,"id":40096590},{"ltp":1.83,"id":40096579}]}]}
{"op":"mcm","clk":"11761624096","pt":1722521662716,"mc":[{"id":"1.231242460","rc":[{"ltp":2.14,"id":40096590},{"ltp":1.85,"id":40096579}]}]}
{"op":"mcm","clk":"11761627724","pt":1722521722708,"mc":[{"id":"1.231242460","rc":[{"ltp":2.18,"id":40096590},{"ltp":1.86,"id":40096579}]}]}
{"op":"mcm","clk":"11761631226","pt":1722521782696,"mc":[{"id":"1.231242460","rc":[{"ltp":2.24,"id":40096590},{"ltp":1.8,"id":40096579}]}]}
{"op":"mcm","clk":"11761635039","pt":1722521842682,"mc":[{"id":"1.231242460","rc":[{"ltp":2.28,"id":40096590},{"ltp":1.78,"id":40096579}]}]}
{"op":"mcm","clk":"11761639147","pt":1722521902468,"mc":[{"id":"1.231242460","rc":[{"ltp":2.16,"id":40096590},{"ltp":1.84,"id":40096579}]}]}
{"op":"mcm","clk":"11761643136","pt":1722521962622,"mc":[{"id":"1.231242460","rc":[{"ltp":2.22,"id":40096590},{"ltp":1.8,"id":40096579}]}]}
{"op":"mcm","clk":"11761646693","pt":1722522022404,"mc":[{"id":"1.231242460","rc":[{"ltp":2.42,"id":40096590},{"ltp":1.7,"id":40096579}]}]}
{"op":"mcm","clk":"11761650159","pt":1722522082654,"mc":[{"id":"1.231242460","rc":[{"ltp":2.48,"id":40096590},{"ltp":1.66,"id":40096579}]}]}
{"op":"mcm","clk":"11761653441","pt":1722522142732,"mc":[{"id":"1.231242460","rc":[{"ltp":2.66,"id":40096590},{"ltp":1.6,"id":40096579}]}]}
{"op":"mcm","clk":"11761657038","pt":1722522202717,"mc":[{"id":"1.231242460","rc":[{"ltp":2.78,"id":40096590},{"ltp":1.56,"id":40096579}]}]}
{"op":"mcm","clk":"11761660917","pt":1722522262663,"mc":[{"id":"1.231242460","rc":[{"ltp":3.05,"id":40096590},{"ltp":1.48,"id":40096579}]}]}
{"op":"mcm","clk":"11761664702","pt":1722522322731,"mc":[{"id":"1.231242460","rc":[{"ltp":2.44,"id":40096590},{"ltp":1.67,"id":40096579}]}]}
{"op":"mcm","clk":"11761668472","pt":1722522382653,"mc":[{"id":"1.231242460","rc":[{"ltp":2.4,"id":40096590},{"ltp":1.71,"id":40096579}]}]}
{"op":"mcm","clk":"11761672288","pt":1722522442661,"mc":[{"id":"1.231242460","rc":[{"ltp":2.28,"id":40096590},{"ltp":1.78,"id":40096579}]}]}
{"op":"mcm","clk":"11761676609","pt":1722522502724,"mc":[{"id":"1.231242460","rc":[{"ltp":2.38,"id":40096590},{"ltp":1.7,"id":40096579}]}]}
{"op":"mcm","clk":"11761680767","pt":1722522562591,"mc":[{"id":"1.231242460","rc":[{"ltp":2.4,"id":40096590},{"ltp":1.72,"id":40096579}]}]}
{"op":"mcm","clk":"11761685191","pt":1722522622688,"mc":[{"id":"1.231242460","rc":[{"ltp":2.58,"id":40096590},{"ltp":1.63,"id":40096579}]}]}
{"op":"mcm","clk":"11761689672","pt":1722522682652,"mc":[{"id":"1.231242460","rc":[{"ltp":2.68,"id":40096590},{"ltp":1.6,"id":40096579}]}]}
{"op":"mcm","clk":"11761694144","pt":1722522742713,"mc":[{"id":"1.231242460","rc":[{"ltp":2.6,"id":40096590},{"ltp":1.62,"id":40096579}]}]}
{"op":"mcm","clk":"11761698300","pt":1722522802737,"mc":[{"id":"1.231242460","rc":[{"ltp":2.48,"id":40096590},{"ltp":1.67,"id":40096579}]}]}
{"op":"mcm","clk":"11761702497","pt":1722522862582,"mc":[{"id":"1.231242460","rc":[{"ltp":2.56,"id":40096590},{"ltp":1.63,"id":40096579}]}]}
{"op":"mcm","clk":"11761706889","pt":1722522922494,"mc":[{"id":"1.231242460","rc":[{"ltp":2.48,"id":40096590},{"ltp":1.7,"id":40096579}]}]}
{"op":"mcm","clk":"11761711361","pt":1722522982658,"mc":[{"id":"1.231242460","rc":[{"ltp":2.38,"id":40096590},{"ltp":1.74,"id":40096579}]}]}
{"op":"mcm","clk":"11761715622","pt":1722523042713,"mc":[{"id":"1.231242460","rc":[{"ltp":2.62,"id":40096590},{"ltp":1.6,"id":40096579}]}]}
{"op":"mcm","clk":"11761719427","pt":1722523102701,"mc":[{"id":"1.231242460","rc":[{"ltp":2.8,"id":40096590},{"ltp":1.55,"id":40096579}]}]}
{"op":"mcm","clk":"11761723091","pt":1722523162445,"mc":[{"id":"1.231242460","rc":[{"ltp":2.72,"id":40096590},{"ltp":1.58,"id":40096579}]}]}
{"op":"mcm","clk":"11761727177","pt":1722523222746,"mc":[{"id":"1.231242460","rc":[{"ltp":2.96,"id":40096590},{"ltp":1.51,"id":40096579}]}]}
{"op":"mcm","clk":"11761731373","pt":1722523282736,"mc":[{"id":"1.231242460","rc":[{"ltp":3.0,"id":40096590},{"ltp":1.5,"id":40096579}]}]}
{"op":"mcm","clk":"11761735685","pt":1722523342714,"mc":[{"id":"1.231242460","rc":[{"ltp":3.15,"id":40096590},{"ltp":1.46,"id":40096579}]}]}
{"op":"mcm","clk":"11761739736","pt":1722523402693,"mc":[{"id":"1.231242460","rc":[{"ltp":3.5,"id":40096590},{"ltp":1.4,"id":40096579}]}]}
{"op":"mcm","clk":"11761743860","pt":1722523462630,"mc":[{"id":"1.231242460","rc":[{"ltp":3.4,"id":40096590},{"ltp":1.41,"id":40096579}]}]}
{"op":"mcm","clk":"11761752387","pt":1722523582681,"mc":[{"id":"1.231242460","rc":[{"ltp":3.15,"id":40096590},{"ltp":1.47,"id":40096579}]}]}
{"op":"mcm","clk":"11761757059","pt":1722523642660,"mc":[{"id":"1.231242460","rc":[{"ltp":3.25,"id":40096590},{"ltp":1.43,"id":40096579}]}]}
{"op":"mcm","clk":"11761761657","pt":1722523702642,"mc":[{"id":"1.231242460","rc":[{"ltp":1.44,"id":40096579}]}]}
{"op":"mcm","clk":"11761766284","pt":1722523762730,"mc":[{"id":"1.231242460","rc":[{"ltp":3.4,"id":40096590},{"ltp":1.41,"id":40096579}]}]}
{"op":"mcm","clk":"11761771029","pt":1722523822692,"mc":[{"id":"1.231242460","rc":[{"ltp":3.35,"id":40096590}]}]}
{"op":"mcm","clk":"11761775480","pt":1722523882589,"mc":[{"id":"1.231242460","rc":[{"ltp":3.5,"id":40096590},{"ltp":1.4,"id":40096579}]}]}
{"op":"mcm","clk":"11761779477","pt":1722523942548,"mc":[{"id":"1.231242460","rc":[{"ltp":3.45,"id":40096590},{"ltp":1.41,"id":40096579}]}]}
{"op":"mcm","clk":"11761783539","pt":1722524002636,"mc":[{"id":"1.231242460","rc":[{"ltp":3.35,"id":40096590},{"ltp":1.43,"id":40096579}]}]}
{"op":"mcm","clk":"11761787600","pt":1722524062626,"mc":[{"id":"1.231242460","rc":[{"ltp":3.4,"id":40096590},{"ltp":1.42,"id":40096579}]}]}
{"op":"mcm","clk":"11761791707","pt":1722524122511,"mc":[{"id":"1.231242460","rc":[{"ltp":3.25,"id":40096590},{"ltp":1.44,"id":40096579}]}]}
{"op":"mcm","clk":"11761795911","pt":1722524182374,"mc":[{"id":"1.231242460","rc":[{"ltp":3.4,"id":40096590},{"ltp":1.41,"id":40096579}]}]}
{"op":"mcm","clk":"11761800473","pt":1722524242595,"mc":[{"id":"1.231242460","rc":[{"ltp":3.5,"id":40096590},{"ltp":1.4,"id":40096579}]}]}
{"op":"mcm","clk":"11761808024","pt":1722524362651,"mc":[{"id":"1.231242460","rc":[{"ltp":3.35,"id":40096590},{"ltp":1.42,"id":40096579}]}]}
{"op":"mcm","clk":"11761812917","pt":1722524422731,"mc":[{"id":"1.231242460","rc":[{"ltp":3.85,"id":40096590},{"ltp":1.34,"id":40096579}]}]}
{"op":"mcm","clk":"11761818297","pt":1722524482706,"mc":[{"id":"1.231242460","rc":[{"ltp":3.9,"id":40096590},{"ltp":1.36,"id":40096579}]}]}
{"op":"mcm","clk":"11761823925","pt":1722524542683,"mc":[{"id":"1.231242460","rc":[{"ltp":3.75,"id":40096590}]}]}
{"op":"mcm","clk":"11761829269","pt":1722524602632,"mc":[{"id":"1.231242460","rc":[{"ltp":3.6,"id":40096590},{"ltp":1.39,"id":40096579}]}]}
{"op":"mcm","clk":"11761834487","pt":1722524662734,"mc":[{"id":"1.231242460","rc":[{"ltp":3.5,"id":40096590},{"ltp":1.43,"id":40096579}]}]}
{"op":"mcm","clk":"11761840183","pt":1722524722727,"mc":[{"id":"1.231242460","rc":[{"ltp":2.9,"id":40096590},{"ltp":1.52,"id":40096579}]}]}
{"op":"mcm","clk":"11761845872","pt":1722524782704,"mc":[{"id":"1.231242460","rc":[{"ltp":2.84,"id":40096590},{"ltp":1.53,"id":40096579}]}]}
{"op":"mcm","clk":"11761852135","pt":1722524842644,"mc":[{"id":"1.231242460","rc":[{"ltp":2.66,"id":40096590},{"ltp":1.6,"id":40096579}]}]}
{"op":"mcm","clk":"11761858002","pt":1722524902723,"mc":[{"id":"1.231242460","rc":[{"ltp":2.68,"id":40096590},{"ltp":1.59,"id":40096579}]}]}
{"op":"mcm","clk":"11761863898","pt":1722524962696,"mc":[{"id":"1.231242460","rc":[{"ltp":2.74,"id":40096590},{"ltp":1.58,"id":40096579}]}]}
{"op":"mcm","clk":"11761869444","pt":1722525022663,"mc":[{"id":"1.231242460","rc":[{"ltp":2.6,"id":40096590},{"ltp":1.63,"id":40096579}]}]}
{"op":"mcm","clk":"11761875178","pt":1722525082749,"mc":[{"id":"1.231242460","rc":[{"ltp":2.2,"id":40096590},{"ltp":1.81,"id":40096579}]}]}
{"op":"mcm","clk":"11761880755","pt":1722525142665,"mc":[{"id":"1.231242460","rc":[{"ltp":2.16,"id":40096590},{"ltp":1.84,"id":40096579}]}]}
{"op":"mcm","clk":"11761894924","pt":1722525202720,"mc":[{"id":"1.231242460","rc":[{"ltp":2.2,"id":40096590},{"ltp":1.83,"id":40096579}]}]}
{"op":"mcm","clk":"11761900742","pt":1722525262710,"mc":[{"id":"1.231242460","rc":[{"ltp":2.46,"id":40096590},{"ltp":1.68,"id":40096579}]}]}
{"op":"mcm","clk":"11761906575","pt":1722525322674,"mc":[{"id":"1.231242460","rc":[{"ltp":2.5,"id":40096590},{"ltp":1.65,"id":40096579}]}]}
{"op":"mcm","clk":"11761912332","pt":1722525382581,"mc":[{"id":"1.231242460","rc":[{"ltp":2.6,"id":40096590},{"ltp":1.62,"id":40096579}]}]}
{"op":"mcm","clk":"11761917861","pt":1722525442672,"mc":[{"id":"1.231242460","rc":[{"ltp":2.58,"id":40096590},{"ltp":1.63,"id":40096579}]}]}
{"op":"mcm","clk":"11761923417","pt":1722525502604,"mc":[{"id":"1.231242460","rc":[{"ltp":1.62,"id":40096579}]}]}
{"op":"mcm","clk":"11761929273","pt":1722525562655,"mc":[{"id":"1.231242460","rc":[{"ltp":2.6,"id":40096590},{"ltp":1.63,"id":40096579}]}]}
{"op":"mcm","clk":"11761934570","pt":1722525622612,"mc":[{"id":"1.231242460","rc":[{"ltp":2.56,"id":40096590}]}]}
{"op":"mcm","clk":"11761940010","pt":1722525682685,"mc":[{"id":"1.231242460","rc":[{"ltp":2.52,"id":40096590},{"ltp":1.65,"id":40096579}]}]}
{"op":"mcm","clk":"11761945026","pt":1722525742458,"mc":[{"id":"1.231242460","rc":[{"ltp":2.54,"id":40096590}]}]}
{"op":"mcm","clk":"11761950425","pt":1722525802525,"mc":[{"id":"1.231242460","rc":[{"ltp":2.52,"id":40096590},{"ltp":1.64,"id":40096579}]}]}
{"op":"mcm","clk":"11761955980","pt":1722525862690,"mc":[{"id":"1.231242460","rc":[{"ltp":2.5,"id":40096590},{"ltp":1.66,"id":40096579}]}]}
{"op":"mcm","clk":"11761967130","pt":1722525982725,"mc":[{"id":"1.231242460","rc":[{"ltp":2.52,"id":40096590}]}]}
{"op":"mcm","clk":"11761972707","pt":1722526042725,"mc":[{"id":"1.231242460","rc":[{"ltp":2.46,"id":40096590},{"ltp":1.69,"id":40096579}]}]}
{"op":"mcm","clk":"11761978388","pt":1722526102268,"mc":[{"id":"1.231242460","rc":[{"ltp":2.52,"id":40096590},{"ltp":1.66,"id":40096579}]}]}
{"op":"mcm","clk":"11761983684","pt":1722526162699,"mc":[{"id":"1.231242460","rc":[{"ltp":2.5,"id":40096590}]}]}
{"op":"mcm","clk":"11761989280","pt":1722526222575,"mc":[{"id":"1.231242460","rc":[{"ltp":2.56,"id":40096590},{"ltp":1.63,"id":40096579}]}]}
{"op":"mcm","clk":"11761995118","pt":1722526282493,"mc":[{"id":"1.231242460","rc":[{"ltp":2.6,"id":40096590}]}]}
{"op":"mcm","clk":"11762000815","pt":1722526342657,"mc":[{"id":"1.231242460","rc":[{"ltp":1.61,"id":40096579}]}]}
{"op":"mcm","clk":"11762006630","pt":1722526402715,"mc":[{"id":"1.231242460","rc":[{"ltp":2.68,"id":40096590},{"ltp":1.59,"id":40096579}]}]}
{"op":"mcm","clk":"11762012630","pt":1722526462659,"mc":[{"id":"1.231242460","rc":[{"ltp":1.6,"id":40096579}]}]}
{"op":"mcm","clk":"11762018470","pt":1722526522712,"mc":[{"id":"1.231242460","rc":[{"ltp":2.62,"id":40096590}]}]}
{"op":"mcm","clk":"11762023823","pt":1722526582705,"mc":[{"id":"1.231242460","rc":[{"ltp":2.8,"id":40096590},{"ltp":1.55,"id":40096579}]}]}
{"op":"mcm","clk":"11762029329","pt":1722526642578,"mc":[{"id":"1.231242460","rc":[{"ltp":2.84,"id":40096590},{"ltp":1.54,"id":40096579}]}]}
{"op":"mcm","clk":"11762035224","pt":1722526702730,"mc":[{"id":"1.231242460","rc":[{"ltp":2.48,"id":40096590},{"ltp":1.68,"id":40096579}]}]}
{"op":"mcm","clk":"11762041274","pt":1722526762719,"mc":[{"id":"1.231242460","rc":[{"ltp":2.46,"id":40096590},{"ltp":1.67,"id":40096579}]}]}
{"op":"mcm","clk":"11762047618","pt":1722526822730,"mc":[{"id":"1.231242460","rc":[{"ltp":3.5,"id":40096590},{"ltp":1.4,"id":40096579}]}]}
{"op":"mcm","clk":"11762053749","pt":1722526882739,"mc":[{"id":"1.231242460","rc":[{"ltp":4.2,"id":40096590},{"ltp":1.31,"id":40096579}]}]}
{"op":"mcm","clk":"11762059814","pt":1722526942702,"mc":[{"id":"1.231242460","rc":[{"ltp":4.5,"id":40096590},{"ltp":1.29,"id":40096579}]}]}
{"op":"mcm","clk":"11762066161","pt":1722527002660,"mc":[{"id":"1.231242460","rc":[{"ltp":4.0,"id":40096590},{"ltp":1.33,"id":40096579}]}]}
{"op":"mcm","clk":"11762072969","pt":1722527062700,"mc":[{"id":"1.231242460","rc":[{"ltp":3.85,"id":40096590},{"ltp":1.35,"id":40096579}]}]}
{"op":"mcm","clk":"11762079859","pt":1722527122649,"mc":[{"id":"1.231242460","rc":[{"ltp":2.9,"id":40096590},{"ltp":1.53,"id":40096579}]}]}
{"op":"mcm","clk":"11762086738","pt":1722527182749,"mc":[{"id":"1.231242460","rc":[{"ltp":2.66,"id":40096590},{"ltp":1.59,"id":40096579}]}]}
{"op":"mcm","clk":"11762093222","pt":1722527242634,"mc":[{"id":"1.231242460","rc":[{"ltp":2.5,"id":40096590},{"ltp":1.67,"id":40096579}]}]}
{"op":"mcm","clk":"11762098820","pt":1722527302688,"mc":[{"id":"1.231242460","rc":[{"ltp":2.44,"id":40096590},{"ltp":1.69,"id":40096579}]}]}
{"op":"mcm","clk":"11762104598","pt":1722527362678,"mc":[{"id":"1.231242460","rc":[{"ltp":2.2,"id":40096590},{"ltp":1.86,"id":40096579}]}]}
{"op":"mcm","clk":"11762110440","pt":1722527422704,"mc":[{"id":"1.231242460","rc":[{"ltp":2.14,"id":40096590},{"ltp":1.88,"id":40096579}]}]}
{"op":"mcm","clk":"11762116468","pt":1722527482746,"mc":[{"id":"1.231242460","rc":[{"ltp":2.16,"id":40096590},{"ltp":1.84,"id":40096579}]}]}
{"op":"mcm","clk":"11762122365","pt":1722527542707,"mc":[{"id":"1.231242460","rc":[{"ltp":2.28,"id":40096590},{"ltp":1.78,"id":40096579}]}]}
{"op":"mcm","clk":"11762127814","pt":1722527602733,"mc":[{"id":"1.231242460","rc":[{"ltp":2.26,"id":40096590},{"ltp":1.81,"id":40096579}]}]}
{"op":"mcm","clk":"11762132457","pt":1722527662700,"mc":[{"id":"1.231242460","rc":[{"ltp":2.28,"id":40096590},{"ltp":1.78,"id":40096579}]}]}
{"op":"mcm","clk":"11762137575","pt":1722527722189,"mc":[{"id":"1.231242460","rc":[{"ltp":1.77,"id":40096579}]}]}
{"op":"mcm","clk":"11762143075","pt":1722527782656,"mc":[{"id":"1.231242460","rc":[{"ltp":2.44,"id":40096590},{"ltp":1.72,"id":40096579}]}]}
{"op":"mcm","clk":"11762148429","pt":1722527842456,"mc":[{"id":"1.231242460","rc":[{"ltp":2.32,"id":40096590},{"ltp":1.73,"id":40096579}]}]}
{"op":"mcm","clk":"11762153613","pt":1722527902652,"mc":[{"id":"1.231242460","rc":[{"ltp":2.14,"id":40096590},{"ltp":1.9,"id":40096579}]}]}
{"op":"mcm","clk":"11762159392","pt":1722527962701,"mc":[{"id":"1.231242460","rc":[{"ltp":1.84,"id":40096590},{"ltp":2.18,"id":40096579}]}]}
{"op":"mcm","clk":"11762165969","pt":1722528022661,"mc":[{"id":"1.231242460","rc":[{"ltp":1.73,"id":40096590},{"ltp":2.36,"id":40096579}]}]}
{"op":"mcm","clk":"11762173947","pt":1722528082727,"mc":[{"id":"1.231242460","rc":[{"ltp":1.79,"id":40096590},{"ltp":2.28,"id":40096579}]}]}
{"op":"mcm","clk":"11762182193","pt":1722528142737,"mc":[{"id":"1.231242460","rc":[{"ltp":1.8,"id":40096590},{"ltp":2.24,"id":40096579}]}]}
{"op":"mcm","clk":"11762190868","pt":1722528202588,"mc":[{"id":"1.231242460","rc":[{"ltp":1.97,"id":40096590},{"ltp":2.02,"id":40096579}]}]}
{"op":"mcm","clk":"11762199364","pt":1722528262647,"mc":[{"id":"1.231242460","rc":[{"ltp":2.04,"id":40096590},{"ltp":1.97,"id":40096579}]}]}
{"op":"mcm","clk":"11762207814","pt":1722528322648,"mc":[{"id":"1.231242460","rc":[{"ltp":1.94,"id":40096590},{"ltp":2.06,"id":40096579}]}]}
{"op":"mcm","clk":"11762216312","pt":1722528382726,"mc":[{"id":"1.231242460","rc":[{"ltp":1.77,"id":40096590},{"ltp":2.3,"id":40096579}]}]}
{"op":"mcm","clk":"11762224592","pt":1722528442725,"mc":[{"id":"1.231242460","rc":[{"ltp":1.81,"id":40096590},{"ltp":2.24,"id":40096579}]}]}
{"op":"mcm","clk":"11762232655","pt":1722528502679,"mc":[{"id":"1.231242460","rc":[{"ltp":1.76,"id":40096590},{"ltp":2.28,"id":40096579}]}]}
{"op":"mcm","clk":"11762241285","pt":1722528562690,"mc":[{"id":"1.231242460","rc":[{"ltp":1.82,"id":40096590},{"ltp":2.2,"id":40096579}]}]}
{"op":"mcm","clk":"11762249360","pt":1722528622663,"mc":[{"id":"1.231242460","rc":[{"ltp":1.93,"id":40096590},{"ltp":2.06,"id":40096579}]}]}
{"op":"mcm","clk":"11762265632","pt":1722528742707,"mc":[{"id":"1.231242460","rc":[{"ltp":1.91,"id":40096590},{"ltp":2.08,"id":40096579}]}]}
{"op":"mcm","clk":"11762273335","pt":1722528802630,"mc":[{"id":"1.231242460","rc":[{"ltp":2.08,"id":40096590},{"ltp":1.91,"id":40096579}]}]}
{"op":"mcm","clk":"11762281502","pt":1722528862666,"mc":[{"id":"1.231242460","rc":[{"ltp":2.12,"id":40096590},{"ltp":1.89,"id":40096579}]}]}
{"op":"mcm","clk":"11762289541","pt":1722528922747,"mc":[{"id":"1.231242460","rc":[{"ltp":1.68,"id":40096590},{"ltp":2.44,"id":40096579}]}]}
{"op":"mcm","clk":"11762297817","pt":1722528982660,"mc":[{"id":"1.231242460","rc":[{"ltp":1.5,"id":40096590},{"ltp":3.0,"id":40096579}]}]}
{"op":"mcm","clk":"11762306117","pt":1722529042714,"mc":[{"id":"1.231242460","rc":[{"ltp":1.64,"id":40096590},{"ltp":2.6,"id":40096579}]}]}
{"op":"mcm","clk":"11762314682","pt":1722529102698,"mc":[{"id":"1.231242460","rc":[{"ltp":1.66,"id":40096590},{"ltp":2.48,"id":40096579}]}]}
{"op":"mcm","clk":"11762323051","pt":1722529162665,"mc":[{"id":"1.231242460","rc":[{"ltp":1.99,"id":40096590},{"ltp":2.02,"id":40096579}]}]}
{"op":"mcm","clk":"11762331431","pt":1722529222745,"mc":[{"id":"1.231242460","rc":[{"ltp":2.22,"id":40096590},{"ltp":1.8,"id":40096579}]}]}
{"op":"mcm","clk":"11762339690","pt":1722529282731,"mc":[{"id":"1.231242460","rc":[{"ltp":1.99,"id":40096590},{"ltp":2.0,"id":40096579}]}]}
{"op":"mcm","clk":"11762349001","pt":1722529342715,"mc":[{"id":"1.231242460","rc":[{"ltp":1.44,"id":40096590},{"ltp":3.25,"id":40096579}]}]}
{"op":"mcm","clk":"11762357106","pt":1722529402705,"mc":[{"id":"1.231242460","rc":[{"ltp":1.81,"id":40096590},{"ltp":2.2,"id":40096579}]}]}
{"op":"mcm","clk":"11762365155","pt":1722529462726,"mc":[{"id":"1.231242460","rc":[{"ltp":1.92,"id":40096590},{"ltp":2.08,"id":40096579}]}]}
{"op":"mcm","clk":"11762372369","pt":1722529522704,"mc":[{"id":"1.231242460","rc":[{"ltp":2.66,"id":40096590},{"ltp":1.59,"id":40096579}]}]}
{"op":"mcm","clk":"11762379278","pt":1722529582728,"mc":[{"id":"1.231242460","rc":[{"ltp":2.4,"id":40096590},{"ltp":1.71,"id":40096579}]}]}
{"op":"mcm","clk":"11762385913","pt":1722529642693,"mc":[{"id":"1.231242460","rc":[{"ltp":2.42,"id":40096590},{"ltp":1.7,"id":40096579}]}]}
{"op":"mcm","clk":"11762392822","pt":1722529702674,"mc":[{"id":"1.231242460","rc":[{"ltp":2.72,"id":40096590},{"ltp":1.58,"id":40096579}]}]}
{"op":"mcm","clk":"11762400064","pt":1722529762736,"mc":[{"id":"1.231242460","rc":[{"ltp":2.2,"id":40096590},{"ltp":1.83,"id":40096579}]}]}
{"op":"mcm","clk":"11762407702","pt":1722529822741,"mc":[{"id":"1.231242460","rc":[{"ltp":1.72,"id":40096590},{"ltp":2.4,"id":40096579}]}]}
{"op":"mcm","clk":"11762415377","pt":1722529882719,"mc":[{"id":"1.231242460","rc":[{"ltp":1.86,"id":40096590},{"ltp":2.12,"id":40096579}]}]}
{"op":"mcm","clk":"11762422176","pt":1722529942697,"mc":[{"id":"1.231242460","rc":[{"ltp":2.14,"id":40096590},{"ltp":1.87,"id":40096579}]}]}
{"op":"mcm","clk":"11762428948","pt":1722530002694,"mc":[{"id":"1.231242460","rc":[{"ltp":1.7,"id":40096590},{"ltp":2.38,"id":40096579}]}]}
{"op":"mcm","clk":"11762435721","pt":1722530062717,"mc":[{"id":"1.231242460","rc":[{"ltp":1.78,"id":40096590},{"ltp":2.28,"id":40096579}]}]}
{"op":"mcm","clk":"11762442949","pt":1722530122711,"mc":[{"id":"1.231242460","rc":[{"ltp":1.67,"id":40096590},{"ltp":2.48,"id":40096579}]}]}
{"op":"mcm","clk":"11762450457","pt":1722530182700,"mc":[{"id":"1.231242460","rc":[{"ltp":1.77,"id":40096590},{"ltp":2.28,"id":40096579}]}]}
{"op":"mcm","clk":"11762457877","pt":1722530242675,"mc":[{"id":"1.231242460","rc":[{"ltp":1.91,"id":40096590},{"ltp":2.08,"id":40096579}]}]}
{"op":"mcm","clk":"11762465471","pt":1722530302701,"mc":[{"id":"1.231242460","rc":[{"ltp":1.72,"id":40096590},{"ltp":2.38,"id":40096579}]}]}
{"op":"mcm","clk":"11762473115","pt":1722530362678,"mc":[{"id":"1.231242460","rc":[{"ltp":1.33,"id":40096590},{"ltp":4.0,"id":40096579}]}]}
{"op":"mcm","clk":"11762481031","pt":1722530422663,"mc":[{"id":"1.231242460","rc":[{"ltp":1.01,"id":40096590},{"ltp":1000.0,"id":40096579}]}]}
{"op":"mcm","clk":"11762488997","pt":1722530482619,"mc":[{"id":"1.231242460","marketDefinition":{"bspMarket":false,"turnInPlayEnabled":true,"persistenceEnabled":true,"marketBaseRate":5.0,"eventId":"33455020","eventTypeId":"4","numberOfWinners":1,"bettingType":"ODDS","marketType":"MATCH_ODDS","marketTime":"2024-08-01T14:00:00.000Z","suspendTime":"2024-08-01T14:00:00.000Z","bspReconciled":false,"complete":true,"inPlay":true,"crossMatching":true,"runnersVoidable":false,"numberOfActiveRunners":2,"betDelay":5,"status":"SUSPENDED","runners":[{"status":"ACTIVE","sortPriority":1,"id":40096579,"name":"Southern Brave Women"},{"status":"ACTIVE","sortPriority":2,"id":40096590,"name":"Manchester Originals Women"}],"regulators":["MR_INT"],"countryCode":"GB","discountAllowed":true,"timezone":"GMT","openDate":"2024-08-01T14:00:00.000Z","version":6050476536,"name":"Match Odds","eventName":"Southern Brave Women v Manchester Originals Women"}}]}
{"op":"mcm","clk":"11762536890","pt":1722530815509,"mc":[{"id":"1.231242460","marketDefinition":{"bspMarket":false,"turnInPlayEnabled":true,"persistenceEnabled":true,"marketBaseRate":5.0,"eventId":"33455020","eventTypeId":"4","numberOfWinners":1,"bettingType":"ODDS","marketType":"MATCH_ODDS","marketTime":"2024-08-01T14:00:00.000Z","suspendTime":"2024-08-01T14:00:00.000Z","bspReconciled":false,"complete":true,"inPlay":true,"crossMatching":false,"runnersVoidable":false,"numberOfActiveRunners":0,"betDelay":5,"status":"CLOSED","settledTime":"2024-08-01T16:45:40.000Z","runners":[{"status":"LOSER","sortPriority":1,"id":40096579,"name":"Southern Brave Women"},{"status":"WINNER","sortPriority":2,"id":40096590,"name":"Manchester Originals Women"}],"regulators":["MR_INT"],"countryCode":"GB","discountAllowed":true,"timezone":"GMT","openDate":"2024-08-01T14:00:00.000Z","version":6050481272,"name":"Match Odds","eventName":"Southern Brave Women v Manchester Originals Women"}}]}
