{"op":"mcm","clk":"11960658070","pt":1724588495132,"mc":[{"id":"1.232265011","marketDefinition":{"bspMarket":false,"turnInPlayEnabled":true,"persistenceEnabled":true,"marketBaseRate":5.0,"eventId":"33525842","eventTypeId":"4","numberOfWinners":1,"bettingType":"ODDS","marketType":"MATCH_ODDS","marketTime":"2024-08-29T23:00:00.000Z","suspendTime":"2024-08-29T23:00:00.000Z","bspReconciled":false,"complete":true,"inPlay":false,"crossMatching":true,"runnersVoidable":false,"numberOfActiveRunners":2,"betDelay":0,"status":"OPEN","runners":[{"status":"ACTIVE","sortPriority":1,"id":73076816,"name":"Antigua And Barbuda Falcons"},{"status":"ACTIVE","sortPriority":2,"id":73076870,"name":"St. Kitts and Nevis"}],"regulators":["MR_INT"],"countryCode":"GB","discountAllowed":true,"timezone":"GMT","openDate":"2024-08-29T23:00:00.000Z","version":6098705369,"name":"Match Odds","eventName":"Antigua And Barbuda Falcons v St. Kitts and Nevis "}}]}
{"op":"mcm","clk":"11968424122","pt":1724673487788,"mc":[{"id":"1.232265011","rc":[{"ltp":1.46,"id":73076816}]}]}
{"op":"mcm","clk":"11972852850","pt":1724709782371,"mc":[{"id":"1.232265011","rc":[{"ltp":1.57,"id":73076816}]}]}
{"op":"mcm","clk":"11972888920","pt":1724710476385,"mc":[{"id":"1.232265011","rc":[{"ltp":1.57,"id":73076870}]}]}
{"op":"mcm","clk":"11973738199","pt":1724729752729,"mc":[{"id":"1.232265011","rc":[{"ltp":1.56,"id":73076870}]}]}
{"op":"mcm","clk":"11973808685","pt":1724732724912,"mc":[{"id":"1.232265011","rc":[{"ltp":1.68,"id":73076870}]}]}
{"op":"mcm","clk":"11973974753","pt":1724741538292,"mc":[{"id":"1.232265011","rc":[{"ltp":1.45,"id":73076870}]}]}
{"op":"mcm","clk":"11975241724","pt":1724763746703,"mc":[{"id":"1.232265011","rc":[{"ltp":2.6,"id":73076816},{"ltp":1.59,"id":73076870}]}]}
{"op":"mcm","clk":"11975700682","pt":1724768949702,"mc":[{"id":"1.232265011","rc":[{"ltp":1.53,"id":73076870}]}]}
{"op":"mcm","clk":"11975707258","pt":1724769027575,"mc":[{"id":"1.232265011","rc":[{"ltp":1.62,"id":73076870}]}]}
{"op":"mcm","clk":"11975715610","pt":1724769123791,"mc":[{"id":"1.232265011","rc":[{"ltp":1.53,"id":73076870}]}]}
{"op":"mcm","clk":"11975728542","pt":1724769271610,"mc":[{"id":"1.232265011","rc":[{"ltp":1.62,"id":73076870}]}]}
{"op":"mcm","clk":"11976158578","pt":1724773171252,"mc":[{"id":"1.232265011","rc":[{"ltp":2.58,"id":73076816},{"ltp":1.63,"id":73076870}]}]}
{"op":"mcm","clk":"11976357900","pt":1724774785440,"mc":[{"id":"1.232265011","rc":[{"ltp":1.64,"id":73076870}]}]}
{"op":"mcm","clk":"11977817928","pt":1724786010772,"mc":[{"id":"1.232265011","rc":[{"ltp":1.63,"id":73076870}]}]}
{"op":"mcm","clk":"11979168474","pt":1724804086406,"mc":[{"id":"1.232265011","rc":[{"ltp":2.56,"id":73076816},{"ltp":1.64,"id":73076870}]}]}
{"op":"mcm","clk":"11979659699","pt":1724815772115,"mc":[{"id":"1.232265011","rc":[{"ltp":1.57,"id":73076870}]}]}
{"op":"mcm","clk":"11979965956","pt":1724825550977,"mc":[{"id":"1.232265011","rc":[{"ltp":1.6,"id":73076870}]}]}
{"op":"mcm","clk":"11979980772","pt":1724825910933,"mc":[{"id":"1.232265011","rc":[{"ltp":1.71,"id":73076870}]}]}
{"op":"mcm","clk":"11979982296","pt":1724825969681,"mc":[{"id":"1.232265011","rc":[{"ltp":1.72,"id":73076870}]}]}
{"op":"mcm","clk":"11980003400","pt":1724826511314,"mc":[{"id":"1.232265011","rc":[{"ltp":1.6,"id":73076870}]}]}
{"op":"mcm","clk":"11980018787","pt":1724826882718,"mc":[{"id":"1.232265011","rc":[{"ltp":2.68,"id":73076816},{"ltp":1.59,"id":73076870}]}]}
{"op":"mcm","clk":"11980762993","pt":1724840723422,"mc":[{"id":"1.232265011","rc":[{"ltp":2.56,"id":73076816},{"ltp":1.64,"id":73076870}]}]}
{"op":"mcm","clk":"11981031950","pt":1724844630876,"mc":[{"id":"1.232265011","rc":[{"ltp":2.5,"id":73076816},{"ltp":1.66,"id":73076870}]}]}
{"op":"mcm","clk":"11981187932","pt":1724847270123,"mc":[{"id":"1.232265011","rc":[{"ltp":2.4,"id":73076816},{"ltp":1.71,"id":73076870}]}]}
{"op":"mcm","clk":"11981228981","pt":1724847971777,"mc":[{"id":"1.232265011","rc":[{"ltp":2.38,"id":73076816}]}]}
{"op":"mcm","clk":"11981299098","pt":1724849071886,"mc":[{"id":"1.232265011","rc":[{"ltp":1.72,"id":73076870}]}]}
{"op":"mcm","clk":"11981450227","pt":1724852005266,"mc":[{"id":"1.232265011","rc":[{"ltp":2.4,"id":73076816},{"ltp":1.71,"id":73076870}]}]}
{"op":"mcm","clk":"11982025720","pt":1724859134814,"mc":[{"id":"1.232265011","rc":[{"ltp":1.61,"id":73076870}]}]}
{"op":"mcm","clk":"11982518348","pt":1724862746634,"mc":[{"id":"1.232265011","rc":[{"ltp":2.38,"id":73076816},{"ltp":1.72,"id":73076870}]}]}
{"op":"mcm","clk":"11982826951","pt":1724865258131,"mc":[{"id":"1.232265011","rc":[{"ltp":1.59,"id":73076870}]}]}
{"op":"mcm","clk":"11982851379","pt":1724865443924,"mc":[{"id":"1.232265011","rc":[{"ltp":1.72,"id":73076870}]}]}
{"op":"mcm","clk":"11983182057","pt":1724868324312,"mc":[{"id":"1.232265011","rc":[{"ltp":2.48,"id":73076816}]}]}
{"op":"mcm","clk":"11983672343","pt":1724872529764,"mc":[{"id":"1.232265011","rc":[{"ltp":2.6,"id":73076816},{"ltp":1.64,"id":73076870}]}]}
{"op":"mcm","clk":"11983727255","pt":1724873010421,"mc":[{"id":"1.232265011","rc":[{"ltp":1.63,"id":73076870}]}]}
{"op":"mcm","clk":"11983858310","pt":1724874266979,"mc":[{"id":"1.232265011","rc":[{"ltp":2.56,"id":73076816},{"ltp":1.65,"id":73076870}]}]}
{"op":"mcm","clk":"11984032545","pt":1724875951641,"mc":[{"id":"1.232265011","rc":[{"ltp":1.64,"id":73076870}]}]}
{"op":"mcm","clk":"11984296900","pt":1724879551233,"mc":[{"id":"1.232265011","rc":[{"ltp":2.36,"id":73076816},{"ltp":1.73,"id":73076870}]}]}
{"op":"mcm","clk":"11984409594","pt":1724881470238,"mc":[{"id":"1.232265011","rc":[{"ltp":2.46,"id":73076816}]}]}
{"op":"mcm","clk":"11985043875","pt":1724893459678,"mc":[{"id":"1.232265011","rc":[{"ltp":2.48,"id":73076816},{"ltp":1.64,"id":73076870}]}]}
{"op":"mcm","clk":"11985480549","pt":1724901090562,"mc":[{"id":"1.232265011","rc":[{"ltp":2.5,"id":73076816},{"ltp":1.66,"id":73076870}]}]}
{"op":"mcm","clk":"11985645652","pt":1724904629356,"mc":[{"id":"1.232265011","rc":[{"ltp":1.68,"id":73076870}]}]}
{"op":"mcm","clk":"11985786173","pt":1724908766723,"mc":[{"id":"1.232265011","rc":[{"ltp":1.67,"id":73076870}]}]}
{"op":"mcm","clk":"11985816717","pt":1724909730270,"mc":[{"id":"1.232265011","rc":[{"ltp":1.66,"id":73076870}]}]}
{"op":"mcm","clk":"11985999899","pt":1724915370008,"mc":[{"id":"1.232265011","rc":[{"ltp":1.63,"id":73076870}]}]}
{"op":"mcm","clk":"11986001965","pt":1724915429971,"mc":[{"id":"1.232265011","rc":[{"ltp":2.52,"id":73076816},{"ltp":1.66,"id":73076870}]}]}
{"op":"mcm","clk":"11986026834","pt":1724916091868,"mc":[{"id":"1.232265011","rc":[{"ltp":2.48,"id":73076816},{"ltp":1.68,"id":73076870}]}]}
{"op":"mcm","clk":"11986037370","pt":1724916329144,"mc":[{"id":"1.232265011","rc":[{"ltp":1.65,"id":73076870}]}]}
{"op":"mcm","clk":"11986039498","pt":1724916374381,"mc":[{"id":"1.232265011","rc":[{"ltp":1.66,"id":73076870}]}]}
{"op":"mcm","clk":"11986219737","pt":1724920221856,"mc":[{"id":"1.232265011","rc":[{"ltp":2.52,"id":73076816}]}]}
{"op":"mcm","clk":"11986230217","pt":1724920437957,"mc":[{"id":"1.232265011","rc":[{"ltp":1.67,"id":73076870}]}]}
{"op":"mcm","clk":"11986236771","pt":1724920579957,"mc":[{"id":"1.232265011","rc":[{"ltp":1.66,"id":73076870}]}]}
{"op":"mcm","clk":"11986371110","pt":1724923318101,"mc":[{"id":"1.232265011","rc":[{"ltp":1.65,"id":73076870}]}]}
{"op":"mcm","clk":"11986376109","pt":1724923410819,"mc":[{"id":"1.232265011","rc":[{"ltp":1.67,"id":73076870}]}]}
{"op":"mcm","clk":"11986438199","pt":1724924450324,"mc":[{"id":"1.232265011","rc":[{"ltp":1.66,"id":73076870}]}]}
{"op":"mcm","clk":"11986512158","pt":1724925210336,"mc":[{"id":"1.232265011","rc":[{"ltp":1.67,"id":73076870}]}]}
{"op":"mcm","clk":"11986602687","pt":1724926382756,"mc":[{"id":"1.232265011","rc":[{"ltp":1.66,"id":73076870}]}]}
{"op":"mcm","clk":"11986651833","pt":1724927004161,"mc":[{"id":"1.232265011","rc":[{"ltp":2.5,"id":73076816}]}]}
{"op":"mcm","clk":"11987099950","pt":1724932886718,"mc":[{"id":"1.232265011","rc":[{"ltp":2.52,"id":73076816}]}]}
{"op":"mcm","clk":"11987272319","pt":1724934991699,"mc":[{"id":"1.232265011","rc":[{"ltp":1.64,"id":73076870}]}]}
{"op":"mcm","clk":"11987386824","pt":1724936369903,"mc":[{"id":"1.232265011","rc":[{"ltp":2.56,"id":73076816}]}]}
{"op":"mcm","clk":"11987497867","pt":1724937929314,"mc":[{"id":"1.232265011","rc":[{"ltp":2.58,"id":73076816}]}]}
{"op":"mcm","clk":"11987500817","pt":1724937975357,"mc":[{"id":"1.232265011","rc":[{"ltp":2.5,"id":73076816},{"ltp":1.68,"id":73076870}]}]}
{"op":"mcm","clk":"11987503384","pt":1724938018507,"mc":[{"id":"1.232265011","rc":[{"ltp":1.66,"id":73076870}]}]}
{"op":"mcm","clk":"11987522085","pt":1724938290614,"mc":[{"id":"1.232265011","rc":[{"ltp":2.38,"id":73076816},{"ltp":1.72,"id":73076870}]}]}
{"op":"mcm","clk":"11987524605","pt":1724938325032,"mc":[{"id":"1.232265011","rc":[{"ltp":2.42,"id":73076816},{"ltp":1.7,"id":73076870}]}]}
{"op":"mcm","clk":"11987557672","pt":1724938767577,"mc":[{"id":"1.232265011","rc":[{"ltp":1.69,"id":73076870}]}]}
{"op":"mcm","clk":"11987582055","pt":1724939125782,"mc":[{"id":"1.232265011","rc":[{"ltp":1.7,"id":73076870}]}]}
{"op":"mcm","clk":"11987583259","pt":1724939141379,"mc":[{"id":"1.232265011","rc":[{"ltp":1.69,"id":73076870}]}]}
{"op":"mcm","clk":"11987595580","pt":1724939306102,"mc":[{"id":"1.232265011","rc":[{"ltp":1.7,"id":73076870}]}]}
{"op":"mcm","clk":"11987631346","pt":1724939791608,"mc":[{"id":"1.232265011","rc":[{"ltp":1.69,"id":73076870}]}]}
{"op":"mcm","clk":"11987638761","pt":1724939906817,"mc":[{"id":"1.232265011","rc":[{"ltp":1.7,"id":73076870}]}]}
{"op":"mcm","clk":"11987651129","pt":1724940076512,"mc":[{"id":"1.232265011","rc":[{"ltp":1.69,"id":73076870}]}]}
{"op":"mcm","clk":"11987683044","pt":1724940441873,"mc":[{"id":"1.232265011","rc":[{"ltp":1.71,"id":73076870}]}]}
{"op":"mcm","clk":"11987696787","pt":1724940616251,"mc":[{"id":"1.232265011","rc":[{"ltp":2.44,"id":73076816},{"ltp":1.69,"id":73076870}]}]}
{"op":"mcm","clk":"11987701761","pt":1724940677550,"mc":[{"id":"1.232265011","rc":[{"ltp":2.42,"id":73076816},{"ltp":1.71,"id":73076870}]}]}
{"op":"mcm","clk":"11987750717","pt":1724941152822,"mc":[{"id":"1.232265011","rc":[{"ltp":2.4,"id":73076816}]}]}
{"op":"mcm","clk":"11987769299","pt":1724941440450,"mc":[{"id":"1.232265011","rc":[{"ltp":1.69,"id":73076870}]}]}
{"op":"mcm","clk":"11987867003","pt":1724942743835,"mc":[{"id":"1.232265011","rc":[{"ltp":2.44,"id":73076816}]}]}
{"op":"mcm","clk":"11987876113","pt":1724942840149,"mc":[{"id":"1.232265011","rc":[{"ltp":1.7,"id":73076870}]}]}
{"op":"mcm","clk":"11987904166","pt":1724943151755,"mc":[{"id":"1.232265011","rc":[{"ltp":2.4,"id":73076816}]}]}
{"op":"mcm","clk":"11987909065","pt":1724943210121,"mc":[{"id":"1.232265011","rc":[{"ltp":1.72,"id":73076870}]}]}
{"op":"mcm","clk":"11987918334","pt":1724943316150,"mc":[{"id":"1.232265011","rc":[{"ltp":1.7,"id":73076870}]}]}
{"op":"mcm","clk":"11987927797","pt":1724943434276,"mc":[{"id":"1.232265011","rc":[{"ltp":1.69,"id":73076870}]}]}
{"op":"mcm","clk":"11987983937","pt":1724944078688,"mc":[{"id":"1.232265011","rc":[{"ltp":2.44,"id":73076816}]}]}
{"op":"mcm","clk":"11988049967","pt":1724944695227,"mc":[{"id":"1.232265011","rc":[{"ltp":1.7,"id":73076870}]}]}
{"op":"mcm","clk":"11988269495","pt":1724946542765,"mc":[{"id":"1.232265011","rc":[{"ltp":2.42,"id":73076816}]}]}
{"op":"mcm","clk":"11988282536","pt":1724946652691,"mc":[{"id":"1.232265011","rc":[{"ltp":2.46,"id":73076816}]}]}
{"op":"mcm","clk":"11988430754","pt":1724947836009,"mc":[{"id":"1.232265011","rc":[{"ltp":1.69,"id":73076870}]}]}
{"op":"mcm","clk":"11988503109","pt":1724948430399,"mc":[{"id":"1.232265011","rc":[{"ltp":1.67,"id":73076870}]}]}
{"op":"mcm","clk":"11988510640","pt":1724948491849,"mc":[{"id":"1.232265011","rc":[{"ltp":2.44,"id":73076816},{"ltp":1.7,"id":73076870}]}]}
{"op":"mcm","clk":"11988520425","pt":1724948574545,"mc":[{"id":"1.232265011","rc":[{"ltp":1.69,"id":73076870}]}]}
{"op":"mcm","clk":"11988529380","pt":1724948653633,"mc":[{"id":"1.232265011","rc":[{"ltp":1.7,"id":73076870}]}]}
{"op":"mcm","clk":"11988536503","pt":1724948719912,"mc":[{"id":"1.232265011","rc":[{"ltp":2.46,"id":73076816}]}]}
{"op":"mcm","clk":"11988544856","pt":1724948795595,"mc":[{"id":"1.232265011","rc":[{"ltp":1.69,"id":73076870}]}]}
{"op":"mcm","clk":"11988563874","pt":1724948955072,"mc":[{"id":"1.232265011","rc":[{"ltp":2.44,"id":73076816},{"ltp":1.7,"id":73076870}]}]}
{"op":"mcm","clk":"11988601478","pt":1724949262220,"mc":[{"id":"1.232265011","rc":[{"ltp":1.71,"id":73076870}]}]}
{"op":"mcm","clk":"11988608765","pt":1724949319383,"mc":[{"id":"1.232265011","rc":[{"ltp":2.38,"id":73076816},{"ltp":1.72,"id":73076870}]}]}
{"op":"mcm","clk":"11988616367","pt":1724949384274,"mc":[{"id":"1.232265011","rc":[{"ltp":1.71,"id":73076870}]}]}
{"op":"mcm","clk":"11988664703","pt":1724949752095,"mc":[{"id":"1.232265011","rc":[{"ltp":2.4,"id":73076816},{"ltp":1.7,"id":73076870}]}]}
{"op":"mcm","clk":"11988671818","pt":1724949809113,"mc":[{"id":"1.232265011","rc":[{"ltp":1.71,"id":73076870}]}]}
{"op":"mcm","clk":"11988678928","pt":1724949869272,"mc":[{"id":"1.232265011","rc":[{"ltp":1.7,"id":73076870}]}]}
{"op":"mcm","clk":"11988710396","pt":1724950109881,"mc":[{"id":"1.232265011","rc":[{"ltp":2.42,"id":73076816},{"ltp":1.71,"id":73076870}]}]}
{"op":"mcm","clk":"11988718366","pt":1724950168765,"mc":[{"id":"1.232265011","rc":[{"ltp":1.69,"id":73076870}]}]}
{"op":"mcm","clk":"11988732032","pt":1724950279407,"mc":[{"id":"1.232265011","rc":[{"ltp":1.7,"id":73076870}]}]}
{"op":"mcm","clk":"11988770024","pt":1724950574237,"mc":[{"id":"1.232265011","rc":[{"ltp":1.69,"id":73076870}]}]}
{"op":"mcm","clk":"11988788463","pt":1724950708267,"mc":[{"id":"1.232265011","rc":[{"ltp":1.7,"id":73076870}]}]}
{"op":"mcm","clk":"11988839409","pt":1724951045275,"mc":[{"id":"1.232265011","rc":[{"ltp":1.69,"id":73076870}]}]}
{"op":"mcm","clk":"11988861833","pt":1724951191633,"mc":[{"id":"1.232265011","rc":[{"ltp":2.46,"id":73076816}]}]}
{"op":"mcm","clk":"11988870448","pt":1724951248994,"mc":[{"id":"1.232265011","rc":[{"ltp":2.44,"id":73076816},{"ltp":1.7,"id":73076870}]}]}
{"op":"mcm","clk":"11988905009","pt":1724951479814,"mc":[{"id":"1.232265011","rc":[{"ltp":1.69,"id":73076870}]}]}
{"op":"mcm","clk":"11988983591","pt":1724951911120,"mc":[{"id":"1.232265011","rc":[{"ltp":1.7,"id":73076870}]}]}
{"op":"mcm","clk":"11989005961","pt":1724952028203,"mc":[{"id":"1.232265011","rc":[{"ltp":2.42,"id":73076816}]}]}
{"op":"mcm","clk":"11989044731","pt":1724952290156,"mc":[{"id":"1.232265011","rc":[{"ltp":1.69,"id":73076870}]}]}
{"op":"mcm","clk":"11989082561","pt":1724952570016,"mc":[{"id":"1.232265011","rc":[{"ltp":1.7,"id":73076870}]}]}
{"op":"mcm","clk":"11989090108","pt":1724952628408,"mc":[{"id":"1.232265011","rc":[{"ltp":2.44,"id":73076816}]}]}
{"op":"mcm","clk":"11989097962","pt":1724952690004,"mc":[{"id":"1.232265011","rc":[{"ltp":2.42,"id":73076816},{"ltp":1.71,"id":73076870}]}]}
{"op":"mcm","clk":"11989114138","pt":1724952812396,"mc":[{"id":"1.232265011","rc":[{"ltp":2.4,"id":73076816}]}]}
{"op":"mcm","clk":"11989130361","pt":1724952929119,"mc":[{"id":"1.232265011","rc":[{"ltp":2.38,"id":73076816}]}]}
{"op":"mcm","clk":"11989229419","pt":1724953639588,"mc":[{"id":"1.232265011","rc":[{"ltp":1.7,"id":73076870}]}]}
{"op":"mcm","clk":"11989236654","pt":1724953690984,"mc":[{"id":"1.232265011","rc":[{"ltp":2.42,"id":73076816}]}]}
{"op":"mcm","clk":"11989261617","pt":1724953866559,"mc":[{"id":"1.232265011","rc":[{"ltp":1.69,"id":73076870}]}]}
{"op":"mcm","clk":"11989273250","pt":1724953949679,"mc":[{"id":"1.232265011","rc":[{"ltp":2.4,"id":73076816},{"ltp":1.71,"id":73076870}]}]}
{"op":"mcm","clk":"11989288489","pt":1724954060600,"mc":[{"id":"1.232265011","rc":[{"ltp":2.44,"id":73076816},{"ltp":1.7,"id":73076870}]}]}
{"op":"mcm","clk":"11989295603","pt":1724954109445,"mc":[{"id":"1.232265011","rc":[{"ltp":1.71,"id":73076870}]}]}
{"op":"mcm","clk":"11989351842","pt":1724954490914,"mc":[{"id":"1.232265011","rc":[{"ltp":1.72,"id":73076870}]}]}
{"op":"mcm","clk":"11989360706","pt":1724954550096,"mc":[{"id":"1.232265011","rc":[{"ltp":2.38,"id":73076816}]}]}
{"op":"mcm","clk":"11989371055","pt":1724954609587,"mc":[{"id":"1.232265011","rc":[{"ltp":2.4,"id":73076816}]}]}
{"op":"mcm","clk":"11989381916","pt":1724954670227,"mc":[{"id":"1.232265011","rc":[{"ltp":1.7,"id":73076870}]}]}
{"op":"mcm","clk":"11989391975","pt":1724954731973,"mc":[{"id":"1.232265011","rc":[{"ltp":2.42,"id":73076816},{"ltp":1.71,"id":73076870}]}]}
{"op":"mcm","clk":"11989423735","pt":1724954915375,"mc":[{"id":"1.232265011","rc":[{"ltp":2.38,"id":73076816}]}]}
{"op":"mcm","clk":"11989444469","pt":1724955029122,"mc":[{"id":"1.232265011","rc":[{"ltp":2.42,"id":73076816}]}]}
{"op":"mcm","clk":"11989455986","pt":1724955090491,"mc":[{"id":"1.232265011","rc":[{"ltp":1.72,"id":73076870}]}]}
{"op":"mcm","clk":"11989488575","pt":1724955271251,"mc":[{"id":"1.232265011","rc":[{"ltp":2.38,"id":73076816},{"ltp":1.71,"id":73076870}]}]}
{"op":"mcm","clk":"11989522501","pt":1724955449224,"mc":[{"id":"1.232265011","rc":[{"ltp":1.72,"id":73076870}]}]}
{"op":"mcm","clk":"11989532588","pt":1724955502351,"mc":[{"id":"1.232265011","rc":[{"ltp":2.36,"id":73076816},{"ltp":1.73,"id":73076870}]}]}
{"op":"mcm","clk":"11989544324","pt":1724955567867,"mc":[{"id":"1.232265011","rc":[{"ltp":1.74,"id":73076870}]}]}
{"op":"mcm","clk":"11989566073","pt":1724955683970,"mc":[{"id":"1.232265011","rc":[{"ltp":1.73,"id":73076870}]}]}
{"op":"mcm","clk":"11989579061","pt":1724955751020,"mc":[{"id":"1.232265011","rc":[{"ltp":1.75,"id":73076870}]}]}
{"op":"mcm","clk":"11989590740","pt":1724955810741,"mc":[{"id":"1.232265011","rc":[{"ltp":2.26,"id":73076816},{"ltp":1.8,"id":73076870}]}]}
{"op":"mcm","clk":"11989613762","pt":1724955929010,"mc":[{"id":"1.232265011","rc":[{"ltp":1.77,"id":73076870}]}]}
{"op":"mcm","clk":"11989625216","pt":1724955991068,"mc":[{"id":"1.232265011","rc":[{"ltp":2.28,"id":73076816},{"ltp":1.79,"id":73076870}]}]}
{"op":"mcm","clk":"11989635567","pt":1724956048033,"mc":[{"id":"1.232265011","rc":[{"ltp":2.24,"id":73076816},{"ltp":1.78,"id":73076870}]}]}
{"op":"mcm","clk":"11989646964","pt":1724956109773,"mc":[{"id":"1.232265011","rc":[{"ltp":2.3,"id":73076816}]}]}
{"op":"mcm","clk":"11989679063","pt":1724956277277,"mc":[{"id":"1.232265011","rc":[{"ltp":1.77,"id":73076870}]}]}
{"op":"mcm","clk":"11989693385","pt":1724956350970,"mc":[{"id":"1.232265011","rc":[{"ltp":1.78,"id":73076870}]}]}
{"op":"mcm","clk":"11989759250","pt":1724956698922,"mc":[{"id":"1.232265011","rc":[{"ltp":2.28,"id":73076816}]}]}
{"op":"mcm","clk":"11989794377","pt":1724956888832,"mc":[{"id":"1.232265011","rc":[{"ltp":1.79,"id":73076870}]}]}
{"op":"mcm","clk":"11989804499","pt":1724956947798,"mc":[{"id":"1.232265011","rc":[{"ltp":1.78,"id":73076870}]}]}
{"op":"mcm","clk":"11989840232","pt":1724957066265,"mc":[{"id":"1.232265011","rc":[{"ltp":1.79,"id":73076870}]}]}
{"op":"mcm","clk":"11989850898","pt":1724957129666,"mc":[{"id":"1.232265011","rc":[{"ltp":2.26,"id":73076816},{"ltp":1.8,"id":73076870}]}]}
{"op":"mcm","clk":"11989861266","pt":1724957190312,"mc":[{"id":"1.232265011","rc":[{"ltp":1.78,"id":73076870}]}]}
{"op":"mcm","clk":"11989869477","pt":1724957237162,"mc":[{"id":"1.232265011","rc":[{"ltp":1.79,"id":73076870}]}]}
{"op":"mcm","clk":"11989898616","pt":1724957418789,"mc":[{"id":"1.232265011","rc":[{"ltp":2.24,"id":73076816},{"ltp":1.8,"id":73076870}]}]}
{"op":"mcm","clk":"11989917646","pt":1724957550856,"mc":[{"id":"1.232265011","rc":[{"ltp":2.28,"id":73076816}]}]}
{"op":"mcm","clk":"11989947624","pt":1724957791322,"mc":[{"id":"1.232265011","rc":[{"ltp":2.22,"id":73076816},{"ltp":1.79,"id":73076870}]}]}
{"op":"mcm","clk":"11989966189","pt":1724957952153,"mc":[{"id":"1.232265011","rc":[{"ltp":2.28,"id":73076816}]}]}
{"op":"mcm","clk":"11989982618","pt":1724958076690,"mc":[{"id":"1.232265011","rc":[{"ltp":2.22,"id":73076816},{"ltp":1.81,"id":73076870}]}]}
{"op":"mcm","clk":"11990010775","pt":1724958268609,"mc":[{"id":"1.232265011","rc":[{"ltp":2.24,"id":73076816}]}]}
{"op":"mcm","clk":"11990067486","pt":1724958623317,"mc":[{"id":"1.232265011","rc":[{"ltp":1.79,"id":73076870}]}]}
{"op":"mcm","clk":"11990078593","pt":1724958691736,"mc":[{"id":"1.232265011","rc":[{"ltp":1.77,"id":73076870}]}]}
{"op":"mcm","clk":"11990085215","pt":1724958733101,"mc":[{"id":"1.232265011","rc":[{"ltp":2.26,"id":73076816},{"ltp":1.8,"id":73076870}]}]}
{"op":"mcm","clk":"11990158618","pt":1724959167405,"mc":[{"id":"1.232265011","rc":[{"ltp":2.24,"id":73076816},{"ltp":1.81,"id":73076870}]}]}
{"op":"mcm","clk":"11990169107","pt":1724959227943,"mc":[{"id":"1.232265011","rc":[{"ltp":1.82,"id":73076870}]}]}
{"op":"mcm","clk":"11990180065","pt":1724959291404,"mc":[{"id":"1.232265011","rc":[{"ltp":2.22,"id":73076816},{"ltp":1.8,"id":73076870}]}]}
{"op":"mcm","clk":"11990188350","pt":1724959338880,"mc":[{"id":"1.232265011","rc":[{"ltp":2.24,"id":73076816},{"ltp":1.81,"id":73076870}]}]}
{"op":"mcm","clk":"11990227416","pt":1724959580521,"mc":[{"id":"1.232265011","rc":[{"ltp":1.8,"id":73076870}]}]}
{"op":"mcm","clk":"11990278042","pt":1724959889034,"mc":[{"id":"1.232265011","rc":[{"ltp":2.3,"id":73076816},{"ltp":1.77,"id":73076870}]}]}
{"op":"mcm","clk":"11990295116","pt":1724959994179,"mc":[{"id":"1.232265011","rc":[{"ltp":1.78,"id":73076870}]}]}
{"op":"mcm","clk":"11990307210","pt":1724960069096,"mc":[{"id":"1.232265011","rc":[{"ltp":1.76,"id":73076870}]}]}
{"op":"mcm","clk":"11990317014","pt":1724960130980,"mc":[{"id":"1.232265011","rc":[{"ltp":2.32,"id":73076816}]}]}
{"op":"mcm","clk":"11990362463","pt":1724960425756,"mc":[{"id":"1.232265011","rc":[{"ltp":2.3,"id":73076816},{"ltp":1.77,"id":73076870}]}]}
{"op":"mcm","clk":"11990378881","pt":1724960537257,"mc":[{"id":"1.232265011","rc":[{"ltp":1.76,"id":73076870}]}]}
{"op":"mcm","clk":"11990432463","pt":1724960911785,"mc":[{"id":"1.232265011","rc":[{"ltp":1.74,"id":73076870}]}]}
{"op":"mcm","clk":"11990438243","pt":1724960959805,"mc":[{"id":"1.232265011","rc":[{"ltp":2.38,"id":73076816},{"ltp":1.73,"id":73076870}]}]}
{"op":"mcm","clk":"11990494708","pt":1724961451052,"mc":[{"id":"1.232265011","rc":[{"ltp":2.36,"id":73076816}]}]}
{"op":"mcm","clk":"11990498869","pt":1724961491179,"mc":[{"id":"1.232265011","rc":[{"ltp":1.74,"id":73076870}]}]}
{"op":"mcm","clk":"11990528937","pt":1724961796922,"mc":[{"id":"1.232265011","rc":[{"ltp":1.75,"id":73076870}]}]}
{"op":"mcm","clk":"11990535817","pt":1724961869706,"mc":[{"id":"1.232265011","rc":[{"ltp":1.74,"id":73076870}]}]}
{"op":"mcm","clk":"11990540260","pt":1724961918630,"mc":[{"id":"1.232265011","rc":[{"ltp":2.34,"id":73076816},{"ltp":1.75,"id":73076870}]}]}
{"op":"mcm","clk":"11990547184","pt":1724961989557,"mc":[{"id":"1.232265011","rc":[{"ltp":2.3,"id":73076816},{"ltp":1.74,"id":73076870}]}]}
{"op":"mcm","clk":"11990559120","pt":1724962108645,"mc":[{"id":"1.232265011","rc":[{"ltp":2.32,"id":73076816},{"ltp":1.75,"id":73076870}]}]}
{"op":"mcm","clk":"11990564698","pt":1724962171486,"mc":[{"id":"1.232265011","rc":[{"ltp":1.73,"id":73076870}]}]}
{"op":"mcm","clk":"11990570302","pt":1724962230366,"mc":[{"id":"1.232265011","rc":[{"ltp":1.75,"id":73076870}]}]}
{"op":"mcm","clk":"11990602490","pt":1724962402032,"mc":[{"id":"1.232265011","rc":[{"ltp":1.74,"id":73076870}]}]}
{"op":"mcm","clk":"11990609636","pt":1724962471714,"mc":[{"id":"1.232265011","rc":[{"ltp":2.34,"id":73076816},{"ltp":1.73,"id":73076870}]}]}
{"op":"mcm","clk":"11990613243","pt":1724962507875,"mc":[{"id":"1.232265011","rc":[{"ltp":1.74,"id":73076870}]}]}
{"op":"mcm","clk":"11990623665","pt":1724962620044,"mc":[{"id":"1.232265011","rc":[{"ltp":1.73,"id":73076870}]}]}
{"op":"mcm","clk":"11990630798","pt":1724962704423,"mc":[{"id":"1.232265011","rc":[{"ltp":1.74,"id":73076870}]}]}
{"op":"mcm","clk":"11990644639","pt":1724962879901,"mc":[{"id":"1.232265011","rc":[{"ltp":1.75,"id":73076870}]}]}
{"op":"mcm","clk":"11990653895","pt":1724962996061,"mc":[{"id":"1.232265011","rc":[{"ltp":2.3,"id":73076816},{"ltp":1.76,"id":73076870}]}]}
{"op":"mcm","clk":"11990663753","pt":1724963113624,"mc":[{"id":"1.232265011","rc":[{"ltp":1.75,"id":73076870}]}]}
{"op":"mcm","clk":"11990676969","pt":1724963286690,"mc":[{"id":"1.232265011","rc":[{"ltp":1.74,"id":73076870}]}]}
{"op":"mcm","clk":"11990682036","pt":1724963361541,"mc":[{"id":"1.232265011","rc":[{"ltp":1.75,"id":73076870}]}]}
{"op":"mcm","clk":"11990695281","pt":1724963535590,"mc":[{"id":"1.232265011","rc":[{"ltp":1.74,"id":73076870}]}]}
{"op":"mcm","clk":"11990704904","pt":1724963658946,"mc":[{"id":"1.232265011","rc":[{"ltp":1.76,"id":73076870}]}]}
{"op":"mcm","clk":"11990712696","pt":1724963762305,"mc":[{"id":"1.232265011","rc":[{"ltp":1.75,"id":73076870}]}]}
{"op":"mcm","clk":"11990717719","pt":1724963828474,"mc":[{"id":"1.232265011","rc":[{"ltp":1.76,"id":73076870}]}]}
{"op":"mcm","clk":"11990723694","pt":1724963910277,"mc":[{"id":"1.232265011","rc":[{"ltp":1.75,"id":73076870}]}]}
{"op":"mcm","clk":"11990732074","pt":1724964024205,"mc":[{"id":"1.232265011","rc":[{"ltp":1.76,"id":73076870}]}]}
{"op":"mcm","clk":"11990736838","pt":1724964092034,"mc":[{"id":"1.232265011","rc":[{"ltp":1.77,"id":73076870}]}]}
{"op":"mcm","clk":"11990739722","pt":1724964131790,"mc":[{"id":"1.232265011","rc":[{"ltp":1.74,"id":73076870}]}]}
{"op":"mcm","clk":"11990744355","pt":1724964200362,"mc":[{"id":"1.232265011","rc":[{"ltp":2.34,"id":73076816},{"ltp":1.73,"id":73076870}]}]}
{"op":"mcm","clk":"11990772163","pt":1724964671754,"mc":[{"id":"1.232265011","rc":[{"ltp":1.74,"id":73076870}]}]}
{"op":"mcm","clk":"11990776912","pt":1724964756134,"mc":[{"id":"1.232265011","rc":[{"ltp":1.73,"id":73076870}]}]}
{"op":"mcm","clk":"11990793094","pt":1724965088148,"mc":[{"id":"1.232265011","rc":[{"ltp":1.74,"id":73076870}]}]}
{"op":"mcm","clk":"11990796744","pt":1724965166318,"mc":[{"id":"1.232265011","rc":[{"ltp":2.32,"id":73076816}]}]}
{"op":"mcm","clk":"11990799740","pt":1724965226638,"mc":[{"id":"1.232265011","rc":[{"ltp":1.75,"id":73076870}]}]}
{"op":"mcm","clk":"11990810275","pt":1724965428758,"mc":[{"id":"1.232265011","rc":[{"ltp":1.74,"id":73076870}]}]}
{"op":"mcm","clk":"11990824106","pt":1724965760213,"mc":[{"id":"1.232265011","rc":[{"ltp":2.36,"id":73076816}]}]}
{"op":"mcm","clk":"11990832199","pt":1724965935672,"mc":[{"id":"1.232265011","rc":[{"ltp":2.32,"id":73076816}]}]}
{"op":"mcm","clk":"11990847846","pt":1724966249632,"mc":[{"id":"1.232265011","rc":[{"ltp":1.75,"id":73076870}]}]}
{"op":"mcm","clk":"11990850459","pt":1724966309512,"mc":[{"id":"1.232265011","rc":[{"ltp":2.34,"id":73076816},{"ltp":1.73,"id":73076870}]}]}
{"op":"mcm","clk":"11990855838","pt":1724966428748,"mc":[{"id":"1.232265011","rc":[{"ltp":1.74,"id":73076870}]}]}
{"op":"mcm","clk":"11990860699","pt":1724966549497,"mc":[{"id":"1.232265011","rc":[{"ltp":1.78,"id":73076870}]}]}
{"op":"mcm","clk":"11990863335","pt":1724966610305,"mc":[{"id":"1.232265011","rc":[{"ltp":1.76,"id":73076870}]}]}
{"op":"mcm","clk":"11990865531","pt":1724966664164,"mc":[{"id":"1.232265011","rc":[{"ltp":2.28,"id":73076816},{"ltp":1.78,"id":73076870}]}]}
{"op":"mcm","clk":"11990868298","pt":1724966727427,"mc":[{"id":"1.232265011","rc":[{"ltp":1.76,"id":73076870}]}]}
{"op":"mcm","clk":"11990873325","pt":1724966843475,"mc":[{"id":"1.232265011","rc":[{"ltp":2.32,"id":73076816},{"ltp":1.75,"id":73076870}]}]}
{"op":"mcm","clk":"11990882845","pt":1724967025746,"mc":[{"id":"1.232265011","rc":[{"ltp":1.73,"id":73076870}]}]}
{"op":"mcm","clk":"11990914256","pt":1724967569741,"mc":[{"id":"1.232265011","rc":[{"ltp":2.3,"id":73076816},{"ltp":1.75,"id":73076870}]}]}
{"op":"mcm","clk":"11990917670","pt":1724967630314,"mc":[{"id":"1.232265011","rc":[{"ltp":1.74,"id":73076870}]}]}
{"op":"mcm","clk":"11990923549","pt":1724967742116,"mc":[{"id":"1.232265011","rc":[{"ltp":1.76,"id":73076870}]}]}
{"op":"mcm","clk":"11990944364","pt":1724967853850,"mc":[{"id":"1.232265011","rc":[{"ltp":1.74,"id":73076870}]}]}
{"op":"mcm","clk":"11990953554","pt":1724968036864,"mc":[{"id":"1.232265011","rc":[{"ltp":1.75,"id":73076870}]}]}
{"op":"mcm","clk":"11990956630","pt":1724968093612,"mc":[{"id":"1.232265011","rc":[{"ltp":2.32,"id":73076816}]}]}
{"op":"mcm","clk":"11990961839","pt":1724968197122,"mc":[{"id":"1.232265011","rc":[{"ltp":1.74,"id":73076870}]}]}
{"op":"mcm","clk":"11990971657","pt":1724968393747,"mc":[{"id":"1.232265011","rc":[{"ltp":1.75,"id":73076870}]}]}
{"op":"mcm","clk":"11990974587","pt":1724968450424,"mc":[{"id":"1.232265011","rc":[{"ltp":1.74,"id":73076870}]}]}
{"op":"mcm","clk":"11990989874","pt":1724968719509,"mc":[{"id":"1.232265011","rc":[{"ltp":1.75,"id":73076870}]}]}
{"op":"mcm","clk":"11991003346","pt":1724968933776,"mc":[{"id":"1.232265011","rc":[{"ltp":1.74,"id":73076870}]}]}
{"op":"mcm","clk":"11991012943","pt":1724969090950,"mc":[{"id":"1.232265011","rc":[{"ltp":1.75,"id":73076870}]}]}
{"op":"mcm","clk":"11991018191","pt":1724969167541,"mc":[{"id":"1.232265011","rc":[{"ltp":1.74,"id":73076870}]}]}
{"op":"mcm","clk":"11991026062","pt":1724969297195,"mc":[{"id":"1.232265011","rc":[{"ltp":1.73,"id":73076870}]}]}
{"op":"mcm","clk":"11991030137","pt":1724969365391,"mc":[{"id":"1.232265011","rc":[{"ltp":2.34,"id":73076816}]}]}
{"op":"mcm","clk":"11991036641","pt":1724969483102,"mc":[{"id":"1.232265011","rc":[{"ltp":2.36,"id":73076816}]}]}
{"op":"mcm","clk":"11991040026","pt":1724969538663,"mc":[{"id":"1.232265011","rc":[{"ltp":1.74,"id":73076870}]}]}
{"op":"mcm","clk":"11991043848","pt":1724969606112,"mc":[{"id":"1.232265011","rc":[{"ltp":1.73,"id":73076870}]}]}
{"op":"mcm","clk":"11991050375","pt":1724969727172,"mc":[{"id":"1.232265011","rc":[{"ltp":1.74,"id":73076870}]}]}
{"op":"mcm","clk":"11991055321","pt":1724969817721,"mc":[{"id":"1.232265011","rc":[{"ltp":1.73,"id":73076870}]}]}
{"op":"mcm","clk":"11991063087","pt":1724969963386,"mc":[{"id":"1.232265011","rc":[{"ltp":1.74,"id":73076870}]}]}
{"op":"mcm","clk":"11991069893","pt":1724970089419,"mc":[{"id":"1.232265011","rc":[{"ltp":2.34,"id":73076816},{"ltp":1.75,"id":73076870}]}]}
{"op":"mcm","clk":"11991075767","pt":1724970202946,"mc":[{"id":"1.232265011","rc":[{"ltp":1.74,"id":73076870}]}]}
{"op":"mcm","clk":"11991078723","pt":1724970263022,"mc":[{"id":"1.232265011","rc":[{"ltp":1.73,"id":73076870}]}]}
{"op":"mcm","clk":"11991082103","pt":1724970328184,"mc":[{"id":"1.232265011","rc":[{"ltp":1.75,"id":73076870}]}]}
{"op":"mcm","clk":"11991085605","pt":1724970391754,"mc":[{"id":"1.232265011","rc":[{"ltp":1.73,"id":73076870}]}]}
{"op":"mcm","clk":"11991091648","pt":1724970511808,"mc":[{"id":"1.232265011","rc":[{"ltp":1.75,"id":73076870}]}]}
{"op":"mcm","clk":"11991094737","pt":1724970558960,"mc":[{"id":"1.232265011","rc":[{"ltp":1.74,"id":73076870}]}]}
{"op":"mcm","clk":"11991097897","pt":1724970623421,"mc":[{"id":"1.232265011","rc":[{"ltp":1.76,"id":73076870}]}]}
{"op":"mcm","clk":"11991104055","pt":1724970750645,"mc":[{"id":"1.232265011","rc":[{"ltp":1.78,"id":73076870}]}]}
{"op":"mcm","clk":"11991107229","pt":1724970800380,"mc":[{"id":"1.232265011","rc":[{"ltp":1.79,"id":73076870}]}]}
{"op":"mcm","clk":"11991110982","pt":1724970861715,"mc":[{"id":"1.232265011","rc":[{"ltp":1.73,"id":73076870}]}]}
{"op":"mcm","clk":"11991114656","pt":1724970922695,"mc":[{"id":"1.232265011","rc":[{"ltp":2.3,"id":73076816}]}]}
{"op":"mcm","clk":"11991127634","pt":1724971171257,"mc":[{"id":"1.232265011","rc":[{"ltp":2.36,"id":73076816},{"ltp":1.72,"id":73076870}]}]}
{"op":"mcm","clk":"11991130851","pt":1724971231736,"mc":[{"id":"1.232265011","rc":[{"ltp":2.46,"id":73076816},{"ltp":1.69,"id":73076870}]}]}
{"op":"mcm","clk":"11991136581","pt":1724971346844,"mc":[{"id":"1.232265011","rc":[{"ltp":1.7,"id":73076870}]}]}
{"op":"mcm","clk":"11991139168","pt":1724971396581,"mc":[{"id":"1.232265011","rc":[{"ltp":2.44,"id":73076816}]}]}
{"op":"mcm","clk":"11991149723","pt":1724971590642,"mc":[{"id":"1.232265011","rc":[{"ltp":2.42,"id":73076816},{"ltp":1.69,"id":73076870}]}]}
{"op":"mcm","clk":"11991152642","pt":1724971650335,"mc":[{"id":"1.232265011","rc":[{"ltp":2.46,"id":73076816},{"ltp":1.66,"id":73076870}]}]}
{"op":"mcm","clk":"11991155601","pt":1724971711822,"mc":[{"id":"1.232265011","rc":[{"ltp":1.65,"id":73076870}]}]}
{"op":"mcm","clk":"11991158803","pt":1724971771963,"mc":[{"id":"1.232265011","rc":[{"ltp":2.42,"id":73076816},{"ltp":1.71,"id":73076870}]}]}
{"op":"mcm","clk":"11991161647","pt":1724971829272,"mc":[{"id":"1.232265011","rc":[{"ltp":2.48,"id":73076816},{"ltp":1.65,"id":73076870}]}]}
{"op":"mcm","clk":"11991164833","pt":1724971889716,"mc":[{"id":"1.232265011","rc":[{"ltp":2.5,"id":73076816}]}]}
{"op":"mcm","clk":"11991168314","pt":1724971949988,"mc":[{"id":"1.232265011","rc":[{"ltp":1.67,"id":73076870}]}]}
{"op":"mcm","clk":"11991171451","pt":1724972010665,"mc":[{"id":"1.232265011","rc":[{"ltp":2.52,"id":73076816}]}]}
{"op":"mcm","clk":"11991174716","pt":1724972070555,"mc":[{"id":"1.232265011","rc":[{"ltp":2.46,"id":73076816},{"ltp":1.68,"id":73076870}]}]}
{"op":"mcm","clk":"11991177778","pt":1724972131395,"mc":[{"id":"1.232265011","rc":[{"ltp":1.67,"id":73076870}]}]}
{"op":"mcm","clk":"11991180675","pt":1724972191777,"mc":[{"id":"1.232265011","rc":[{"ltp":1.65,"id":73076870}]}]}
{"op":"mcm","clk":"11991184045","pt":1724972252061,"mc":[{"id":"1.232265011","rc":[{"ltp":1.69,"id":73076870}]}]}
{"op":"mcm","clk":"11991187227","pt":1724972312047,"mc":[{"id":"1.232265011","rc":[{"ltp":2.48,"id":73076816},{"ltp":1.67,"id":73076870}]}]}
{"op":"mcm","clk":"11991190472","pt":1724972371825,"mc":[{"id":"1.232265011","rc":[{"ltp":1.69,"id":73076870}]}]}
{"op":"mcm","clk":"11991194115","pt":1724972431471,"mc":[{"id":"1.232265011","marketDefinition":{"bspMarket":false,"turnInPlayEnabled":true,"persistenceEnabled":true,"marketBaseRate":5.0,"eventId":"33525842","eventTypeId":"4","numberOfWinners":1,"bettingType":"ODDS","marketType":"MATCH_ODDS","marketTime":"2024-08-29T23:00:00.000Z","suspendTime":"2024-08-29T23:00:00.000Z","bspReconciled":false,"complete":true,"inPlay":true,"crossMatching":true,"runnersVoidable":false,"numberOfActiveRunners":2,"betDelay":5,"status":"OPEN","runners":[{"status":"ACTIVE","sortPriority":1,"id":73076816,"name":"Antigua And Barbuda Falcons"},{"status":"ACTIVE","sortPriority":2,"id":73076870,"name":"St. Kitts and Nevis"}],"regulators":["MR_INT"],"countryCode":"GB","discountAllowed":true,"timezone":"GMT","openDate":"2024-08-29T23:00:00.000Z","version":6107254849,"name":"Match Odds","eventName":"Antigua And Barbuda Falcons v St. Kitts and Nevis "},"rc":[{"ltp":2.44,"id":73076816}]}]}
{"op":"mcm","clk":"11991197623","pt":1724972490474,"mc":[{"id":"1.232265011","rc":[{"ltp":2.46,"id":73076816},{"ltp":1.66,"id":73076870}]}]}
{"op":"mcm","clk":"11991201330","pt":1724972551840,"mc":[{"id":"1.232265011","rc":[{"ltp":2.38,"id":73076816},{"ltp":1.72,"id":73076870}]}]}
{"op":"mcm","clk":"11991204752","pt":1724972606106,"mc":[{"id":"1.232265011","rc":[{"ltp":2.42,"id":73076816},{"ltp":1.68,"id":73076870}]}]}
{"op":"mcm","clk":"11991208823","pt":1724972670463,"mc":[{"id":"1.232265011","rc":[{"ltp":1.7,"id":73076870}]}]}
{"op":"mcm","clk":"11991216366","pt":1724972790446,"mc":[{"id":"1.232265011","rc":[{"ltp":2.4,"id":73076816},{"ltp":1.71,"id":73076870}]}]}
{"op":"mcm","clk":"11991219893","pt":1724972844715,"mc":[{"id":"1.232265011","rc":[{"ltp":1.7,"id":73076870}]}]}
{"op":"mcm","clk":"11991224044","pt":1724972908108,"mc":[{"id":"1.232265011","rc":[{"ltp":1.67,"id":73076870}]}]}
{"op":"mcm","clk":"11991232426","pt":1724973031454,"mc":[{"id":"1.232265011","rc":[{"ltp":1.71,"id":73076870}]}]}
{"op":"mcm","clk":"11991236319","pt":1724973090786,"mc":[{"id":"1.232265011","rc":[{"ltp":1.68,"id":73076870}]}]}
{"op":"mcm","clk":"11991239624","pt":1724973150075,"mc":[{"id":"1.232265011","rc":[{"ltp":1.72,"id":73076870}]}]}
{"op":"mcm","clk":"11991258257","pt":1724973207832,"mc":[{"id":"1.232265011","rc":[{"ltp":1.7,"id":73076870}]}]}
{"op":"mcm","clk":"11991262213","pt":1724973271565,"mc":[{"id":"1.232265011","rc":[{"ltp":1.67,"id":73076870}]}]}
{"op":"mcm","clk":"11991266184","pt":1724973331976,"mc":[{"id":"1.232265011","rc":[{"ltp":2.5,"id":73076816},{"ltp":1.62,"id":73076870}]}]}
{"op":"mcm","clk":"11991270016","pt":1724973389333,"mc":[{"id":"1.232265011","rc":[{"ltp":2.68,"id":73076816},{"ltp":1.6,"id":73076870}]}]}
{"op":"mcm","clk":"11991274032","pt":1724973452067,"mc":[{"id":"1.232265011","rc":[{"ltp":1.59,"id":73076870}]}]}
{"op":"mcm","clk":"11991278204","pt":1724973511919,"mc":[{"id":"1.232265011","rc":[{"ltp":2.76,"id":73076816},{"ltp":1.57,"id":73076870}]}]}
{"op":"mcm","clk":"11991282436","pt":1724973571052,"mc":[{"id":"1.232265011","rc":[{"ltp":2.72,"id":73076816},{"ltp":1.58,"id":73076870}]}]}
{"op":"mcm","clk":"11991286874","pt":1724973631346,"mc":[{"id":"1.232265011","rc":[{"ltp":2.68,"id":73076816},{"ltp":1.59,"id":73076870}]}]}
{"op":"mcm","clk":"11991291244","pt":1724973690588,"mc":[{"id":"1.232265011","rc":[{"ltp":2.62,"id":73076816},{"ltp":1.62,"id":73076870}]}]}
{"op":"mcm","clk":"11991295353","pt":1724973749071,"mc":[{"id":"1.232265011","rc":[{"ltp":2.66,"id":73076816},{"ltp":1.59,"id":73076870}]}]}
{"op":"mcm","clk":"11991299705","pt":1724973811825,"mc":[{"id":"1.232265011","rc":[{"ltp":2.68,"id":73076816},{"ltp":1.57,"id":73076870}]}]}
{"op":"mcm","clk":"11991303881","pt":1724973871786,"mc":[{"id":"1.232265011","rc":[{"ltp":2.92,"id":73076816},{"ltp":1.52,"id":73076870}]}]}
{"op":"mcm","clk":"11991307824","pt":1724973929726,"mc":[{"id":"1.232265011","rc":[{"ltp":2.84,"id":73076816},{"ltp":1.53,"id":73076870}]}]}
{"op":"mcm","clk":"11991311925","pt":1724973990999,"mc":[{"id":"1.232265011","rc":[{"ltp":2.74,"id":73076816},{"ltp":1.57,"id":73076870}]}]}
{"op":"mcm","clk":"11991316383","pt":1724974051967,"mc":[{"id":"1.232265011","rc":[{"ltp":2.84,"id":73076816},{"ltp":1.54,"id":73076870}]}]}
{"op":"mcm","clk":"11991320455","pt":1724974111743,"mc":[{"id":"1.232265011","rc":[{"ltp":2.88,"id":73076816},{"ltp":1.53,"id":73076870}]}]}
{"op":"mcm","clk":"11991323839","pt":1724974170302,"mc":[{"id":"1.232265011","rc":[{"ltp":3.0,"id":73076816},{"ltp":1.52,"id":73076870}]}]}
{"op":"mcm","clk":"11991328165","pt":1724974230132,"mc":[{"id":"1.232265011","rc":[{"ltp":2.88,"id":73076816}]}]}
{"op":"mcm","clk":"11991332689","pt":1724974291388,"mc":[{"id":"1.232265011","rc":[{"ltp":1.53,"id":73076870}]}]}
{"op":"mcm","clk":"11991337064","pt":1724974351455,"mc":[{"id":"1.232265011","rc":[{"ltp":2.78,"id":73076816},{"ltp":1.55,"id":73076870}]}]}
{"op":"mcm","clk":"11991346118","pt":1724974471463,"mc":[{"id":"1.232265011","rc":[{"ltp":2.72,"id":73076816},{"ltp":1.58,"id":73076870}]}]}
{"op":"mcm","clk":"11991350816","pt":1724974531460,"mc":[{"id":"1.232265011","rc":[{"ltp":2.74,"id":73076816},{"ltp":1.57,"id":73076870}]}]}
{"op":"mcm","clk":"11991355415","pt":1724974590197,"mc":[{"id":"1.232265011","rc":[{"ltp":2.72,"id":73076816}]}]}
{"op":"mcm","clk":"11991360215","pt":1724974652072,"mc":[{"id":"1.232265011","rc":[{"ltp":2.68,"id":73076816},{"ltp":1.59,"id":73076870}]}]}
{"op":"mcm","clk":"11991364427","pt":1724974712090,"mc":[{"id":"1.232265011","rc":[{"ltp":1.58,"id":73076870}]}]}
{"op":"mcm","clk":"11991372348","pt":1724974830447,"mc":[{"id":"1.232265011","rc":[{"ltp":1.6,"id":73076870}]}]}
{"op":"mcm","clk":"11991376897","pt":1724974890306,"mc":[{"id":"1.232265011","rc":[{"ltp":2.62,"id":73076816}]}]}
{"op":"mcm","clk":"11991381252","pt":1724974951776,"mc":[{"id":"1.232265011","rc":[{"ltp":1.62,"id":73076870}]}]}
{"op":"mcm","clk":"11991385620","pt":1724975012085,"mc":[{"id":"1.232265011","rc":[{"ltp":2.56,"id":73076816},{"ltp":1.63,"id":73076870}]}]}
{"op":"mcm","clk":"11991390584","pt":1724975071849,"mc":[{"id":"1.232265011","rc":[{"ltp":2.6,"id":73076816}]}]}
{"op":"mcm","clk":"11991395375","pt":1724975131526,"mc":[{"id":"1.232265011","rc":[{"ltp":2.54,"id":73076816},{"ltp":1.64,"id":73076870}]}]}
{"op":"mcm","clk":"11991400222","pt":1724975191908,"mc":[{"id":"1.232265011","rc":[{"ltp":2.5,"id":73076816},{"ltp":1.66,"id":73076870}]}]}
{"op":"mcm","clk":"11991408538","pt":1724975311602,"mc":[{"id":"1.232265011","rc":[{"ltp":2.48,"id":73076816}]}]}
{"op":"mcm","clk":"11991412499","pt":1724975371360,"mc":[{"id":"1.232265011","rc":[{"ltp":1.65,"id":73076870}]}]}
{"op":"mcm","clk":"11991416344","pt":1724975431547,"mc":[{"id":"1.232265011","rc":[{"ltp":2.52,"id":73076816}]}]}
{"op":"mcm","clk":"11991419863","pt":1724975491917,"mc":[{"id":"1.232265011","rc":[{"ltp":1.67,"id":73076870}]}]}
{"op":"mcm","clk":"11991423428","pt":1724975550964,"mc":[{"id":"1.232265011","rc":[{"ltp":1.65,"id":73076870}]}]}
{"op":"mcm","clk":"11991427024","pt":1724975610663,"mc":[{"id":"1.232265011","rc":[{"ltp":2.58,"id":73076816},{"ltp":1.64,"id":73076870}]}]}
{"op":"mcm","clk":"11991430915","pt":1724975671416,"mc":[{"id":"1.232265011","rc":[{"ltp":2.54,"id":73076816},{"ltp":1.66,"id":73076870}]}]}
{"op":"mcm","clk":"11991434828","pt":1724975731954,"mc":[{"id":"1.232265011","rc":[{"ltp":2.52,"id":73076816},{"ltp":1.67,"id":73076870}]}]}
{"op":"mcm","clk":"11991437962","pt":1724975791338,"mc":[{"id":"1.232265011","rc":[{"ltp":2.44,"id":73076816},{"ltp":1.66,"id":73076870}]}]}
{"op":"mcm","clk":"11991440963","pt":1724975850038,"mc":[{"id":"1.232265011","rc":[{"ltp":2.48,"id":73076816}]}]}
{"op":"mcm","clk":"11991447818","pt":1724975971650,"mc":[{"id":"1.232265011","rc":[{"ltp":2.46,"id":73076816},{"ltp":1.69,"id":73076870}]}]}
{"op":"mcm","clk":"11991451308","pt":1724976031747,"mc":[{"id":"1.232265011","rc":[{"ltp":2.48,"id":73076816},{"ltp":1.67,"id":73076870}]}]}
{"op":"mcm","clk":"11991454672","pt":1724976091396,"mc":[{"id":"1.232265011","rc":[{"ltp":2.5,"id":73076816},{"ltp":1.65,"id":73076870}]}]}
{"op":"mcm","clk":"11991458670","pt":1724976151958,"mc":[{"id":"1.232265011","rc":[{"ltp":1.66,"id":73076870}]}]}
{"op":"mcm","clk":"11991462825","pt":1724976212033,"mc":[{"id":"1.232265011","rc":[{"ltp":2.48,"id":73076816}]}]}
{"op":"mcm","clk":"11991466901","pt":1724976272086,"mc":[{"id":"1.232265011","rc":[{"ltp":2.44,"id":73076816},{"ltp":1.68,"id":73076870}]}]}
{"op":"mcm","clk":"11991470577","pt":1724976331994,"mc":[{"id":"1.232265011","rc":[{"ltp":2.38,"id":73076816},{"ltp":1.71,"id":73076870}]}]}
{"op":"mcm","clk":"11991474303","pt":1724976392104,"mc":[{"id":"1.232265011","rc":[{"ltp":2.56,"id":73076816},{"ltp":1.65,"id":73076870}]}]}
{"op":"mcm","clk":"11991478643","pt":1724976451981,"mc":[{"id":"1.232265011","rc":[{"ltp":2.62,"id":73076816},{"ltp":1.61,"id":73076870}]}]}
{"op":"mcm","clk":"11991483458","pt":1724976511946,"mc":[{"id":"1.232265011","rc":[{"ltp":2.68,"id":73076816},{"ltp":1.59,"id":73076870}]}]}
{"op":"mcm","clk":"11991488046","pt":1724976572024,"mc":[{"id":"1.232265011","rc":[{"ltp":3.0,"id":73076816},{"ltp":1.49,"id":73076870}]}]}
{"op":"mcm","clk":"11991492664","pt":1724976632069,"mc":[{"id":"1.232265011","rc":[{"ltp":1.48,"id":73076870}]}]}
{"op":"mcm","clk":"11991497363","pt":1724976691952,"mc":[{"id":"1.232265011","rc":[{"ltp":3.1,"id":73076816}]}]}
{"op":"mcm","clk":"11991502272","pt":1724976752082,"mc":[{"id":"1.232265011","rc":[{"ltp":3.3,"id":73076816},{"ltp":1.43,"id":73076870}]}]}
{"op":"mcm","clk":"11991506845","pt":1724976812034,"mc":[{"id":"1.232265011","rc":[{"ltp":2.96,"id":73076816},{"ltp":1.51,"id":73076870}]}]}
{"op":"mcm","clk":"11991510619","pt":1724976872094,"mc":[{"id":"1.232265011","rc":[{"ltp":2.8,"id":73076816},{"ltp":1.55,"id":73076870}]}]}
{"op":"mcm","clk":"11991515393","pt":1724976932078,"mc":[{"id":"1.232265011","rc":[{"ltp":2.52,"id":73076816},{"ltp":1.65,"id":73076870}]}]}
{"op":"mcm","clk":"11991520024","pt":1724976992012,"mc":[{"id":"1.232265011","rc":[{"ltp":2.24,"id":73076816},{"ltp":1.8,"id":73076870}]}]}
{"op":"mcm","clk":"11991525047","pt":1724977052097,"mc":[{"id":"1.232265011","rc":[{"ltp":2.26,"id":73076816},{"ltp":1.79,"id":73076870}]}]}
{"op":"mcm","clk":"11991529755","pt":1724977112058,"mc":[{"id":"1.232265011","rc":[{"ltp":2.36,"id":73076816},{"ltp":1.73,"id":73076870}]}]}
{"op":"mcm","clk":"11991534717","pt":1724977172086,"mc":[{"id":"1.232265011","rc":[{"ltp":2.22,"id":73076816},{"ltp":1.81,"id":73076870}]}]}
{"op":"mcm","clk":"11991539460","pt":1724977232074,"mc":[{"id":"1.232265011","rc":[{"ltp":2.28,"id":73076816},{"ltp":1.78,"id":73076870}]}]}
{"op":"mcm","clk":"11991544117","pt":1724977291906,"mc":[{"id":"1.232265011","rc":[{"ltp":2.0,"id":73076816},{"ltp":1.96,"id":73076870}]}]}
{"op":"mcm","clk":"11991548799","pt":1724977352031,"mc":[{"id":"1.232265011","rc":[{"ltp":2.08,"id":73076816},{"ltp":1.92,"id":73076870}]}]}
{"op":"mcm","clk":"11991553477","pt":1724977412002,"mc":[{"id":"1.232265011","rc":[{"ltp":2.12,"id":73076816},{"ltp":1.88,"id":73076870}]}]}
{"op":"mcm","clk":"11991558274","pt":1724977472071,"mc":[{"id":"1.232265011","rc":[{"ltp":2.06,"id":73076816},{"ltp":1.97,"id":73076870}]}]}
{"op":"mcm","clk":"11991563235","pt":1724977532021,"mc":[{"id":"1.232265011","rc":[{"ltp":2.0,"id":73076816},{"ltp":2.04,"id":73076870}]}]}
{"op":"mcm","clk":"11991568158","pt":1724977592075,"mc":[{"id":"1.232265011","rc":[{"ltp":1.89,"id":73076816},{"ltp":2.12,"id":73076870}]}]}
{"op":"mcm","clk":"11991572685","pt":1724977652025,"mc":[{"id":"1.232265011","rc":[{"ltp":1.87,"id":73076816},{"ltp":2.14,"id":73076870}]}]}
{"op":"mcm","clk":"11991577454","pt":1724977712081,"mc":[{"id":"1.232265011","rc":[{"ltp":1.94,"id":73076816},{"ltp":2.06,"id":73076870}]}]}
{"op":"mcm","clk":"11991581850","pt":1724977772058,"mc":[{"id":"1.232265011","rc":[{"ltp":1.97,"id":73076816},{"ltp":2.02,"id":73076870}]}]}
{"op":"mcm","clk":"11991586397","pt":1724977832025,"mc":[{"id":"1.232265011","rc":[{"ltp":1.99,"id":73076816},{"ltp":2.0,"id":73076870}]}]}
{"op":"mcm","clk":"11991591026","pt":1724977892013,"mc":[{"id":"1.232265011","rc":[{"ltp":1.98,"id":73076816},{"ltp":2.02,"id":73076870}]}]}
{"op":"mcm","clk":"11991596038","pt":1724977952029,"mc":[{"id":"1.232265011","rc":[{"ltp":2.02,"id":73076816},{"ltp":1.97,"id":73076870}]}]}
{"op":"mcm","clk":"11991601234","pt":1724978012105,"mc":[{"id":"1.232265011","rc":[{"ltp":2.1,"id":73076816},{"ltp":1.9,"id":73076870}]}]}
{"op":"mcm","clk":"11991606743","pt":1724978072045,"mc":[{"id":"1.232265011","rc":[{"ltp":2.14,"id":73076816},{"ltp":1.88,"id":73076870}]}]}
{"op":"mcm","clk":"11991612207","pt":1724978132082,"mc":[{"id":"1.232265011","rc":[{"ltp":1.9,"id":73076870}]}]}
{"op":"mcm","clk":"11991617589","pt":1724978192065,"mc":[{"id":"1.232265011","rc":[{"ltp":2.08,"id":73076816},{"ltp":1.93,"id":73076870}]}]}
{"op":"mcm","clk":"11991622551","pt":1724978251710,"mc":[{"id":"1.232265011","rc":[{"ltp":2.12,"id":73076816},{"ltp":1.89,"id":73076870}]}]}
{"op":"mcm","clk":"11991627453","pt":1724978312097,"mc":[{"id":"1.232265011","rc":[{"ltp":2.2,"id":73076816},{"ltp":1.81,"id":73076870}]}]}
{"op":"mcm","clk":"11991632470","pt":1724978371834,"mc":[{"id":"1.232265011","rc":[{"ltp":2.22,"id":73076816}]}]}
{"op":"mcm","clk":"11991637282","pt":1724978432086,"mc":[{"id":"1.232265011","rc":[{"ltp":2.24,"id":73076816},{"ltp":1.8,"id":73076870}]}]}
{"op":"mcm","clk":"11991642390","pt":1724978492040,"mc":[{"id":"1.232265011","rc":[{"ltp":2.72,"id":73076816},{"ltp":1.57,"id":73076870}]}]}
{"op":"mcm","clk":"11991647078","pt":1724978551808,"mc":[{"id":"1.232265011","rc":[{"ltp":2.66,"id":73076816},{"ltp":1.6,"id":73076870}]}]}
{"op":"mcm","clk":"11991667006","pt":1724978611993,"mc":[{"id":"1.232265011","rc":[{"ltp":2.6,"id":73076816},{"ltp":1.62,"id":73076870}]}]}
{"op":"mcm","clk":"11991671363","pt":1724978671981,"mc":[{"id":"1.232265011","rc":[{"ltp":1.61,"id":73076870}]}]}
{"op":"mcm","clk":"11991675716","pt":1724978732110,"mc":[{"id":"1.232265011","rc":[{"ltp":2.58,"id":73076816},{"ltp":1.65,"id":73076870}]}]}
{"op":"mcm","clk":"11991680304","pt":1724978792075,"mc":[{"id":"1.232265011","rc":[{"ltp":2.52,"id":73076816}]}]}
{"op":"mcm","clk":"11991685001","pt":1724978852008,"mc":[{"id":"1.232265011","rc":[{"ltp":2.5,"id":73076816},{"ltp":1.66,"id":73076870}]}]}
{"op":"mcm","clk":"11991689511","pt":1724978911852,"mc":[{"id":"1.232265011","rc":[{"ltp":2.38,"id":73076816},{"ltp":1.73,"id":73076870}]}]}
{"op":"mcm","clk":"11991693970","pt":1724978972107,"mc":[{"id":"1.232265011","rc":[{"ltp":2.22,"id":73076816},{"ltp":1.81,"id":73076870}]}]}
{"op":"mcm","clk":"11991698900","pt":1724979031968,"mc":[{"id":"1.232265011","rc":[{"ltp":2.64,"id":73076816},{"ltp":1.62,"id":73076870}]}]}
{"op":"mcm","clk":"11991703575","pt":1724979092073,"mc":[{"id":"1.232265011","rc":[{"ltp":2.5,"id":73076816},{"ltp":1.66,"id":73076870}]}]}
{"op":"mcm","clk":"11991708283","pt":1724979152014,"mc":[{"id":"1.232265011","rc":[{"ltp":2.52,"id":73076816},{"ltp":1.64,"id":73076870}]}]}
{"op":"mcm","clk":"11991712625","pt":1724979211953,"mc":[{"id":"1.232265011","rc":[{"ltp":2.56,"id":73076816}]}]}
{"op":"mcm","clk":"11991717063","pt":1724979271964,"mc":[{"id":"1.232265011","rc":[{"ltp":2.44,"id":73076816},{"ltp":1.69,"id":73076870}]}]}
{"op":"mcm","clk":"11991720899","pt":1724979331894,"mc":[{"id":"1.232265011","rc":[{"ltp":2.5,"id":73076816},{"ltp":1.66,"id":73076870}]}]}
{"op":"mcm","clk":"11991724633","pt":1724979391747,"mc":[{"id":"1.232265011","rc":[{"ltp":2.46,"id":73076816},{"ltp":1.67,"id":73076870}]}]}
{"op":"mcm","clk":"11991728190","pt":1724979452109,"mc":[{"id":"1.232265011","rc":[{"ltp":2.44,"id":73076816},{"ltp":1.69,"id":73076870}]}]}
{"op":"mcm","clk":"11991731837","pt":1724979512038,"mc":[{"id":"1.232265011","rc":[{"ltp":2.46,"id":73076816},{"ltp":1.68,"id":73076870}]}]}
{"op":"mcm","clk":"11991735140","pt":1724979572008,"mc":[{"id":"1.232265011","rc":[{"ltp":2.38,"id":73076816},{"ltp":1.71,"id":73076870}]}]}
{"op":"mcm","clk":"11991738939","pt":1724979631757,"mc":[{"id":"1.232265011","rc":[{"ltp":2.46,"id":73076816}]}]}
{"op":"mcm","clk":"11991742861","pt":1724979692023,"mc":[{"id":"1.232265011","rc":[{"ltp":2.26,"id":73076816},{"ltp":1.81,"id":73076870}]}]}
{"op":"mcm","clk":"11991746389","pt":1724979752065,"mc":[{"id":"1.232265011","rc":[{"ltp":2.3,"id":73076816},{"ltp":1.76,"id":73076870}]}]}
{"op":"mcm","clk":"11991749471","pt":1724979812065,"mc":[{"id":"1.232265011","rc":[{"ltp":1.78,"id":73076870}]}]}
{"op":"mcm","clk":"11991753007","pt":1724979872041,"mc":[{"id":"1.232265011","rc":[{"ltp":2.52,"id":73076816},{"ltp":1.66,"id":73076870}]}]}
{"op":"mcm","clk":"11991756674","pt":1724979931981,"mc":[{"id":"1.232265011","rc":[{"ltp":2.58,"id":73076816},{"ltp":1.62,"id":73076870}]}]}
{"op":"mcm","clk":"11991760538","pt":1724979992070,"mc":[{"id":"1.232265011","rc":[{"ltp":2.68,"id":73076816},{"ltp":1.59,"id":73076870}]}]}
{"op":"mcm","clk":"11991764399","pt":1724980052008,"mc":[{"id":"1.232265011","rc":[{"ltp":2.74,"id":73076816},{"ltp":1.57,"id":73076870}]}]}
{"op":"mcm","clk":"11991768329","pt":1724980112113,"mc":[{"id":"1.232265011","rc":[{"ltp":1.58,"id":73076870}]}]}
{"op":"mcm","clk":"11991772022","pt":1724980171970,"mc":[{"id":"1.232265011","rc":[{"ltp":2.8,"id":73076816},{"ltp":1.55,"id":73076870}]}]}
{"op":"mcm","clk":"11991775623","pt":1724980231946,"mc":[{"id":"1.232265011","rc":[{"ltp":2.62,"id":73076816},{"ltp":1.61,"id":73076870}]}]}
{"op":"mcm","clk":"11991779708","pt":1724980292084,"mc":[{"id":"1.232265011","rc":[{"ltp":2.58,"id":73076816},{"ltp":1.63,"id":73076870}]}]}
{"op":"mcm","clk":"11991783960","pt":1724980351945,"mc":[{"id":"1.232265011","rc":[{"ltp":2.48,"id":73076816},{"ltp":1.68,"id":73076870}]}]}
{"op":"mcm","clk":"11991788336","pt":1724980412011,"mc":[{"id":"1.232265011","rc":[{"ltp":2.5,"id":73076816}]}]}
{"op":"mcm","clk":"11991792579","pt":1724980472100,"mc":[{"id":"1.232265011","rc":[{"ltp":2.18,"id":73076816},{"ltp":1.87,"id":73076870}]}]}
{"op":"mcm","clk":"11991796941","pt":1724980531989,"mc":[{"id":"1.232265011","rc":[{"ltp":2.14,"id":73076816},{"ltp":1.88,"id":73076870}]}]}
{"op":"mcm","clk":"11991800817","pt":1724980592040,"mc":[{"id":"1.232265011","rc":[{"ltp":2.18,"id":73076816},{"ltp":1.84,"id":73076870}]}]}
{"op":"mcm","clk":"11991804919","pt":1724980652107,"mc":[{"id":"1.232265011","rc":[{"ltp":2.0,"id":73076816},{"ltp":2.0,"id":73076870}]}]}
{"op":"mcm","clk":"11991808668","pt":1724980712038,"mc":[{"id":"1.232265011","rc":[{"ltp":1.99,"id":73076816}]}]}
{"op":"mcm","clk":"11991812557","pt":1724980772106,"mc":[{"id":"1.232265011","rc":[{"ltp":2.02,"id":73076816},{"ltp":1.98,"id":73076870}]}]}
{"op":"mcm","clk":"11991816611","pt":1724980832102,"mc":[{"id":"1.232265011","rc":[{"ltp":1.81,"id":73076816},{"ltp":2.22,"id":73076870}]}]}
{"op":"mcm","clk":"11991820545","pt":1724980892014,"mc":[{"id":"1.232265011","rc":[{"ltp":1.89,"id":73076816},{"ltp":2.1,"id":73076870}]}]}
{"op":"mcm","clk":"11991824520","pt":1724980951870,"mc":[{"id":"1.232265011","rc":[{"ltp":2.0,"id":73076816},{"ltp":2.02,"id":73076870}]}]}
{"op":"mcm","clk":"11991828080","pt":1724981012111,"mc":[{"id":"1.232265011","rc":[{"ltp":2.08,"id":73076816},{"ltp":1.92,"id":73076870}]}]}
{"op":"mcm","clk":"11991831585","pt":1724981071889,"mc":[{"id":"1.232265011","rc":[{"ltp":2.14,"id":73076816},{"ltp":1.87,"id":73076870}]}]}
{"op":"mcm","clk":"11991834939","pt":1724981130743,"mc":[{"id":"1.232265011","rc":[{"ltp":2.12,"id":73076816},{"ltp":1.89,"id":73076870}]}]}
{"op":"mcm","clk":"11991838447","pt":1724981191926,"mc":[{"id":"1.232265011","rc":[{"ltp":2.2,"id":73076816},{"ltp":1.83,"id":73076870}]}]}
{"op":"mcm","clk":"11991842144","pt":1724981251868,"mc":[{"id":"1.232265011","rc":[{"ltp":2.28,"id":73076816},{"ltp":1.78,"id":73076870}]}]}
{"op":"mcm","clk":"11991848968","pt":1724981372082,"mc":[{"id":"1.232265011","rc":[{"ltp":2.32,"id":73076816}]}]}
{"op":"mcm","clk":"11991852398","pt":1724981432042,"mc":[{"id":"1.232265011","rc":[{"ltp":2.28,"id":73076816}]}]}
{"op":"mcm","clk":"11991856084","pt":1724981492076,"mc":[{"id":"1.232265011","rc":[{"ltp":2.16,"id":73076816},{"ltp":1.87,"id":73076870}]}]}
{"op":"mcm","clk":"11991859422","pt":1724981551859,"mc":[{"id":"1.232265011","rc":[{"ltp":2.2,"id":73076816},{"ltp":1.82,"id":73076870}]}]}
{"op":"mcm","clk":"11991862631","pt":1724981612011,"mc":[{"id":"1.232265011","rc":[{"ltp":2.28,"id":73076816},{"ltp":1.77,"id":73076870}]}]}
{"op":"mcm","clk":"11991869523","pt":1724981732037,"mc":[{"id":"1.232265011","rc":[{"ltp":2.44,"id":73076816},{"ltp":1.69,"id":73076870}]}]}
{"op":"mcm","clk":"11991873169","pt":1724981792102,"mc":[{"id":"1.232265011","rc":[{"ltp":2.28,"id":73076816},{"ltp":1.77,"id":73076870}]}]}
{"op":"mcm","clk":"11991876870","pt":1724981852076,"mc":[{"id":"1.232265011","rc":[{"ltp":2.44,"id":73076816},{"ltp":1.68,"id":73076870}]}]}
{"op":"mcm","clk":"11991880682","pt":1724981911938,"mc":[{"id":"1.232265011","rc":[{"ltp":1.69,"id":73076870}]}]}
{"op":"mcm","clk":"11991884314","pt":1724981972033,"mc":[{"id":"1.232265011","rc":[{"ltp":2.42,"id":73076816}]}]}
{"op":"mcm","clk":"11991887747","pt":1724982031986,"mc":[{"id":"1.232265011","rc":[{"ltp":1.7,"id":73076870}]}]}
{"op":"mcm","clk":"11991891417","pt":1724982091645,"mc":[{"id":"1.232265011","rc":[{"ltp":2.46,"id":73076816},{"ltp":1.69,"id":73076870}]}]}
{"op":"mcm","clk":"11991895186","pt":1724982151996,"mc":[{"id":"1.232265011","rc":[{"ltp":2.5,"id":73076816},{"ltp":1.66,"id":73076870}]}]}
{"op":"mcm","clk":"11991899031","pt":1724982211191,"mc":[{"id":"1.232265011","rc":[{"ltp":2.46,"id":73076816},{"ltp":1.67,"id":73076870}]}]}
{"op":"mcm","clk":"11991903068","pt":1724982271652,"mc":[{"id":"1.232265011","rc":[{"ltp":2.48,"id":73076816}]}]}
{"op":"mcm","clk":"11991906964","pt":1724982331602,"mc":[{"id":"1.232265011","rc":[{"ltp":1.68,"id":73076870}]}]}
{"op":"mcm","clk":"11991910701","pt":1724982390479,"mc":[{"id":"1.232265011","rc":[{"ltp":1.66,"id":73076870}]}]}
{"op":"mcm","clk":"11991914216","pt":1724982451846,"mc":[{"id":"1.232265011","rc":[{"ltp":1.67,"id":73076870}]}]}
{"op":"mcm","clk":"11991917862","pt":1724982511584,"mc":[{"id":"1.232265011","rc":[{"ltp":2.46,"id":73076816},{"ltp":1.69,"id":73076870}]}]}
{"op":"mcm","clk":"11991921158","pt":1724982571974,"mc":[{"id":"1.232265011","rc":[{"ltp":2.44,"id":73076816}]}]}
{"op":"mcm","clk":"11991924191","pt":1724982631620,"mc":[{"id":"1.232265011","rc":[{"ltp":2.48,"id":73076816},{"ltp":1.68,"id":73076870}]}]}
{"op":"mcm","clk":"11991927158","pt":1724982692079,"mc":[{"id":"1.232265011","rc":[{"ltp":1.66,"id":73076870}]}]}
{"op":"mcm","clk":"11991930178","pt":1724982751961,"mc":[{"id":"1.232265011","rc":[{"ltp":2.44,"id":73076816},{"ltp":1.69,"id":73076870}]}]}
{"op":"mcm","clk":"11991933355","pt":1724982812110,"mc":[{"id":"1.232265011","rc":[{"ltp":2.36,"id":73076816},{"ltp":1.76,"id":73076870}]}]}
{"op":"mcm","clk":"11991936517","pt":1724982871995,"mc":[{"id":"1.232265011","rc":[{"ltp":2.18,"id":73076816},{"ltp":1.85,"id":73076870}]}]}
{"op":"mcm","clk":"11991939523","pt":1724982932046,"mc":[{"id":"1.232265011","rc":[{"ltp":2.62,"id":73076816},{"ltp":1.61,"id":73076870}]}]}
{"op":"mcm","clk":"11991942776","pt":1724982992017,"mc":[{"id":"1.232265011","rc":[{"ltp":2.68,"id":73076816},{"ltp":1.59,"id":73076870}]}]}
{"op":"mcm","clk":"11991945707","pt":1724983052019,"mc":[{"id":"1.232265011","rc":[{"ltp":2.52,"id":73076816},{"ltp":1.64,"id":73076870}]}]}
{"op":"mcm","clk":"11991948641","pt":1724983112052,"mc":[{"id":"1.232265011","rc":[{"ltp":2.68,"id":73076816},{"ltp":1.59,"id":73076870}]}]}
{"op":"mcm","clk":"11991951407","pt":1724983172015,"mc":[{"id":"1.232265011","rc":[{"ltp":2.96,"id":73076816},{"ltp":1.51,"id":73076870}]}]}
{"op":"mcm","clk":"11991954099","pt":1724983232105,"mc":[{"id":"1.232265011","rc":[{"ltp":1.52,"id":73076870}]}]}
{"op":"mcm","clk":"11991956919","pt":1724983292055,"mc":[{"id":"1.232265011","rc":[{"ltp":3.05,"id":73076816},{"ltp":1.48,"id":73076870}]}]}
{"op":"mcm","clk":"11991959749","pt":1724983352031,"mc":[{"id":"1.232265011","rc":[{"ltp":3.2,"id":73076816},{"ltp":1.46,"id":73076870}]}]}
{"op":"mcm","clk":"11991962790","pt":1724983412065,"mc":[{"id":"1.232265011","rc":[{"ltp":3.05,"id":73076816},{"ltp":1.48,"id":73076870}]}]}
{"op":"mcm","clk":"11991965676","pt":1724983471935,"mc":[{"id":"1.232265011","rc":[{"ltp":1.51,"id":73076870}]}]}
{"op":"mcm","clk":"11991968648","pt":1724983532110,"mc":[{"id":"1.232265011","rc":[{"ltp":3.2,"id":73076816},{"ltp":1.45,"id":73076870}]}]}
{"op":"mcm","clk":"11991971867","pt":1724983592083,"mc":[{"id":"1.232265011","rc":[{"ltp":3.3,"id":73076816},{"ltp":1.43,"id":73076870}]}]}
{"op":"mcm","clk":"11991974872","pt":1724983651940,"mc":[{"id":"1.232265011","rc":[{"ltp":1.44,"id":73076870}]}]}
{"op":"mcm","clk":"11991977662","pt":1724983712107,"mc":[{"id":"1.232265011","rc":[{"ltp":3.05,"id":73076816},{"ltp":1.47,"id":73076870}]}]}
{"op":"mcm","clk":"11991980513","pt":1724983772070,"mc":[{"id":"1.232265011","rc":[{"ltp":3.5,"id":73076816},{"ltp":1.4,"id":73076870}]}]}
{"op":"mcm","clk":"11991983564","pt":1724983832037,"mc":[{"id":"1.232265011","rc":[{"ltp":4.2,"id":73076816},{"ltp":1.31,"id":73076870}]}]}
{"op":"mcm","clk":"11991986393","pt":1724983892099,"mc":[{"id":"1.232265011","rc":[{"ltp":3.1,"id":73076816},{"ltp":1.48,"id":73076870}]}]}
{"op":"mcm","clk":"11991989453","pt":1724983952081,"mc":[{"id":"1.232265011","rc":[{"ltp":3.0,"id":73076816},{"ltp":1.5,"id":73076870}]}]}
{"op":"mcm","clk":"11992008142","pt":1724984011975,"mc":[{"id":"1.232265011","rc":[{"ltp":3.05,"id":73076816},{"ltp":1.48,"id":73076870}]}]}
{"op":"mcm","clk":"11992014122","pt":1724984132013,"mc":[{"id":"1.232265011","rc":[{"ltp":3.55,"id":73076816},{"ltp":1.39,"id":73076870}]}]}
{"op":"mcm","clk":"11992017001","pt":1724984192107,"mc":[{"id":"1.232265011","rc":[{"ltp":3.7,"id":73076816},{"ltp":1.37,"id":73076870}]}]}
{"op":"mcm","clk":"11992019901","pt":1724984251983,"mc":[{"id":"1.232265011","rc":[{"ltp":3.55,"id":73076816},{"ltp":1.39,"id":73076870}]}]}
{"op":"mcm","clk":"11992022781","pt":1724984312059,"mc":[{"id":"1.232265011","rc":[{"ltp":3.7,"id":73076816},{"ltp":1.37,"id":73076870}]}]}
{"op":"mcm","clk":"11992025971","pt":1724984372100,"mc":[{"id":"1.232265011","rc":[{"ltp":3.5,"id":73076816},{"ltp":1.4,"id":73076870}]}]}
{"op":"mcm","clk":"11992029139","pt":1724984432092,"mc":[{"id":"1.232265011","rc":[{"ltp":4.3,"id":73076816},{"ltp":1.3,"id":73076870}]}]}
{"op":"mcm","clk":"11992032330","pt":1724984492056,"mc":[{"id":"1.232265011","rc":[{"ltp":4.5,"id":73076816},{"ltp":1.28,"id":73076870}]}]}
{"op":"mcm","clk":"11992035635","pt":1724984552098,"mc":[{"id":"1.232265011","rc":[{"ltp":5.1,"id":73076816},{"ltp":1.24,"id":73076870}]}]}
{"op":"mcm","clk":"11992038745","pt":1724984612073,"mc":[{"id":"1.232265011","rc":[{"ltp":5.5,"id":73076816},{"ltp":1.22,"id":73076870}]}]}
{"op":"mcm","clk":"11992041550","pt":1724984671927,"mc":[{"id":"1.232265011","rc":[{"ltp":8.0,"id":73076816},{"ltp":1.14,"id":73076870}]}]}
{"op":"mcm","clk":"11992044005","pt":1724984732070,"mc":[{"id":"1.232265011","rc":[{"ltp":7.8,"id":73076816},{"ltp":1.15,"id":73076870}]}]}
{"op":"mcm","clk":"11992046409","pt":1724984792063,"mc":[{"id":"1.232265011","rc":[{"ltp":4.7,"id":73076816},{"ltp":1.28,"id":73076870}]}]}
{"op":"mcm","clk":"11992048817","pt":1724984852033,"mc":[{"id":"1.232265011","rc":[{"ltp":4.1,"id":73076816},{"ltp":1.32,"id":73076870}]}]}
{"op":"mcm","clk":"11992051056","pt":1724984912080,"mc":[{"id":"1.232265011","rc":[{"ltp":4.4,"id":73076816},{"ltp":1.29,"id":73076870}]}]}
{"op":"mcm","clk":"11992053279","pt":1724984972054,"mc":[{"id":"1.232265011","rc":[{"ltp":4.3,"id":73076816},{"ltp":1.3,"id":73076870}]}]}
{"op":"mcm","clk":"11992055650","pt":1724985032017,"mc":[{"id":"1.232265011","rc":[{"ltp":3.9,"id":73076816},{"ltp":1.34,"id":73076870}]}]}
{"op":"mcm","clk":"11992058009","pt":1724985091574,"mc":[{"id":"1.232265011","rc":[{"ltp":4.0,"id":73076816},{"ltp":1.33,"id":73076870}]}]}
{"op":"mcm","clk":"11992060429","pt":1724985152028,"mc":[{"id":"1.232265011","rc":[{"ltp":3.75,"id":73076816},{"ltp":1.37,"id":73076870}]}]}
{"op":"mcm","clk":"11992062895","pt":1724985212054,"mc":[{"id":"1.232265011","rc":[{"ltp":3.65,"id":73076816}]}]}
{"op":"mcm","clk":"11992065686","pt":1724985272052,"mc":[{"id":"1.232265011","rc":[{"ltp":1.38,"id":73076870}]}]}
{"op":"mcm","clk":"11992068456","pt":1724985332024,"mc":[{"id":"1.232265011","rc":[{"ltp":2.46,"id":73076816},{"ltp":1.7,"id":73076870}]}]}
{"op":"mcm","clk":"11992071372","pt":1724985392052,"mc":[{"id":"1.232265011","rc":[{"ltp":2.44,"id":73076816},{"ltp":1.69,"id":73076870}]}]}
{"op":"mcm","clk":"11992074276","pt":1724985452043,"mc":[{"id":"1.232265011","rc":[{"ltp":2.4,"id":73076816},{"ltp":1.71,"id":73076870}]}]}
{"op":"mcm","clk":"11992077720","pt":1724985512089,"mc":[{"id":"1.232265011","rc":[{"ltp":2.36,"id":73076816},{"ltp":1.73,"id":73076870}]}]}
{"op":"mcm","clk":"11992081009","pt":1724985572080,"mc":[{"id":"1.232265011","rc":[{"ltp":2.5,"id":73076816},{"ltp":1.66,"id":73076870}]}]}
{"op":"mcm","clk":"11992083978","pt":1724985632027,"mc":[{"id":"1.232265011","rc":[{"ltp":2.56,"id":73076816},{"ltp":1.64,"id":73076870}]}]}
{"op":"mcm","clk":"11992086805","pt":1724985692078,"mc":[{"id":"1.232265011","rc":[{"ltp":2.42,"id":73076816},{"ltp":1.69,"id":73076870}]}]}
{"op":"mcm","clk":"11992089823","pt":1724985751939,"mc":[{"id":"1.232265011","rc":[{"ltp":2.2,"id":73076816},{"ltp":1.82,"id":73076870}]}]}
{"op":"mcm","clk":"11992093217","pt":1724985812036,"mc":[{"id":"1.232265011","rc":[{"ltp":1.83,"id":73076870}]}]}
{"op":"mcm","clk":"11992096841","pt":1724985872064,"mc":[{"id":"1.232265011","rc":[{"ltp":2.34,"id":73076816},{"ltp":1.72,"id":73076870}]}]}
{"op":"mcm","clk":"11992099882","pt":1724985932112,"mc":[{"id":"1.232265011","rc":[{"ltp":3.1,"id":73076816},{"ltp":1.47,"id":73076870}]}]}
{"op":"mcm","clk":"11992103245","pt":1724985992071,"mc":[{"id":"1.232265011","rc":[{"ltp":3.55,"id":73076816},{"ltp":1.39,"id":73076870}]}]}
{"op":"mcm","clk":"11992106439","pt":1724986052044,"mc":[{"id":"1.232265011","rc":[{"ltp":3.0,"id":73076816},{"ltp":1.5,"id":73076870}]}]}
{"op":"mcm","clk":"11992110011","pt":1724986112093,"mc":[{"id":"1.232265011","rc":[{"ltp":3.2,"id":73076816},{"ltp":1.45,"id":73076870}]}]}
{"op":"mcm","clk":"11992113514","pt":1724986172067,"mc":[{"id":"1.232265011","rc":[{"ltp":1.47,"id":73076870}]}]}
{"op":"mcm","clk":"11992117041","pt":1724986232111,"mc":[{"id":"1.232265011","rc":[{"ltp":3.75,"id":73076816},{"ltp":1.36,"id":73076870}]}]}
{"op":"mcm","clk":"11992120598","pt":1724986292073,"mc":[{"id":"1.232265011","rc":[{"ltp":4.4,"id":73076816},{"ltp":1.28,"id":73076870}]}]}
{"op":"mcm","clk":"11992124209","pt":1724986352034,"mc":[{"id":"1.232265011","rc":[{"ltp":4.7,"id":73076816},{"ltp":1.33,"id":73076870}]}]}
{"op":"mcm","clk":"11992127607","pt":1724986412016,"mc":[{"id":"1.232265011","rc":[{"ltp":4.5,"id":73076816},{"ltp":1.27,"id":73076870}]}]}
{"op":"mcm","clk":"11992131105","pt":1724986472069,"mc":[{"id":"1.232265011","rc":[{"ltp":5.0,"id":73076816},{"ltp":1.26,"id":73076870}]}]}
{"op":"mcm","clk":"11992134597","pt":1724986532027,"mc":[{"id":"1.232265011","rc":[{"ltp":3.9,"id":73076816},{"ltp":1.34,"id":73076870}]}]}
{"op":"mcm","clk":"11992138090","pt":1724986592063,"mc":[{"id":"1.232265011","rc":[{"ltp":2.82,"id":73076816},{"ltp":1.54,"id":73076870}]}]}
{"op":"mcm","clk":"11992141112","pt":1724986652115,"mc":[{"id":"1.232265011","rc":[{"ltp":3.0,"id":73076816},{"ltp":1.5,"id":73076870}]}]}
{"op":"mcm","clk":"11992143744","pt":1724986711911,"mc":[{"id":"1.232265011","rc":[{"ltp":1.77,"id":73076816},{"ltp":2.3,"id":73076870}]}]}
{"op":"mcm","clk":"11992146085","pt":1724986772065,"mc":[{"id":"1.232265011","rc":[{"ltp":1.91,"id":73076816},{"ltp":2.08,"id":73076870}]}]}
{"op":"mcm","clk":"11992148407","pt":1724986832048,"mc":[{"id":"1.232265011","rc":[{"ltp":1.92,"id":73076816},{"ltp":2.1,"id":73076870}]}]}
{"op":"mcm","clk":"11992150677","pt":1724986892084,"mc":[{"id":"1.232265011","rc":[{"ltp":1.83,"id":73076816},{"ltp":2.2,"id":73076870}]}]}
{"op":"mcm","clk":"11992152898","pt":1724986952057,"mc":[{"id":"1.232265011","rc":[{"ltp":1.8,"id":73076816},{"ltp":2.18,"id":73076870}]}]}
{"op":"mcm","clk":"11992155253","pt":1724987012055,"mc":[{"id":"1.232265011","rc":[{"ltp":1.92,"id":73076816},{"ltp":2.08,"id":73076870}]}]}
{"op":"mcm","clk":"11992157548","pt":1724987072100,"mc":[{"id":"1.232265011","rc":[{"ltp":2.1,"id":73076816},{"ltp":1.9,"id":73076870}]}]}
{"op":"mcm","clk":"11992159856","pt":1724987132027,"mc":[{"id":"1.232265011","rc":[{"ltp":2.0,"id":73076816},{"ltp":2.0,"id":73076870}]}]}
{"op":"mcm","clk":"11992162033","pt":1724987192024,"mc":[{"id":"1.232265011","rc":[{"ltp":4.5,"id":73076816},{"ltp":1.28,"id":73076870}]}]}
{"op":"mcm","clk":"11992164620","pt":1724987252091,"mc":[{"id":"1.232265011","rc":[{"ltp":4.4,"id":73076816},{"ltp":1.29,"id":73076870}]}]}
{"op":"mcm","clk":"11992167145","pt":1724987312048,"mc":[{"id":"1.232265011","rc":[{"ltp":5.5,"id":73076816},{"ltp":1.2,"id":73076870}]}]}
{"op":"mcm","clk":"11992169711","pt":1724987372015,"mc":[{"id":"1.232265011","rc":[{"ltp":1.23,"id":73076870}]}]}
{"op":"mcm","clk":"11992172214","pt":1724987432074,"mc":[{"id":"1.232265011","rc":[{"ltp":2.4,"id":73076816},{"ltp":1.72,"id":73076870}]}]}
{"op":"mcm","clk":"11992174814","pt":1724987492114,"mc":[{"id":"1.232265011","rc":[{"ltp":2.48,"id":73076816},{"ltp":1.67,"id":73076870}]}]}
{"op":"mcm","clk":"11992177706","pt":1724987552107,"mc":[{"id":"1.232265011","rc":[{"ltp":2.42,"id":73076816},{"ltp":1.7,"id":73076870}]}]}
{"op":"mcm","clk":"11992180699","pt":1724987612066,"mc":[{"id":"1.232265011","rc":[{"ltp":3.6,"id":73076816},{"ltp":1.38,"id":73076870}]}]}
{"op":"mcm","clk":"11992183722","pt":1724987671831,"mc":[{"id":"1.232265011","rc":[{"ltp":3.75,"id":73076816},{"ltp":1.36,"id":73076870}]}]}
{"op":"mcm","clk":"11992186835","pt":1724987732104,"mc":[{"id":"1.232265011","rc":[{"ltp":9.2,"id":73076816},{"ltp":1.17,"id":73076870}]}]}
{"op":"mcm","clk":"11992189972","pt":1724987792054,"mc":[{"id":"1.232265011","rc":[{"ltp":4.3,"id":73076816},{"ltp":1.29,"id":73076870}]}]}
{"op":"mcm","clk":"11992192623","pt":1724987852017,"mc":[{"id":"1.232265011","rc":[{"ltp":1.28,"id":73076870}]}]}
{"op":"mcm","clk":"11992195365","pt":1724987912108,"mc":[{"id":"1.232265011","rc":[{"ltp":6.2,"id":73076816},{"ltp":1.19,"id":73076870}]}]}
{"op":"mcm","clk":"11992198415","pt":1724987972038,"mc":[{"id":"1.232265011","rc":[{"ltp":6.0,"id":73076816},{"ltp":1.2,"id":73076870}]}]}
{"op":"mcm","clk":"11992201518","pt":1724988032113,"mc":[{"id":"1.232265011","rc":[{"ltp":12.0,"id":73076816},{"ltp":1.09,"id":73076870}]}]}
{"op":"mcm","clk":"11992204482","pt":1724988092101,"mc":[{"id":"1.232265011","rc":[{"ltp":9.2,"id":73076816},{"ltp":1.12,"id":73076870}]}]}
{"op":"mcm","clk":"11992207460","pt":1724988152077,"mc":[{"id":"1.232265011","rc":[{"ltp":13.5,"id":73076816},{"ltp":1.08,"id":73076870}]}]}
{"op":"mcm","clk":"11992210556","pt":1724988212044,"mc":[{"id":"1.232265011","rc":[{"ltp":9.2,"id":73076816},{"ltp":1.12,"id":73076870}]}]}
{"op":"mcm","clk":"11992213320","pt":1724988271904,"mc":[{"id":"1.232265011","rc":[{"ltp":10.0,"id":73076816},{"ltp":1.1,"id":73076870}]}]}
{"op":"mcm","clk":"11992216134","pt":1724988331888,"mc":[{"id":"1.232265011","rc":[{"ltp":13.5,"id":73076816},{"ltp":1.09,"id":73076870}]}]}
{"op":"mcm","clk":"11992219073","pt":1724988392094,"mc":[{"id":"1.232265011","rc":[{"ltp":17.5,"id":73076816},{"ltp":1.06,"id":73076870}]}]}
{"op":"mcm","clk":"11992221999","pt":1724988452049,"mc":[{"id":"1.232265011","rc":[{"ltp":11.5,"id":73076816},{"ltp":1.12,"id":73076870}]}]}
{"op":"mcm","clk":"11992224805","pt":1724988512115,"mc":[{"id":"1.232265011","rc":[{"ltp":11.0,"id":73076816},{"ltp":1.1,"id":73076870}]}]}
{"op":"mcm","clk":"11992227524","pt":1724988572085,"mc":[{"id":"1.232265011","rc":[{"ltp":5.7,"id":73076816},{"ltp":1.21,"id":73076870}]}]}
{"op":"mcm","clk":"11992230346","pt":1724988632072,"mc":[{"id":"1.232265011","rc":[{"ltp":4.7,"id":73076816},{"ltp":1.27,"id":73076870}]}]}
{"op":"mcm","clk":"11992233275","pt":1724988692093,"mc":[{"id":"1.232265011","rc":[{"ltp":4.4,"id":73076816},{"ltp":1.3,"id":73076870}]}]}
{"op":"mcm","clk":"11992236040","pt":1724988752043,"mc":[{"id":"1.232265011","rc":[{"ltp":4.7,"id":73076816},{"ltp":1.27,"id":73076870}]}]}
{"op":"mcm","clk":"11992238718","pt":1724988812115,"mc":[{"id":"1.232265011","rc":[{"ltp":7.2,"id":73076816},{"ltp":1.15,"id":73076870}]}]}
{"op":"mcm","clk":"11992241347","pt":1724988872081,"mc":[{"id":"1.232265011","rc":[{"ltp":5.6,"id":73076816},{"ltp":1.22,"id":73076870}]}]}
{"op":"mcm","clk":"11992243538","pt":1724988932039,"mc":[{"id":"1.232265011","rc":[{"ltp":6.8,"id":73076816},{"ltp":1.17,"id":73076870}]}]}
{"op":"mcm","clk":"11992245742","pt":1724988992104,"mc":[{"id":"1.232265011","rc":[{"ltp":1.97,"id":73076816},{"ltp":2.04,"id":73076870}]}]}
{"op":"mcm","clk":"11992247919","pt":1724989052086,"mc":[{"id":"1.232265011","rc":[{"ltp":2.5,"id":73076816},{"ltp":1.65,"id":73076870}]}]}
{"op":"mcm","clk":"11992250228","pt":1724989112022,"mc":[{"id":"1.232265011","rc":[{"ltp":2.9,"id":73076816},{"ltp":1.55,"id":73076870}]}]}
{"op":"mcm","clk":"11992252600","pt":1724989172080,"mc":[{"id":"1.232265011","rc":[{"ltp":3.3,"id":73076816},{"ltp":1.38,"id":73076870}]}]}
{"op":"mcm","clk":"11992255173","pt":1724989232088,"mc":[{"id":"1.232265011","rc":[{"ltp":1.64,"id":73076816},{"ltp":2.56,"id":73076870}]}]}
{"op":"mcm","clk":"11992257841","pt":1724989292018,"mc":[{"id":"1.232265011","rc":[{"ltp":1.71,"id":73076816},{"ltp":2.42,"id":73076870}]}]}
{"op":"mcm","clk":"11992260693","pt":1724989352092,"mc":[{"id":"1.232265011","rc":[{"ltp":2.2,"id":73076816},{"ltp":1.82,"id":73076870}]}]}
{"op":"mcm","clk":"11992279220","pt":1724989412050,"mc":[{"id":"1.232265011","rc":[{"ltp":15.0,"id":73076816},{"ltp":1.07,"id":73076870}]}]}
{"op":"mcm","clk":"11992282032","pt":1724989472040,"mc":[{"id":"1.232265011","rc":[{"ltp":1000.0,"id":73076816},{"ltp":1.01,"id":73076870}]}]}
{"op":"mcm","clk":"11992287258","pt":1724989591758,"mc":[{"id":"1.232265011","marketDefinition":{"bspMarket":false,"turnInPlayEnabled":true,"persistenceEnabled":true,"marketBaseRate":5.0,"eventId":"33525842","eventTypeId":"4","numberOfWinners":1,"bettingType":"ODDS","marketType":"MATCH_ODDS","marketTime":"2024-08-29T23:00:00.000Z","suspendTime":"2024-08-29T23:00:00.000Z","bspReconciled":false,"complete":true,"inPlay":true,"crossMatching":true,"runnersVoidable":false,"numberOfActiveRunners":2,"betDelay":5,"status":"SUSPENDED","runners":[{"status":"ACTIVE","sortPriority":1,"id":73076816,"name":"Antigua And Barbuda Falcons"},{"status":"ACTIVE","sortPriority":2,"id":73076870,"name":"St. Kitts and Nevis"}],"regulators":["MR_INT"],"countryCode":"GB","discountAllowed":true,"timezone":"GMT","openDate":"2024-08-29T23:00:00.000Z","version":6107481484,"name":"Match Odds","eventName":"Antigua And Barbuda Falcons v St. Kitts and Nevis "}}]}
{"op":"mcm","clk":"11992293251","pt":1724989751385,"mc":[{"id":"1.232265011","marketDefinition":{"bspMarket":false,"turnInPlayEnabled":true,"persistenceEnabled":true,"marketBaseRate":5.0,"eventId":"33525842","eventTypeId":"4","numberOfWinners":1,"bettingType":"ODDS","marketType":"MATCH_ODDS","marketTime":"2024-08-29T23:00:00.000Z","suspendTime":"2024-08-29T23:00:00.000Z","bspReconciled":false,"complete":true,"inPlay":true,"crossMatching":false,"runnersVoidable":false,"numberOfActiveRunners":0,"betDelay":5,"status":"CLOSED","settledTime":"2024-08-30T03:47:28.000Z","runners":[{"status":"LOSER","sortPriority":1,"id":73076816,"name":"Antigua And Barbuda Falcons"},{"status":"WINNER","sortPriority":2,"id":73076870,"name":"St. Kitts and Nevis"}],"regulators":["MR_INT"],"countryCode":"GB","discountAllowed":true,"timezone":"GMT","openDate":"2024-08-29T23:00:00.000Z","version":6107482656,"name":"Match Odds","eventName":"Antigua And Barbuda Falcons v St. Kitts and Nevis "}}]}
