{"op":"mcm","clk":"11822857671","pt":1722941798058,"mc":[{"id":"1.231502049","marketDefinition":{"bspMarket":false,"turnInPlayEnabled":true,"persistenceEnabled":true,"marketBaseRate":5.0,"eventId":"33472592","eventTypeId":"4","numberOfWinners":1,"bettingType":"ODDS","marketType":"MATCH_ODDS","marketTime":"2024-08-08T17:30:00.000Z","suspendTime":"2024-08-08T17:30:00.000Z","bspReconciled":false,"complete":true,"inPlay":false,"crossMatching":true,"runnersVoidable":false,"numberOfActiveRunners":2,"betDelay":0,"status":"OPEN","runners":[{"status":"ACTIVE","sortPriority":1,"id":26354923,"name":"Oval Invincibles"},{"status":"ACTIVE","sortPriority":2,"id":26354926,"name":"Southern Brave"}],"regulators":["MR_INT"],"countryCode":"GB","discountAllowed":true,"timezone":"GMT","openDate":"2024-08-08T17:30:00.000Z","version":6059508259,"name":"Match Odds","eventName":"Oval Invincibles v Southern Brave"}}]}
{"op":"mcm","clk":"11824701502","pt":1722963906901,"mc":[{"id":"1.231502049","rc":[{"ltp":1.3,"id":26354926}]}]}
{"op":"mcm","clk":"11825546570","pt":1722973784490,"mc":[{"id":"1.231502049","rc":[{"ltp":1.86,"id":26354923}]}]}
{"op":"mcm","clk":"11827189153","pt":1723011390711,"mc":[{"id":"1.231502049","rc":[{"ltp":2.1,"id":26354926}]}]}
{"op":"mcm","clk":"11827414641","pt":1723018393001,"mc":[{"id":"1.231502049","rc":[{"ltp":1.91,"id":26354923}]}]}
{"op":"mcm","clk":"11829538432","pt":1723047935732,"mc":[{"id":"1.231502049","rc":[{"ltp":1.86,"id":26354923}]}]}
{"op":"mcm","clk":"11830760658","pt":1723059668181,"mc":[{"id":"1.231502049","rc":[{"ltp":2.16,"id":26354926}]}]}
{"op":"mcm","clk":"11830765005","pt":1723059708507,"mc":[{"id":"1.231502049","rc":[{"ltp":2.18,"id":26354926}]}]}
{"op":"mcm","clk":"11830942421","pt":1723061607241,"mc":[{"id":"1.231502049","rc":[{"ltp":2.1,"id":26354926},{"ltp":1.89,"id":26354923}]}]}
{"op":"mcm","clk":"11831081337","pt":1723063697937,"mc":[{"id":"1.231502049","rc":[{"ltp":2.16,"id":26354926},{"ltp":1.86,"id":26354923}]}]}
{"op":"mcm","clk":"11831130803","pt":1723064588283,"mc":[{"id":"1.231502049","rc":[{"ltp":2.12,"id":26354926}]}]}
{"op":"mcm","clk":"11831165632","pt":1723065229838,"mc":[{"id":"1.231502049","rc":[{"ltp":1.87,"id":26354923}]}]}
{"op":"mcm","clk":"11831182909","pt":1723065528331,"mc":[{"id":"1.231502049","rc":[{"ltp":2.14,"id":26354926}]}]}
{"op":"mcm","clk":"11831838956","pt":1723076342399,"mc":[{"id":"1.231502049","rc":[{"ltp":2.12,"id":26354926}]}]}
{"op":"mcm","clk":"11832627726","pt":1723092095320,"mc":[{"id":"1.231502049","rc":[{"ltp":1.88,"id":26354923}]}]}
{"op":"mcm","clk":"11832650262","pt":1723092920520,"mc":[{"id":"1.231502049","rc":[{"ltp":2.14,"id":26354926},{"ltp":1.87,"id":26354923}]}]}
{"op":"mcm","clk":"11832826538","pt":1723098526795,"mc":[{"id":"1.231502049","rc":[{"ltp":1.86,"id":26354923}]}]}
{"op":"mcm","clk":"11832878462","pt":1723100131106,"mc":[{"id":"1.231502049","rc":[{"ltp":1.89,"id":26354923}]}]}
{"op":"mcm","clk":"11832903945","pt":1723101035792,"mc":[{"id":"1.231502049","rc":[{"ltp":1.87,"id":26354923}]}]}
{"op":"mcm","clk":"11832912157","pt":1723101331319,"mc":[{"id":"1.231502049","rc":[{"ltp":1.86,"id":26354923}]}]}
{"op":"mcm","clk":"11832975014","pt":1723103790581,"mc":[{"id":"1.231502049","rc":[{"ltp":2.12,"id":26354926},{"ltp":1.89,"id":26354923}]}]}
{"op":"mcm","clk":"11832976406","pt":1723103851089,"mc":[{"id":"1.231502049","rc":[{"ltp":1.9,"id":26354923}]}]}
{"op":"mcm","clk":"11832978596","pt":1723103951230,"mc":[{"id":"1.231502049","rc":[{"ltp":2.1,"id":26354926}]}]}
{"op":"mcm","clk":"11832983830","pt":1723104154356,"mc":[{"id":"1.231502049","rc":[{"ltp":2.14,"id":26354926},{"ltp":1.87,"id":26354923}]}]}
{"op":"mcm","clk":"11832987043","pt":1723104273004,"mc":[{"id":"1.231502049","rc":[{"ltp":2.12,"id":26354926},{"ltp":1.89,"id":26354923}]}]}
{"op":"mcm","clk":"11833031828","pt":1723105474415,"mc":[{"id":"1.231502049","rc":[{"ltp":1.9,"id":26354923}]}]}
{"op":"mcm","clk":"11833033834","pt":1723105532921,"mc":[{"id":"1.231502049","rc":[{"ltp":1.89,"id":26354923}]}]}
{"op":"mcm","clk":"11833076030","pt":1723107004160,"mc":[{"id":"1.231502049","rc":[{"ltp":2.16,"id":26354926}]}]}
{"op":"mcm","clk":"11833083595","pt":1723107214308,"mc":[{"id":"1.231502049","rc":[{"ltp":1.87,"id":26354923}]}]}
{"op":"mcm","clk":"11833112003","pt":1723108110187,"mc":[{"id":"1.231502049","rc":[{"ltp":1.86,"id":26354923}]}]}
{"op":"mcm","clk":"11833136397","pt":1723108723056,"mc":[{"id":"1.231502049","rc":[{"ltp":1.88,"id":26354923}]}]}
{"op":"mcm","clk":"11833140126","pt":1723108804788,"mc":[{"id":"1.231502049","rc":[{"ltp":2.14,"id":26354926}]}]}
{"op":"mcm","clk":"11833211499","pt":1723110259652,"mc":[{"id":"1.231502049","rc":[{"ltp":1.87,"id":26354923}]}]}
{"op":"mcm","clk":"11833242399","pt":1723110859141,"mc":[{"id":"1.231502049","rc":[{"ltp":1.88,"id":26354923}]}]}
{"op":"mcm","clk":"11833246436","pt":1723110927469,"mc":[{"id":"1.231502049","rc":[{"ltp":1.89,"id":26354923}]}]}
{"op":"mcm","clk":"11833299249","pt":1723111763424,"mc":[{"id":"1.231502049","rc":[{"ltp":2.12,"id":26354926}]}]}
{"op":"mcm","clk":"11833302788","pt":1723111823187,"mc":[{"id":"1.231502049","rc":[{"ltp":1.88,"id":26354923}]}]}
{"op":"mcm","clk":"11833361220","pt":1723112847747,"mc":[{"id":"1.231502049","rc":[{"ltp":1.89,"id":26354923}]}]}
{"op":"mcm","clk":"11833428089","pt":1723114006235,"mc":[{"id":"1.231502049","rc":[{"ltp":1.88,"id":26354923}]}]}
{"op":"mcm","clk":"11833456742","pt":1723114524387,"mc":[{"id":"1.231502049","rc":[{"ltp":1.89,"id":26354923}]}]}
{"op":"mcm","clk":"11833500985","pt":1723115290915,"mc":[{"id":"1.231502049","rc":[{"ltp":1.88,"id":26354923}]}]}
{"op":"mcm","clk":"11833513741","pt":1723115492027,"mc":[{"id":"1.231502049","rc":[{"ltp":2.14,"id":26354926}]}]}
{"op":"mcm","clk":"11833551499","pt":1723115935683,"mc":[{"id":"1.231502049","rc":[{"ltp":1.89,"id":26354923}]}]}
{"op":"mcm","clk":"11833575184","pt":1723116419895,"mc":[{"id":"1.231502049","rc":[{"ltp":2.12,"id":26354926}]}]}
{"op":"mcm","clk":"11833627086","pt":1723117302212,"mc":[{"id":"1.231502049","rc":[{"ltp":1.88,"id":26354923}]}]}
{"op":"mcm","clk":"11833652811","pt":1723117741280,"mc":[{"id":"1.231502049","rc":[{"ltp":1.89,"id":26354923}]}]}
{"op":"mcm","clk":"11833726588","pt":1723119085716,"mc":[{"id":"1.231502049","rc":[{"ltp":1.87,"id":26354923}]}]}
{"op":"mcm","clk":"11833732029","pt":1723119199054,"mc":[{"id":"1.231502049","rc":[{"ltp":1.88,"id":26354923}]}]}
{"op":"mcm","clk":"11833738268","pt":1723119318232,"mc":[{"id":"1.231502049","rc":[{"ltp":1.89,"id":26354923}]}]}
{"op":"mcm","clk":"11833775906","pt":1723119931319,"mc":[{"id":"1.231502049","rc":[{"ltp":1.87,"id":26354923}]}]}
{"op":"mcm","clk":"11833790544","pt":1723120207542,"mc":[{"id":"1.231502049","rc":[{"ltp":1.88,"id":26354923}]}]}
{"op":"mcm","clk":"11833810183","pt":1723120562809,"mc":[{"id":"1.231502049","rc":[{"ltp":1.87,"id":26354923}]}]}
{"op":"mcm","clk":"11833912994","pt":1723122256632,"mc":[{"id":"1.231502049","rc":[{"ltp":1.89,"id":26354923}]}]}
{"op":"mcm","clk":"11833915587","pt":1723122311225,"mc":[{"id":"1.231502049","rc":[{"ltp":1.88,"id":26354923}]}]}
{"op":"mcm","clk":"11833941703","pt":1723122743044,"mc":[{"id":"1.231502049","rc":[{"ltp":1.87,"id":26354923}]}]}
{"op":"mcm","clk":"11833942919","pt":1723122761107,"mc":[{"id":"1.231502049","rc":[{"ltp":2.14,"id":26354926}]}]}
{"op":"mcm","clk":"11834002250","pt":1723124012854,"mc":[{"id":"1.231502049","rc":[{"ltp":1.88,"id":26354923}]}]}
{"op":"mcm","clk":"11834005671","pt":1723124075413,"mc":[{"id":"1.231502049","rc":[{"ltp":2.1,"id":26354926},{"ltp":1.91,"id":26354923}]}]}
{"op":"mcm","clk":"11834010628","pt":1723124168832,"mc":[{"id":"1.231502049","rc":[{"ltp":1.9,"id":26354923}]}]}
{"op":"mcm","clk":"11834013940","pt":1723124249494,"mc":[{"id":"1.231502049","rc":[{"ltp":2.12,"id":26354926},{"ltp":1.89,"id":26354923}]}]}
{"op":"mcm","clk":"11834016139","pt":1723124304245,"mc":[{"id":"1.231502049","rc":[{"ltp":1.88,"id":26354923}]}]}
{"op":"mcm","clk":"11834034734","pt":1723124725489,"mc":[{"id":"1.231502049","rc":[{"ltp":1.89,"id":26354923}]}]}
{"op":"mcm","clk":"11834037527","pt":1723124792076,"mc":[{"id":"1.231502049","rc":[{"ltp":1.88,"id":26354923}]}]}
{"op":"mcm","clk":"11834040478","pt":1723124854880,"mc":[{"id":"1.231502049","rc":[{"ltp":1.87,"id":26354923}]}]}
{"op":"mcm","clk":"11834080025","pt":1723125572368,"mc":[{"id":"1.231502049","rc":[{"ltp":1.89,"id":26354923}]}]}
{"op":"mcm","clk":"11834084920","pt":1723125661685,"mc":[{"id":"1.231502049","rc":[{"ltp":1.87,"id":26354923}]}]}
{"op":"mcm","clk":"11834099250","pt":1723125893552,"mc":[{"id":"1.231502049","rc":[{"ltp":1.88,"id":26354923}]}]}
{"op":"mcm","clk":"11834114498","pt":1723126192061,"mc":[{"id":"1.231502049","rc":[{"ltp":1.89,"id":26354923}]}]}
{"op":"mcm","clk":"11834119900","pt":1723126294575,"mc":[{"id":"1.231502049","rc":[{"ltp":1.88,"id":26354923}]}]}
{"op":"mcm","clk":"11834142726","pt":1723126514265,"mc":[{"id":"1.231502049","rc":[{"ltp":1.89,"id":26354923}]}]}
{"op":"mcm","clk":"11834170511","pt":1723127119639,"mc":[{"id":"1.231502049","rc":[{"ltp":1.88,"id":26354923}]}]}
{"op":"mcm","clk":"11834225029","pt":1723128095228,"mc":[{"id":"1.231502049","rc":[{"ltp":2.14,"id":26354926},{"ltp":1.87,"id":26354923}]}]}
{"op":"mcm","clk":"11834242031","pt":1723128390336,"mc":[{"id":"1.231502049","rc":[{"ltp":2.16,"id":26354926},{"ltp":1.86,"id":26354923}]}]}
{"op":"mcm","clk":"11834244757","pt":1723128435425,"mc":[{"id":"1.231502049","rc":[{"ltp":2.14,"id":26354926}]}]}
{"op":"mcm","clk":"11834249888","pt":1723128515591,"mc":[{"id":"1.231502049","rc":[{"ltp":1.87,"id":26354923}]}]}
{"op":"mcm","clk":"11834253839","pt":1723128572190,"mc":[{"id":"1.231502049","rc":[{"ltp":1.86,"id":26354923}]}]}
{"op":"mcm","clk":"11834268622","pt":1723128815858,"mc":[{"id":"1.231502049","rc":[{"ltp":1.88,"id":26354923}]}]}
{"op":"mcm","clk":"11834277774","pt":1723128978462,"mc":[{"id":"1.231502049","rc":[{"ltp":1.87,"id":26354923}]}]}
{"op":"mcm","clk":"11834306743","pt":1723129411867,"mc":[{"id":"1.231502049","rc":[{"ltp":1.88,"id":26354923}]}]}
{"op":"mcm","clk":"11834344728","pt":1723129893088,"mc":[{"id":"1.231502049","rc":[{"ltp":1.86,"id":26354923}]}]}
{"op":"mcm","clk":"11834380153","pt":1723130309649,"mc":[{"id":"1.231502049","rc":[{"ltp":1.87,"id":26354923}]}]}
{"op":"mcm","clk":"11834390489","pt":1723130427322,"mc":[{"id":"1.231502049","rc":[{"ltp":1.86,"id":26354923}]}]}
{"op":"mcm","clk":"11834432675","pt":1723130905978,"mc":[{"id":"1.231502049","rc":[{"ltp":1.87,"id":26354923}]}]}
{"op":"mcm","clk":"11834443977","pt":1723131032486,"mc":[{"id":"1.231502049","rc":[{"ltp":1.88,"id":26354923}]}]}
{"op":"mcm","clk":"11834449370","pt":1723131094580,"mc":[{"id":"1.231502049","rc":[{"ltp":2.12,"id":26354926},{"ltp":1.87,"id":26354923}]}]}
{"op":"mcm","clk":"11834491466","pt":1723131573362,"mc":[{"id":"1.231502049","rc":[{"ltp":2.16,"id":26354926},{"ltp":1.86,"id":26354923}]}]}
{"op":"mcm","clk":"11834496548","pt":1723131633662,"mc":[{"id":"1.231502049","rc":[{"ltp":2.12,"id":26354926}]}]}
{"op":"mcm","clk":"11834506517","pt":1723131752837,"mc":[{"id":"1.231502049","rc":[{"ltp":2.16,"id":26354926}]}]}
{"op":"mcm","clk":"11834537140","pt":1723131965933,"mc":[{"id":"1.231502049","rc":[{"ltp":2.14,"id":26354926}]}]}
{"op":"mcm","clk":"11834559554","pt":1723132223632,"mc":[{"id":"1.231502049","rc":[{"ltp":2.16,"id":26354926},{"ltp":1.85,"id":26354923}]}]}
{"op":"mcm","clk":"11834592174","pt":1723132642142,"mc":[{"id":"1.231502049","rc":[{"ltp":1.86,"id":26354923}]}]}
{"op":"mcm","clk":"11834597671","pt":1723132711969,"mc":[{"id":"1.231502049","rc":[{"ltp":1.87,"id":26354923}]}]}
{"op":"mcm","clk":"11834602168","pt":1723132767533,"mc":[{"id":"1.231502049","rc":[{"ltp":1.86,"id":26354923}]}]}
{"op":"mcm","clk":"11834607243","pt":1723132828420,"mc":[{"id":"1.231502049","rc":[{"ltp":2.14,"id":26354926}]}]}
{"op":"mcm","clk":"11834750123","pt":1723134265289,"mc":[{"id":"1.231502049","rc":[{"ltp":2.16,"id":26354926}]}]}
{"op":"mcm","clk":"11834783387","pt":1723134571218,"mc":[{"id":"1.231502049","rc":[{"ltp":1.85,"id":26354923}]}]}
{"op":"mcm","clk":"11834805529","pt":1723134748200,"mc":[{"id":"1.231502049","rc":[{"ltp":2.14,"id":26354926}]}]}
{"op":"mcm","clk":"11834820797","pt":1723134864107,"mc":[{"id":"1.231502049","rc":[{"ltp":2.16,"id":26354926}]}]}
{"op":"mcm","clk":"11834849311","pt":1723135108581,"mc":[{"id":"1.231502049","rc":[{"ltp":1.84,"id":26354923}]}]}
{"op":"mcm","clk":"11834873387","pt":1723135292094,"mc":[{"id":"1.231502049","rc":[{"ltp":1.87,"id":26354923}]}]}
{"op":"mcm","clk":"11834881325","pt":1723135350641,"mc":[{"id":"1.231502049","rc":[{"ltp":1.86,"id":26354923}]}]}
{"op":"mcm","clk":"11834889489","pt":1723135414660,"mc":[{"id":"1.231502049","rc":[{"ltp":1.84,"id":26354923}]}]}
{"op":"mcm","clk":"11834895901","pt":1723135467132,"mc":[{"id":"1.231502049","rc":[{"ltp":1.86,"id":26354923}]}]}
{"op":"mcm","clk":"11834925608","pt":1723135700086,"mc":[{"id":"1.231502049","rc":[{"ltp":1.85,"id":26354923}]}]}
{"op":"mcm","clk":"11834941374","pt":1723135834978,"mc":[{"id":"1.231502049","rc":[{"ltp":2.14,"id":26354926},{"ltp":1.86,"id":26354923}]}]}
{"op":"mcm","clk":"11834955963","pt":1723135947730,"mc":[{"id":"1.231502049","rc":[{"ltp":2.16,"id":26354926}]}]}
{"op":"mcm","clk":"11834979713","pt":1723136132988,"mc":[{"id":"1.231502049","rc":[{"ltp":1.85,"id":26354923}]}]}
{"op":"mcm","clk":"11834987548","pt":1723136195469,"mc":[{"id":"1.231502049","rc":[{"ltp":2.14,"id":26354926},{"ltp":1.88,"id":26354923}]}]}
{"op":"mcm","clk":"11834993954","pt":1723136244090,"mc":[{"id":"1.231502049","rc":[{"ltp":1.87,"id":26354923}]}]}
{"op":"mcm","clk":"11835003430","pt":1723136315691,"mc":[{"id":"1.231502049","rc":[{"ltp":2.12,"id":26354926},{"ltp":1.89,"id":26354923}]}]}
{"op":"mcm","clk":"11835011182","pt":1723136375772,"mc":[{"id":"1.231502049","rc":[{"ltp":2.02,"id":26354926},{"ltp":1.95,"id":26354923}]}]}
{"op":"mcm","clk":"11835019161","pt":1723136434726,"mc":[{"id":"1.231502049","rc":[{"ltp":2.06,"id":26354926},{"ltp":1.94,"id":26354923}]}]}
{"op":"mcm","clk":"11835028085","pt":1723136495496,"mc":[{"id":"1.231502049","rc":[{"ltp":1.91,"id":26354923}]}]}
{"op":"mcm","clk":"11835036541","pt":1723136551671,"mc":[{"id":"1.231502049","rc":[{"ltp":2.12,"id":26354926},{"ltp":1.88,"id":26354923}]}]}
{"op":"mcm","clk":"11835045125","pt":1723136612931,"mc":[{"id":"1.231502049","rc":[{"ltp":2.06,"id":26354926},{"ltp":1.94,"id":26354923}]}]}
{"op":"mcm","clk":"11835053264","pt":1723136674009,"mc":[{"id":"1.231502049","rc":[{"ltp":1.93,"id":26354923}]}]}
{"op":"mcm","clk":"11835061195","pt":1723136730213,"mc":[{"id":"1.231502049","rc":[{"ltp":2.14,"id":26354926},{"ltp":1.86,"id":26354923}]}]}
{"op":"mcm","clk":"11835078229","pt":1723136845820,"mc":[{"id":"1.231502049","rc":[{"ltp":2.12,"id":26354926},{"ltp":1.9,"id":26354923}]}]}
{"op":"mcm","clk":"11835087442","pt":1723136907796,"mc":[{"id":"1.231502049","rc":[{"ltp":1.88,"id":26354923}]}]}
{"op":"mcm","clk":"11835096599","pt":1723136970576,"mc":[{"id":"1.231502049","rc":[{"ltp":2.1,"id":26354926},{"ltp":1.9,"id":26354923}]}]}
{"op":"mcm","clk":"11835105480","pt":1723137030740,"mc":[{"id":"1.231502049","rc":[{"ltp":2.12,"id":26354926},{"ltp":1.89,"id":26354923}]}]}
{"op":"mcm","clk":"11835113282","pt":1723137083799,"mc":[{"id":"1.231502049","rc":[{"ltp":2.1,"id":26354926},{"ltp":1.9,"id":26354923}]}]}
{"op":"mcm","clk":"11835122683","pt":1723137151611,"mc":[{"id":"1.231502049","rc":[{"ltp":2.12,"id":26354926},{"ltp":1.88,"id":26354923}]}]}
{"op":"mcm","clk":"11835153275","pt":1723137274819,"mc":[{"id":"1.231502049","rc":[{"ltp":2.14,"id":26354926}]}]}
{"op":"mcm","clk":"11835161850","pt":1723137333853,"mc":[{"id":"1.231502049","rc":[{"ltp":2.12,"id":26354926},{"ltp":1.89,"id":26354923}]}]}
{"op":"mcm","clk":"11835170793","pt":1723137395953,"mc":[{"id":"1.231502049","rc":[{"ltp":2.1,"id":26354926}]}]}
{"op":"mcm","clk":"11835179554","pt":1723137455448,"mc":[{"id":"1.231502049","rc":[{"ltp":2.08,"id":26354926},{"ltp":1.92,"id":26354923}]}]}
{"op":"mcm","clk":"11835187593","pt":1723137514000,"mc":[{"id":"1.231502049","rc":[{"ltp":1.91,"id":26354923}]}]}
{"op":"mcm","clk":"11835195993","pt":1723137575734,"mc":[{"id":"1.231502049","rc":[{"ltp":2.1,"id":26354926},{"ltp":1.89,"id":26354923}]}]}
{"op":"mcm","clk":"11835204584","pt":1723137635859,"mc":[{"id":"1.231502049","rc":[{"ltp":2.06,"id":26354926},{"ltp":1.9,"id":26354923}]}]}
{"op":"mcm","clk":"11835212772","pt":1723137692876,"mc":[{"id":"1.231502049","rc":[{"ltp":2.08,"id":26354926}]}]}
{"op":"mcm","clk":"11835221625","pt":1723137754138,"mc":[{"id":"1.231502049","rc":[{"ltp":2.1,"id":26354926}]}]}
{"op":"mcm","clk":"11835230129","pt":1723137815883,"mc":[{"id":"1.231502049","rc":[{"ltp":2.06,"id":26354926},{"ltp":1.94,"id":26354923}]}]}
{"op":"mcm","clk":"11835238081","pt":1723137874402,"mc":[{"id":"1.231502049","rc":[{"ltp":1.91,"id":26354923}]}]}
{"op":"mcm","clk":"11835246452","pt":1723137934330,"mc":[{"id":"1.231502049","rc":[{"ltp":1.92,"id":26354923}]}]}
{"op":"mcm","clk":"11835255490","pt":1723137995304,"mc":[{"id":"1.231502049","rc":[{"ltp":1.94,"id":26354923}]}]}
{"op":"mcm","clk":"11835263539","pt":1723138054635,"mc":[{"id":"1.231502049","rc":[{"ltp":2.04,"id":26354926},{"ltp":1.96,"id":26354923}]}]}
{"op":"mcm","clk":"11835272459","pt":1723138115814,"mc":[{"id":"1.231502049","rc":[{"ltp":2.16,"id":26354926},{"ltp":1.87,"id":26354923}]}]}
{"op":"mcm","clk":"11835290422","pt":1723138235132,"mc":[{"id":"1.231502049","marketDefinition":{"bspMarket":false,"turnInPlayEnabled":true,"persistenceEnabled":true,"marketBaseRate":5.0,"eventId":"33472592","eventTypeId":"4","numberOfWinners":1,"bettingType":"ODDS","marketType":"MATCH_ODDS","marketTime":"2024-08-08T17:30:00.000Z","suspendTime":"2024-08-08T17:30:00.000Z","bspReconciled":false,"complete":true,"inPlay":true,"crossMatching":true,"runnersVoidable":false,"numberOfActiveRunners":2,"betDelay":5,"status":"OPEN","runners":[{"status":"ACTIVE","sortPriority":1,"id":26354923,"name":"Oval Invincibles"},{"status":"ACTIVE","sortPriority":2,"id":26354926,"name":"Southern Brave"}],"regulators":["MR_INT"],"countryCode":"GB","discountAllowed":true,"timezone":"GMT","openDate":"2024-08-08T17:30:00.000Z","version":6062048316,"name":"Match Odds","eventName":"Oval Invincibles v Southern Brave"},"rc":[{"ltp":1.85,"id":26354923}]}]}
{"op":"mcm","clk":"11835299976","pt":1723138295782,"mc":[{"id":"1.231502049","rc":[{"ltp":2.18,"id":26354926},{"ltp":1.83,"id":26354923}]}]}
{"op":"mcm","clk":"11835309224","pt":1723138355969,"mc":[{"id":"1.231502049","rc":[{"ltp":2.22,"id":26354926},{"ltp":1.81,"id":26354923}]}]}
{"op":"mcm","clk":"11835318955","pt":1723138415239,"mc":[{"id":"1.231502049","rc":[{"ltp":2.24,"id":26354926},{"ltp":1.8,"id":26354923}]}]}
{"op":"mcm","clk":"11835328643","pt":1723138475965,"mc":[{"id":"1.231502049","rc":[{"ltp":1.81,"id":26354923}]}]}
{"op":"mcm","clk":"11835338496","pt":1723138536035,"mc":[{"id":"1.231502049","rc":[{"ltp":2.22,"id":26354926}]}]}
{"op":"mcm","clk":"11835358379","pt":1723138655742,"mc":[{"id":"1.231502049","rc":[{"ltp":1.8,"id":26354923}]}]}
{"op":"mcm","clk":"11835367593","pt":1723138715799,"mc":[{"id":"1.231502049","rc":[{"ltp":2.2,"id":26354926},{"ltp":1.81,"id":26354923}]}]}
{"op":"mcm","clk":"11835376628","pt":1723138775992,"mc":[{"id":"1.231502049","rc":[{"ltp":2.24,"id":26354926}]}]}
{"op":"mcm","clk":"11835385519","pt":1723138835960,"mc":[{"id":"1.231502049","rc":[{"ltp":2.2,"id":26354926},{"ltp":1.82,"id":26354923}]}]}
{"op":"mcm","clk":"11835394965","pt":1723138895844,"mc":[{"id":"1.231502049","rc":[{"ltp":2.22,"id":26354926},{"ltp":1.81,"id":26354923}]}]}
{"op":"mcm","clk":"11835403950","pt":1723138955416,"mc":[{"id":"1.231502049","rc":[{"ltp":1.82,"id":26354923}]}]}
{"op":"mcm","clk":"11835424074","pt":1723139075915,"mc":[{"id":"1.231502049","rc":[{"ltp":1.83,"id":26354923}]}]}
{"op":"mcm","clk":"11835444457","pt":1723139196045,"mc":[{"id":"1.231502049","rc":[{"ltp":2.2,"id":26354926},{"ltp":1.81,"id":26354923}]}]}
{"op":"mcm","clk":"11835453901","pt":1723139255466,"mc":[{"id":"1.231502049","rc":[{"ltp":1.82,"id":26354923}]}]}
{"op":"mcm","clk":"11835471443","pt":1723139375929,"mc":[{"id":"1.231502049","rc":[{"ltp":1.83,"id":26354923}]}]}
{"op":"mcm","clk":"11835480508","pt":1723139435627,"mc":[{"id":"1.231502049","rc":[{"ltp":2.22,"id":26354926},{"ltp":1.82,"id":26354923}]}]}
{"op":"mcm","clk":"11835489507","pt":1723139495971,"mc":[{"id":"1.231502049","rc":[{"ltp":2.2,"id":26354926}]}]}
{"op":"mcm","clk":"11835498118","pt":1723139555683,"mc":[{"id":"1.231502049","rc":[{"ltp":2.22,"id":26354926},{"ltp":1.81,"id":26354923}]}]}
{"op":"mcm","clk":"11835506617","pt":1723139614175,"mc":[{"id":"1.231502049","rc":[{"ltp":2.2,"id":26354926},{"ltp":1.82,"id":26354923}]}]}
{"op":"mcm","clk":"11835547999","pt":1723139915634,"mc":[{"id":"1.231502049","rc":[{"ltp":2.24,"id":26354926},{"ltp":1.8,"id":26354923}]}]}
{"op":"mcm","clk":"11835557074","pt":1723139975987,"mc":[{"id":"1.231502049","rc":[{"ltp":2.28,"id":26354926},{"ltp":1.79,"id":26354923}]}]}
{"op":"mcm","clk":"11835566583","pt":1723140036023,"mc":[{"id":"1.231502049","rc":[{"ltp":2.24,"id":26354926}]}]}
{"op":"mcm","clk":"11835576285","pt":1723140096009,"mc":[{"id":"1.231502049","rc":[{"ltp":1.8,"id":26354923}]}]}
{"op":"mcm","clk":"11835586303","pt":1723140155968,"mc":[{"id":"1.231502049","rc":[{"ltp":2.22,"id":26354926},{"ltp":1.83,"id":26354923}]}]}
{"op":"mcm","clk":"11835596671","pt":1723140216032,"mc":[{"id":"1.231502049","rc":[{"ltp":2.2,"id":26354926}]}]}
{"op":"mcm","clk":"11835607095","pt":1723140275993,"mc":[{"id":"1.231502049","rc":[{"ltp":2.08,"id":26354926},{"ltp":1.91,"id":26354923}]}]}
{"op":"mcm","clk":"11835627924","pt":1723140396036,"mc":[{"id":"1.231502049","rc":[{"ltp":2.14,"id":26354926},{"ltp":1.88,"id":26354923}]}]}
{"op":"mcm","clk":"11835639507","pt":1723140455950,"mc":[{"id":"1.231502049","rc":[{"ltp":2.26,"id":26354926},{"ltp":1.76,"id":26354923}]}]}
{"op":"mcm","clk":"11835650800","pt":1723140516011,"mc":[{"id":"1.231502049","rc":[{"ltp":2.4,"id":26354926},{"ltp":1.71,"id":26354923}]}]}
{"op":"mcm","clk":"11835662058","pt":1723140576016,"mc":[{"id":"1.231502049","rc":[{"ltp":2.14,"id":26354926},{"ltp":1.87,"id":26354923}]}]}
{"op":"mcm","clk":"11835673234","pt":1723140636030,"mc":[{"id":"1.231502049","rc":[{"ltp":2.18,"id":26354926},{"ltp":1.83,"id":26354923}]}]}
{"op":"mcm","clk":"11835684154","pt":1723140695824,"mc":[{"id":"1.231502049","rc":[{"ltp":2.28,"id":26354926},{"ltp":1.77,"id":26354923}]}]}
{"op":"mcm","clk":"11835695245","pt":1723140756002,"mc":[{"id":"1.231502049","rc":[{"ltp":2.74,"id":26354926},{"ltp":1.56,"id":26354923}]}]}
{"op":"mcm","clk":"11835706976","pt":1723140815992,"mc":[{"id":"1.231502049","rc":[{"ltp":2.84,"id":26354926},{"ltp":1.53,"id":26354923}]}]}
{"op":"mcm","clk":"11835718260","pt":1723140876039,"mc":[{"id":"1.231502049","rc":[{"ltp":2.8,"id":26354926},{"ltp":1.56,"id":26354923}]}]}
{"op":"mcm","clk":"11835730089","pt":1723140935944,"mc":[{"id":"1.231502049","rc":[{"ltp":2.76,"id":26354926},{"ltp":1.57,"id":26354923}]}]}
{"op":"mcm","clk":"11835741655","pt":1723140995988,"mc":[{"id":"1.231502049","rc":[{"ltp":2.82,"id":26354926},{"ltp":1.54,"id":26354923}]}]}
{"op":"mcm","clk":"11835752974","pt":1723141055984,"mc":[{"id":"1.231502049","rc":[{"ltp":2.8,"id":26354926},{"ltp":1.56,"id":26354923}]}]}
{"op":"mcm","clk":"11835764743","pt":1723141115947,"mc":[{"id":"1.231502049","rc":[{"ltp":2.96,"id":26354926},{"ltp":1.51,"id":26354923}]}]}
{"op":"mcm","clk":"11835775833","pt":1723141176038,"mc":[{"id":"1.231502049","rc":[{"ltp":3.25,"id":26354926},{"ltp":1.44,"id":26354923}]}]}
{"op":"mcm","clk":"11835787199","pt":1723141236035,"mc":[{"id":"1.231502049","rc":[{"ltp":1.45,"id":26354923}]}]}
{"op":"mcm","clk":"11835798341","pt":1723141296045,"mc":[{"id":"1.231502049","rc":[{"ltp":4.0,"id":26354926},{"ltp":1.33,"id":26354923}]}]}
{"op":"mcm","clk":"11835820030","pt":1723141416042,"mc":[{"id":"1.231502049","rc":[{"ltp":3.75,"id":26354926},{"ltp":1.35,"id":26354923}]}]}
{"op":"mcm","clk":"11835830564","pt":1723141475947,"mc":[{"id":"1.231502049","rc":[{"ltp":3.9,"id":26354926},{"ltp":1.34,"id":26354923}]}]}
{"op":"mcm","clk":"11835840370","pt":1723141535924,"mc":[{"id":"1.231502049","rc":[{"ltp":3.85,"id":26354926},{"ltp":1.35,"id":26354923}]}]}
{"op":"mcm","clk":"11835861440","pt":1723141656035,"mc":[{"id":"1.231502049","rc":[{"ltp":4.0,"id":26354926},{"ltp":1.33,"id":26354923}]}]}
{"op":"mcm","clk":"11835872878","pt":1723141715995,"mc":[{"id":"1.231502049","rc":[{"ltp":3.7,"id":26354926},{"ltp":1.37,"id":26354923}]}]}
{"op":"mcm","clk":"11835883356","pt":1723141775896,"mc":[{"id":"1.231502049","rc":[{"ltp":3.6,"id":26354926},{"ltp":1.38,"id":26354923}]}]}
{"op":"mcm","clk":"11835893615","pt":1723141835947,"mc":[{"id":"1.231502049","rc":[{"ltp":4.7,"id":26354926},{"ltp":1.27,"id":26354923}]}]}
{"op":"mcm","clk":"11835904138","pt":1723141895863,"mc":[{"id":"1.231502049","rc":[{"ltp":4.6,"id":26354926},{"ltp":1.28,"id":26354923}]}]}
{"op":"mcm","clk":"11835915130","pt":1723141955948,"mc":[{"id":"1.231502049","rc":[{"ltp":4.7,"id":26354926},{"ltp":1.26,"id":26354923}]}]}
{"op":"mcm","clk":"11835936129","pt":1723142075981,"mc":[{"id":"1.231502049","rc":[{"ltp":6.0,"id":26354926},{"ltp":1.2,"id":26354923}]}]}
{"op":"mcm","clk":"11835946212","pt":1723142135941,"mc":[{"id":"1.231502049","rc":[{"ltp":1.19,"id":26354923}]}]}
{"op":"mcm","clk":"11835956293","pt":1723142196040,"mc":[{"id":"1.231502049","rc":[{"ltp":5.5,"id":26354926},{"ltp":1.22,"id":26354923}]}]}
{"op":"mcm","clk":"11835966996","pt":1723142256009,"mc":[{"id":"1.231502049","rc":[{"ltp":5.8,"id":26354926},{"ltp":1.21,"id":26354923}]}]}
{"op":"mcm","clk":"11835978111","pt":1723142315993,"mc":[{"id":"1.231502049","rc":[{"ltp":5.5,"id":26354926},{"ltp":1.22,"id":26354923}]}]}
{"op":"mcm","clk":"11835988481","pt":1723142376025,"mc":[{"id":"1.231502049","rc":[{"ltp":5.2,"id":26354926},{"ltp":1.24,"id":26354923}]}]}
{"op":"mcm","clk":"11835999062","pt":1723142436018,"mc":[{"id":"1.231502049","rc":[{"ltp":5.0,"id":26354926},{"ltp":1.25,"id":26354923}]}]}
{"op":"mcm","clk":"11836009758","pt":1723142495953,"mc":[{"id":"1.231502049","rc":[{"ltp":5.2,"id":26354926},{"ltp":1.23,"id":26354923}]}]}
{"op":"mcm","clk":"11836020707","pt":1723142556026,"mc":[{"id":"1.231502049","rc":[{"ltp":5.3,"id":26354926}]}]}
{"op":"mcm","clk":"11836044173","pt":1723142616035,"mc":[{"id":"1.231502049","rc":[{"ltp":5.0,"id":26354926},{"ltp":1.24,"id":26354923}]}]}
{"op":"mcm","clk":"11836054323","pt":1723142675989,"mc":[{"id":"1.231502049","rc":[{"ltp":5.5,"id":26354926},{"ltp":1.22,"id":26354923}]}]}
{"op":"mcm","clk":"11836063760","pt":1723142735955,"mc":[{"id":"1.231502049","rc":[{"ltp":4.1,"id":26354926},{"ltp":1.32,"id":26354923}]}]}
{"op":"mcm","clk":"11836073466","pt":1723142796015,"mc":[{"id":"1.231502049","rc":[{"ltp":3.8,"id":26354926},{"ltp":1.35,"id":26354923}]}]}
{"op":"mcm","clk":"11836083306","pt":1723142855981,"mc":[{"id":"1.231502049","rc":[{"ltp":4.0,"id":26354926},{"ltp":1.32,"id":26354923}]}]}
{"op":"mcm","clk":"11836093022","pt":1723142915951,"mc":[{"id":"1.231502049","rc":[{"ltp":4.2,"id":26354926},{"ltp":1.31,"id":26354923}]}]}
{"op":"mcm","clk":"11836102465","pt":1723142975935,"mc":[{"id":"1.231502049","rc":[{"ltp":4.3,"id":26354926}]}]}
{"op":"mcm","clk":"11836110937","pt":1723143035987,"mc":[{"id":"1.231502049","rc":[{"ltp":4.2,"id":26354926}]}]}
{"op":"mcm","clk":"11836119024","pt":1723143095833,"mc":[{"id":"1.231502049","rc":[{"ltp":3.7,"id":26354926},{"ltp":1.36,"id":26354923}]}]}
{"op":"mcm","clk":"11836127638","pt":1723143155939,"mc":[{"id":"1.231502049","rc":[{"ltp":3.6,"id":26354926},{"ltp":1.37,"id":26354923}]}]}
{"op":"mcm","clk":"11836136129","pt":1723143215990,"mc":[{"id":"1.231502049","rc":[{"ltp":3.25,"id":26354926},{"ltp":1.44,"id":26354923}]}]}
{"op":"mcm","clk":"11836143913","pt":1723143275856,"mc":[{"id":"1.231502049","rc":[{"ltp":3.35,"id":26354926},{"ltp":1.42,"id":26354923}]}]}
{"op":"mcm","clk":"11836159431","pt":1723143396031,"mc":[{"id":"1.231502049","rc":[{"ltp":1.41,"id":26354923}]}]}
{"op":"mcm","clk":"11836167332","pt":1723143456010,"mc":[{"id":"1.231502049","rc":[{"ltp":3.5,"id":26354926}]}]}
{"op":"mcm","clk":"11836175656","pt":1723143515960,"mc":[{"id":"1.231502049","rc":[{"ltp":3.55,"id":26354926},{"ltp":1.38,"id":26354923}]}]}
{"op":"mcm","clk":"11836184064","pt":1723143575850,"mc":[{"id":"1.231502049","rc":[{"ltp":3.6,"id":26354926}]}]}
{"op":"mcm","clk":"11836192815","pt":1723143636002,"mc":[{"id":"1.231502049","rc":[{"ltp":4.0,"id":26354926},{"ltp":1.33,"id":26354923}]}]}
{"op":"mcm","clk":"11836201465","pt":1723143696017,"mc":[{"id":"1.231502049","rc":[{"ltp":3.45,"id":26354926},{"ltp":1.41,"id":26354923}]}]}
{"op":"mcm","clk":"11836208921","pt":1723143755955,"mc":[{"id":"1.231502049","rc":[{"ltp":4.2,"id":26354926},{"ltp":1.31,"id":26354923}]}]}
{"op":"mcm","clk":"11836215927","pt":1723143816042,"mc":[{"id":"1.231502049","rc":[{"ltp":1.32,"id":26354923}]}]}
{"op":"mcm","clk":"11836223024","pt":1723143876000,"mc":[{"id":"1.231502049","rc":[{"ltp":1.3,"id":26354923}]}]}
{"op":"mcm","clk":"11836230237","pt":1723143935978,"mc":[{"id":"1.231502049","rc":[{"ltp":6.2,"id":26354926},{"ltp":1.19,"id":26354923}]}]}
{"op":"mcm","clk":"11836238026","pt":1723143995966,"mc":[{"id":"1.231502049","rc":[{"ltp":5.5,"id":26354926},{"ltp":1.21,"id":26354923}]}]}
{"op":"mcm","clk":"11836245775","pt":1723144056038,"mc":[{"id":"1.231502049","rc":[{"ltp":5.9,"id":26354926}]}]}
{"op":"mcm","clk":"11836253206","pt":1723144115994,"mc":[{"id":"1.231502049","rc":[{"ltp":5.6,"id":26354926},{"ltp":1.22,"id":26354923}]}]}
{"op":"mcm","clk":"11836261173","pt":1723144175974,"mc":[{"id":"1.231502049","rc":[{"ltp":5.5,"id":26354926}]}]}
{"op":"mcm","clk":"11836269155","pt":1723144235975,"mc":[{"id":"1.231502049","rc":[{"ltp":5.3,"id":26354926},{"ltp":1.25,"id":26354923}]}]}
{"op":"mcm","clk":"11836277607","pt":1723144296034,"mc":[{"id":"1.231502049","rc":[{"ltp":1.23,"id":26354923}]}]}
{"op":"mcm","clk":"11836286099","pt":1723144356032,"mc":[{"id":"1.231502049","rc":[{"ltp":4.4,"id":26354926},{"ltp":1.28,"id":26354923}]}]}
{"op":"mcm","clk":"11836294698","pt":1723144415944,"mc":[{"id":"1.231502049","rc":[{"ltp":4.3,"id":26354926},{"ltp":1.29,"id":26354923}]}]}
{"op":"mcm","clk":"11836302335","pt":1723144476016,"mc":[{"id":"1.231502049","rc":[{"ltp":3.6,"id":26354926},{"ltp":1.37,"id":26354923}]}]}
{"op":"mcm","clk":"11836310806","pt":1723144535919,"mc":[{"id":"1.231502049","rc":[{"ltp":3.9,"id":26354926},{"ltp":1.34,"id":26354923}]}]}
{"op":"mcm","clk":"11836319109","pt":1723144595835,"mc":[{"id":"1.231502049","rc":[{"ltp":1.33,"id":26354923}]}]}
{"op":"mcm","clk":"11836326867","pt":1723144656023,"mc":[{"id":"1.231502049","rc":[{"ltp":4.1,"id":26354926},{"ltp":1.31,"id":26354923}]}]}
{"op":"mcm","clk":"11836334979","pt":1723144715885,"mc":[{"id":"1.231502049","rc":[{"ltp":1.33,"id":26354923}]}]}
{"op":"mcm","clk":"11836343106","pt":1723144776021,"mc":[{"id":"1.231502049","rc":[{"ltp":3.7,"id":26354926},{"ltp":1.37,"id":26354923}]}]}
{"op":"mcm","clk":"11836350292","pt":1723144835954,"mc":[{"id":"1.231502049","rc":[{"ltp":3.6,"id":26354926},{"ltp":1.39,"id":26354923}]}]}
{"op":"mcm","clk":"11836357985","pt":1723144896004,"mc":[{"id":"1.231502049","rc":[{"ltp":1.38,"id":26354923}]}]}
{"op":"mcm","clk":"11836365266","pt":1723144955636,"mc":[{"id":"1.231502049","rc":[{"ltp":1.39,"id":26354923}]}]}
{"op":"mcm","clk":"11836372848","pt":1723145015956,"mc":[{"id":"1.231502049","rc":[{"ltp":3.7,"id":26354926},{"ltp":1.37,"id":26354923}]}]}
{"op":"mcm","clk":"11836380549","pt":1723145076003,"mc":[{"id":"1.231502049","rc":[{"ltp":3.65,"id":26354926},{"ltp":1.38,"id":26354923}]}]}
{"op":"mcm","clk":"11836388129","pt":1723145135588,"mc":[{"id":"1.231502049","rc":[{"ltp":3.7,"id":26354926}]}]}
{"op":"mcm","clk":"11836395671","pt":1723145195986,"mc":[{"id":"1.231502049","rc":[{"ltp":3.6,"id":26354926}]}]}
{"op":"mcm","clk":"11836402652","pt":1723145255570,"mc":[{"id":"1.231502049","rc":[{"ltp":3.65,"id":26354926},{"ltp":1.37,"id":26354923}]}]}
{"op":"mcm","clk":"11836410207","pt":1723145315733,"mc":[{"id":"1.231502049","rc":[{"ltp":3.5,"id":26354926},{"ltp":1.4,"id":26354923}]}]}
{"op":"mcm","clk":"11836418371","pt":1723145376038,"mc":[{"id":"1.231502049","rc":[{"ltp":4.5,"id":26354926},{"ltp":1.3,"id":26354923}]}]}
{"op":"mcm","clk":"11836426645","pt":1723145435995,"mc":[{"id":"1.231502049","rc":[{"ltp":3.25,"id":26354926},{"ltp":1.45,"id":26354923}]}]}
{"op":"mcm","clk":"11836434310","pt":1723145496040,"mc":[{"id":"1.231502049","rc":[{"ltp":3.45,"id":26354926},{"ltp":1.41,"id":26354923}]}]}
{"op":"mcm","clk":"11836441946","pt":1723145556014,"mc":[{"id":"1.231502049","rc":[{"ltp":3.25,"id":26354926},{"ltp":1.43,"id":26354923}]}]}
{"op":"mcm","clk":"11836450471","pt":1723145615982,"mc":[{"id":"1.231502049","rc":[{"ltp":2.94,"id":26354926},{"ltp":1.52,"id":26354923}]}]}
{"op":"mcm","clk":"11836458739","pt":1723145676035,"mc":[{"id":"1.231502049","rc":[{"ltp":3.0,"id":26354926},{"ltp":1.49,"id":26354923}]}]}
{"op":"mcm","clk":"11836466684","pt":1723145736012,"mc":[{"id":"1.231502049","rc":[{"ltp":3.25,"id":26354926},{"ltp":1.43,"id":26354923}]}]}
{"op":"mcm","clk":"11836474443","pt":1723145796006,"mc":[{"id":"1.231502049","rc":[{"ltp":3.1,"id":26354926},{"ltp":1.48,"id":26354923}]}]}
{"op":"mcm","clk":"11836481539","pt":1723145855893,"mc":[{"id":"1.231502049","rc":[{"ltp":3.2,"id":26354926},{"ltp":1.46,"id":26354923}]}]}
{"op":"mcm","clk":"11836488892","pt":1723145915949,"mc":[{"id":"1.231502049","rc":[{"ltp":2.88,"id":26354926},{"ltp":1.53,"id":26354923}]}]}
{"op":"mcm","clk":"11836495878","pt":1723145976003,"mc":[{"id":"1.231502049","rc":[{"ltp":2.86,"id":26354926},{"ltp":1.54,"id":26354923}]}]}
{"op":"mcm","clk":"11836502668","pt":1723146035959,"mc":[{"id":"1.231502049","rc":[{"ltp":3.4,"id":26354926},{"ltp":1.41,"id":26354923}]}]}
{"op":"mcm","clk":"11836508988","pt":1723146096044,"mc":[{"id":"1.231502049","rc":[{"ltp":4.0,"id":26354926},{"ltp":1.33,"id":26354923}]}]}
{"op":"mcm","clk":"11836515210","pt":1723146155954,"mc":[{"id":"1.231502049","rc":[{"ltp":3.75,"id":26354926},{"ltp":1.36,"id":26354923}]}]}
{"op":"mcm","clk":"11836521479","pt":1723146216028,"mc":[{"id":"1.231502049","rc":[{"ltp":4.0,"id":26354926},{"ltp":1.33,"id":26354923}]}]}
{"op":"mcm","clk":"11836528440","pt":1723146276000,"mc":[{"id":"1.231502049","rc":[{"ltp":5.7,"id":26354926},{"ltp":1.21,"id":26354923}]}]}
{"op":"mcm","clk":"11836536148","pt":1723146335957,"mc":[{"id":"1.231502049","rc":[{"ltp":5.3,"id":26354926},{"ltp":1.23,"id":26354923}]}]}
{"op":"mcm","clk":"11836544283","pt":1723146396008,"mc":[{"id":"1.231502049","rc":[{"ltp":1.24,"id":26354923}]}]}
{"op":"mcm","clk":"11836551534","pt":1723146456008,"mc":[{"id":"1.231502049","rc":[{"ltp":4.6,"id":26354926},{"ltp":1.28,"id":26354923}]}]}
{"op":"mcm","clk":"11836557705","pt":1723146515973,"mc":[{"id":"1.231502049","rc":[{"ltp":4.7,"id":26354926},{"ltp":1.27,"id":26354923}]}]}
{"op":"mcm","clk":"11836563785","pt":1723146575985,"mc":[{"id":"1.231502049","rc":[{"ltp":7.6,"id":26354926},{"ltp":1.15,"id":26354923}]}]}
{"op":"mcm","clk":"11836570554","pt":1723146635966,"mc":[{"id":"1.231502049","rc":[{"ltp":1.14,"id":26354923}]}]}
{"op":"mcm","clk":"11836577997","pt":1723146695907,"mc":[{"id":"1.231502049","rc":[{"ltp":6.4,"id":26354926},{"ltp":1.19,"id":26354923}]}]}
{"op":"mcm","clk":"11836584882","pt":1723146755971,"mc":[{"id":"1.231502049","rc":[{"ltp":5.8,"id":26354926},{"ltp":1.21,"id":26354923}]}]}
{"op":"mcm","clk":"11836591594","pt":1723146816033,"mc":[{"id":"1.231502049","rc":[{"ltp":4.8,"id":26354926},{"ltp":1.26,"id":26354923}]}]}
{"op":"mcm","clk":"11836597700","pt":1723146875958,"mc":[{"id":"1.231502049","rc":[{"ltp":4.3,"id":26354926},{"ltp":1.3,"id":26354923}]}]}
{"op":"mcm","clk":"11836603601","pt":1723146936043,"mc":[{"id":"1.231502049","rc":[{"ltp":3.9,"id":26354926},{"ltp":1.35,"id":26354923}]}]}
{"op":"mcm","clk":"11836609865","pt":1723146996036,"mc":[{"id":"1.231502049","rc":[{"ltp":3.55,"id":26354926},{"ltp":1.39,"id":26354923}]}]}
{"op":"mcm","clk":"11836615380","pt":1723147056004,"mc":[{"id":"1.231502049","rc":[{"ltp":3.75,"id":26354926},{"ltp":1.37,"id":26354923}]}]}
{"op":"mcm","clk":"11836620912","pt":1723147115991,"mc":[{"id":"1.231502049","rc":[{"ltp":3.5,"id":26354926},{"ltp":1.4,"id":26354923}]}]}
{"op":"mcm","clk":"11836626415","pt":1723147175969,"mc":[{"id":"1.231502049","rc":[{"ltp":3.3,"id":26354926},{"ltp":1.44,"id":26354923}]}]}
{"op":"mcm","clk":"11836631867","pt":1723147235956,"mc":[{"id":"1.231502049","rc":[{"ltp":3.1,"id":26354926},{"ltp":1.48,"id":26354923}]}]}
{"op":"mcm","clk":"11836637344","pt":1723147295969,"mc":[{"id":"1.231502049","rc":[{"ltp":2.72,"id":26354926},{"ltp":1.57,"id":26354923}]}]}
{"op":"mcm","clk":"11836642862","pt":1723147355952,"mc":[{"id":"1.231502049","rc":[{"ltp":1.89,"id":26354926},{"ltp":2.12,"id":26354923}]}]}
{"op":"mcm","clk":"11836648476","pt":1723147416005,"mc":[{"id":"1.231502049","rc":[{"ltp":2.2,"id":26354926},{"ltp":1.85,"id":26354923}]}]}
{"op":"mcm","clk":"11836653913","pt":1723147475989,"mc":[{"id":"1.231502049","rc":[{"ltp":1.73,"id":26354926},{"ltp":2.38,"id":26354923}]}]}
{"op":"mcm","clk":"11836658724","pt":1723147535941,"mc":[{"id":"1.231502049","rc":[{"ltp":2.08,"id":26354926},{"ltp":1.92,"id":26354923}]}]}
{"op":"mcm","clk":"11836663801","pt":1723147595950,"mc":[{"id":"1.231502049","rc":[{"ltp":2.36,"id":26354926},{"ltp":1.73,"id":26354923}]}]}
{"op":"mcm","clk":"11836669294","pt":1723147656037,"mc":[{"id":"1.231502049","rc":[{"ltp":2.26,"id":26354926},{"ltp":1.8,"id":26354923}]}]}
{"op":"mcm","clk":"11836674268","pt":1723147716014,"mc":[{"id":"1.231502049","rc":[{"ltp":3.2,"id":26354926},{"ltp":1.45,"id":26354923}]}]}
{"op":"mcm","clk":"11836678913","pt":1723147775992,"mc":[{"id":"1.231502049","rc":[{"ltp":3.05,"id":26354926},{"ltp":1.48,"id":26354923}]}]}
{"op":"mcm","clk":"11836682655","pt":1723147835983,"mc":[{"id":"1.231502049","rc":[{"ltp":2.6,"id":26354926},{"ltp":1.63,"id":26354923}]}]}
{"op":"mcm","clk":"11836686149","pt":1723147895967,"mc":[{"id":"1.231502049","rc":[{"ltp":2.42,"id":26354926},{"ltp":1.73,"id":26354923}]}]}
{"op":"mcm","clk":"11836688958","pt":1723147956015,"mc":[{"id":"1.231502049","rc":[{"ltp":2.54,"id":26354926},{"ltp":1.64,"id":26354923}]}]}
{"op":"mcm","clk":"11836704700","pt":1723148016016,"mc":[{"id":"1.231502049","rc":[{"ltp":1.65,"id":26354923}]}]}
{"op":"mcm","clk":"11836707735","pt":1723148075982,"mc":[{"id":"1.231502049","rc":[{"ltp":2.36,"id":26354926},{"ltp":1.71,"id":26354923}]}]}
{"op":"mcm","clk":"11836710903","pt":1723148135946,"mc":[{"id":"1.231502049","rc":[{"ltp":3.5,"id":26354926},{"ltp":1.4,"id":26354923}]}]}
{"op":"mcm","clk":"11836713619","pt":1723148195858,"mc":[{"id":"1.231502049","rc":[{"ltp":3.25,"id":26354926},{"ltp":1.45,"id":26354923}]}]}
{"op":"mcm","clk":"11836716300","pt":1723148256010,"mc":[{"id":"1.231502049","rc":[{"ltp":5.5,"id":26354926},{"ltp":1.23,"id":26354923}]}]}
{"op":"mcm","clk":"11836719499","pt":1723148316000,"mc":[{"id":"1.231502049","rc":[{"ltp":4.5,"id":26354926},{"ltp":1.29,"id":26354923}]}]}
{"op":"mcm","clk":"11836722234","pt":1723148376018,"mc":[{"id":"1.231502049","rc":[{"ltp":4.3,"id":26354926},{"ltp":1.3,"id":26354923}]}]}
{"op":"mcm","clk":"11836724977","pt":1723148435984,"mc":[{"id":"1.231502049","rc":[{"ltp":6.2,"id":26354926},{"ltp":1.19,"id":26354923}]}]}
{"op":"mcm","clk":"11836728208","pt":1723148495982,"mc":[{"id":"1.231502049","rc":[{"ltp":5.6,"id":26354926},{"ltp":1.21,"id":26354923}]}]}
{"op":"mcm","clk":"11836731621","pt":1723148555936,"mc":[{"id":"1.231502049","rc":[{"ltp":12.0,"id":26354926},{"ltp":1.09,"id":26354923}]}]}
{"op":"mcm","clk":"11836734803","pt":1723148616026,"mc":[{"id":"1.231502049","rc":[{"ltp":26.0,"id":26354926},{"ltp":1.04,"id":26354923}]}]}
{"op":"mcm","clk":"11836740539","pt":1723148736031,"mc":[{"id":"1.231502049","rc":[{"ltp":55.0,"id":26354926},{"ltp":1.02,"id":26354923}]}]}
{"op":"mcm","clk":"11836744036","pt":1723148796025,"mc":[{"id":"1.231502049","rc":[{"ltp":80.0,"id":26354926},{"ltp":1.01,"id":26354923}]}]}
{"op":"mcm","clk":"11836747791","pt":1723148855981,"mc":[{"id":"1.231502049","rc":[{"ltp":50.0,"id":26354926},{"ltp":1.02,"id":26354923}]}]}
{"op":"mcm","clk":"11836751253","pt":1723148915866,"mc":[{"id":"1.231502049","rc":[{"ltp":60.0,"id":26354926},{"ltp":1.01,"id":26354923}]}]}
{"op":"mcm","clk":"11836753749","pt":1723148975912,"mc":[{"id":"1.231502049","rc":[{"ltp":70.0,"id":26354926},{"ltp":1.02,"id":26354923}]}]}
{"op":"mcm","clk":"11836756356","pt":1723149035770,"mc":[{"id":"1.231502049","rc":[{"ltp":110.0,"id":26354926},{"ltp":1.01,"id":26354923}]}]}
{"op":"mcm","clk":"11836759059","pt":1723149095471,"mc":[{"id":"1.231502049","rc":[{"ltp":75.0,"id":26354926}]}]}
{"op":"mcm","clk":"11836761672","pt":1723149155629,"mc":[{"id":"1.231502049","rc":[{"ltp":120.0,"id":26354926}]}]}
{"op":"mcm","clk":"11836764240","pt":1723149215834,"mc":[{"id":"1.231502049","rc":[{"ltp":130.0,"id":26354926}]}]}
{"op":"mcm","clk":"11836766794","pt":1723149275867,"mc":[{"id":"1.231502049","rc":[{"ltp":160.0,"id":26354926}]}]}
{"op":"mcm","clk":"11836769221","pt":1723149332924,"mc":[{"id":"1.231502049","rc":[{"ltp":990.0,"id":26354926}]}]}
{"op":"mcm","clk":"11836771701","pt":1723149395982,"mc":[{"id":"1.231502049","marketDefinition":{"bspMarket":false,"turnInPlayEnabled":true,"persistenceEnabled":true,"marketBaseRate":5.0,"eventId":"33472592","eventTypeId":"4","numberOfWinners":1,"bettingType":"ODDS","marketType":"MATCH_ODDS","marketTime":"2024-08-08T17:30:00.000Z","suspendTime":"2024-08-08T17:30:00.000Z","bspReconciled":false,"complete":true,"inPlay":true,"crossMatching":true,"runnersVoidable":false,"numberOfActiveRunners":2,"betDelay":5,"status":"SUSPENDED","runners":[{"status":"ACTIVE","sortPriority":1,"id":26354923,"name":"Oval Invincibles"},{"status":"ACTIVE","sortPriority":2,"id":26354926,"name":"Southern Brave"}],"regulators":["MR_INT"],"countryCode":"GB","discountAllowed":true,"timezone":"GMT","openDate":"2024-08-08T17:30:00.000Z","version":6062467896,"name":"Match Odds","eventName":"Oval Invincibles v Southern Brave"},"rc":[{"ltp":1000.0,"id":26354926}]}]}
{"op":"mcm","clk":"11836778810","pt":1723149570611,"mc":[{"id":"1.231502049","marketDefinition":{"bspMarket":false,"turnInPlayEnabled":true,"persistenceEnabled":true,"marketBaseRate":5.0,"eventId":"33472592","eventTypeId":"4","numberOfWinners":1,"bettingType":"ODDS","marketType":"MATCH_ODDS","marketTime":"2024-08-08T17:30:00.000Z","suspendTime":"2024-08-08T17:30:00.000Z","bspReconciled":false,"complete":true,"inPlay":true,"crossMatching":false,"runnersVoidable":false,"numberOfActiveRunners":0,"betDelay":5,"status":"CLOSED","settledTime":"2024-08-08T20:38:12.000Z","runners":[{"status":"WINNER","sortPriority":1,"id":26354923,"name":"Oval Invincibles"},{"status":"LOSER","sortPriority":2,"id":26354926,"name":"Southern Brave"}],"regulators":["MR_INT"],"countryCode":"GB","discountAllowed":true,"timezone":"GMT","openDate":"2024-08-08T17:30:00.000Z","version":6062470096,"name":"Match Odds","eventName":"Oval Invincibles v Southern Brave"}}]}
