{"op":"mcm","clk":"11801853171","pt":1722680416529,"mc":[{"id":"1.231398046","marketDefinition":{"bspMarket":false,"turnInPlayEnabled":true,"persistenceEnabled":true,"marketBaseRate":5.0,"eventId":"33465104","eventTypeId":"4","numberOfWinners":1,"bettingType":"ODDS","marketType":"MATCH_ODDS","marketTime":"2024-08-05T14:00:00.000Z","suspendTime":"2024-08-05T14:00:00.000Z","bspReconciled":false,"complete":true,"inPlay":false,"crossMatching":true,"runnersVoidable":false,"numberOfActiveRunners":2,"betDelay":0,"status":"OPEN","runners":[{"status":"ACTIVE","sortPriority":1,"id":40096581,"name":"Welsh Fire Women"},{"status":"ACTIVE","sortPriority":2,"id":40096579,"name":"Southern Brave Women"}],"regulators":["MR_INT"],"countryCode":"GB","discountAllowed":true,"timezone":"GMT","openDate":"2024-08-05T14:00:00.000Z","version":6053011875,"name":"Match Odds","eventName":"Welsh Fire Women v Southern Brave Women"}}]}
{"op":"mcm","clk":"11810785409","pt":1722751652444,"mc":[{"id":"1.231398046","rc":[{"ltp":2.06,"id":40096581}]}]}
{"op":"mcm","clk":"11812072895","pt":1722772803409,"mc":[{"id":"1.231398046","rc":[{"ltp":1.94,"id":40096579}]}]}
{"op":"mcm","clk":"11815656643","pt":1722801653347,"mc":[{"id":"1.231398046","rc":[{"ltp":2.0,"id":40096581}]}]}
{"op":"mcm","clk":"11815709013","pt":1722802152637,"mc":[{"id":"1.231398046","rc":[{"ltp":1.9,"id":40096579},{"ltp":2.1,"id":40096581}]}]}
{"op":"mcm","clk":"11815781283","pt":1722802739196,"mc":[{"id":"1.231398046","rc":[{"ltp":1.86,"id":40096579}]}]}
{"op":"mcm","clk":"11815787635","pt":1722802802964,"mc":[{"id":"1.231398046","rc":[{"ltp":1.9,"id":40096579}]}]}
{"op":"mcm","clk":"11815794934","pt":1722802867749,"mc":[{"id":"1.231398046","rc":[{"ltp":1.94,"id":40096579},{"ltp":2.06,"id":40096581}]}]}
{"op":"mcm","clk":"11815802242","pt":1722802930292,"mc":[{"id":"1.231398046","rc":[{"ltp":1.9,"id":40096579},{"ltp":2.1,"id":40096581}]}]}
{"op":"mcm","clk":"11816003664","pt":1722805453920,"mc":[{"id":"1.231398046","rc":[{"ltp":1.82,"id":40096579}]}]}
{"op":"mcm","clk":"11816050250","pt":1722806353313,"mc":[{"id":"1.231398046","rc":[{"ltp":2.14,"id":40096581}]}]}
{"op":"mcm","clk":"11816384270","pt":1722812411395,"mc":[{"id":"1.231398046","rc":[{"ltp":2.18,"id":40096581}]}]}
{"op":"mcm","clk":"11816513684","pt":1722815113911,"mc":[{"id":"1.231398046","rc":[{"ltp":2.16,"id":40096581}]}]}
{"op":"mcm","clk":"11816580955","pt":1722817007299,"mc":[{"id":"1.231398046","rc":[{"ltp":1.84,"id":40096579}]}]}
{"op":"mcm","clk":"11816582829","pt":1722817048209,"mc":[{"id":"1.231398046","rc":[{"ltp":1.83,"id":40096579}]}]}
{"op":"mcm","clk":"11816598617","pt":1722817383819,"mc":[{"id":"1.231398046","rc":[{"ltp":1.85,"id":40096579}]}]}
{"op":"mcm","clk":"11816646870","pt":1722818505774,"mc":[{"id":"1.231398046","rc":[{"ltp":1.82,"id":40096579}]}]}
{"op":"mcm","clk":"11816725150","pt":1722820694196,"mc":[{"id":"1.231398046","rc":[{"ltp":1.88,"id":40096579},{"ltp":2.12,"id":40096581}]}]}
{"op":"mcm","clk":"11816727523","pt":1722820753873,"mc":[{"id":"1.231398046","rc":[{"ltp":1.9,"id":40096579}]}]}
{"op":"mcm","clk":"11816893365","pt":1722825433739,"mc":[{"id":"1.231398046","rc":[{"ltp":1.83,"id":40096579}]}]}
{"op":"mcm","clk":"11816972294","pt":1722827671900,"mc":[{"id":"1.231398046","rc":[{"ltp":2.18,"id":40096581}]}]}
{"op":"mcm","clk":"11816983371","pt":1722828006121,"mc":[{"id":"1.231398046","rc":[{"ltp":1.85,"id":40096579}]}]}
{"op":"mcm","clk":"11817008696","pt":1722828972985,"mc":[{"id":"1.231398046","rc":[{"ltp":1.83,"id":40096579}]}]}
{"op":"mcm","clk":"11817011131","pt":1722829093695,"mc":[{"id":"1.231398046","rc":[{"ltp":2.2,"id":40096581}]}]}
{"op":"mcm","clk":"11817015519","pt":1722829274471,"mc":[{"id":"1.231398046","rc":[{"ltp":1.8,"id":40096579},{"ltp":2.26,"id":40096581}]}]}
{"op":"mcm","clk":"11817024256","pt":1722829388754,"mc":[{"id":"1.231398046","rc":[{"ltp":1.81,"id":40096579}]}]}
{"op":"mcm","clk":"11817043665","pt":1722830224117,"mc":[{"id":"1.231398046","rc":[{"ltp":2.18,"id":40096581}]}]}
{"op":"mcm","clk":"11817172205","pt":1722834932227,"mc":[{"id":"1.231398046","rc":[{"ltp":2.2,"id":40096581}]}]}
{"op":"mcm","clk":"11817189002","pt":1722835627725,"mc":[{"id":"1.231398046","rc":[{"ltp":2.22,"id":40096581}]}]}
{"op":"mcm","clk":"11817211899","pt":1722836434743,"mc":[{"id":"1.231398046","rc":[{"ltp":1.8,"id":40096579}]}]}
{"op":"mcm","clk":"11817234525","pt":1722837099256,"mc":[{"id":"1.231398046","rc":[{"ltp":1.81,"id":40096579}]}]}
{"op":"mcm","clk":"11817262024","pt":1722838093302,"mc":[{"id":"1.231398046","rc":[{"ltp":1.83,"id":40096579}]}]}
{"op":"mcm","clk":"11817278493","pt":1722838689794,"mc":[{"id":"1.231398046","rc":[{"ltp":1.84,"id":40096579},{"ltp":2.2,"id":40096581}]}]}
{"op":"mcm","clk":"11817291082","pt":1722839037160,"mc":[{"id":"1.231398046","rc":[{"ltp":1.85,"id":40096579}]}]}
{"op":"mcm","clk":"11817300104","pt":1722839352331,"mc":[{"id":"1.231398046","rc":[{"ltp":1.84,"id":40096579}]}]}
{"op":"mcm","clk":"11817336458","pt":1722840420020,"mc":[{"id":"1.231398046","rc":[{"ltp":2.18,"id":40096581}]}]}
{"op":"mcm","clk":"11817344710","pt":1722840703119,"mc":[{"id":"1.231398046","rc":[{"ltp":1.85,"id":40096579}]}]}
{"op":"mcm","clk":"11817371102","pt":1722841500312,"mc":[{"id":"1.231398046","rc":[{"ltp":2.2,"id":40096581}]}]}
{"op":"mcm","clk":"11817385305","pt":1722841926628,"mc":[{"id":"1.231398046","rc":[{"ltp":2.18,"id":40096581}]}]}
{"op":"mcm","clk":"11817386503","pt":1722841972217,"mc":[{"id":"1.231398046","rc":[{"ltp":1.83,"id":40096579},{"ltp":2.22,"id":40096581}]}]}
{"op":"mcm","clk":"11817398228","pt":1722842347108,"mc":[{"id":"1.231398046","rc":[{"ltp":1.82,"id":40096579}]}]}
{"op":"mcm","clk":"11817410416","pt":1722842713867,"mc":[{"id":"1.231398046","rc":[{"ltp":1.8,"id":40096579},{"ltp":2.24,"id":40096581}]}]}
{"op":"mcm","clk":"11817414948","pt":1722842832809,"mc":[{"id":"1.231398046","rc":[{"ltp":1.81,"id":40096579},{"ltp":2.22,"id":40096581}]}]}
{"op":"mcm","clk":"11817428152","pt":1722843193993,"mc":[{"id":"1.231398046","rc":[{"ltp":1.82,"id":40096579}]}]}
{"op":"mcm","clk":"11817430997","pt":1722843272981,"mc":[{"id":"1.231398046","rc":[{"ltp":2.2,"id":40096581}]}]}
{"op":"mcm","clk":"11817476353","pt":1722844529457,"mc":[{"id":"1.231398046","rc":[{"ltp":1.8,"id":40096579}]}]}
{"op":"mcm","clk":"11817486789","pt":1722844837779,"mc":[{"id":"1.231398046","rc":[{"ltp":1.82,"id":40096579}]}]}
{"op":"mcm","clk":"11817490106","pt":1722844924993,"mc":[{"id":"1.231398046","rc":[{"ltp":1.81,"id":40096579}]}]}
{"op":"mcm","clk":"11817497627","pt":1722845103961,"mc":[{"id":"1.231398046","rc":[{"ltp":1.82,"id":40096579}]}]}
{"op":"mcm","clk":"11817510994","pt":1722845435181,"mc":[{"id":"1.231398046","rc":[{"ltp":1.81,"id":40096579}]}]}
{"op":"mcm","clk":"11817552935","pt":1722846298015,"mc":[{"id":"1.231398046","rc":[{"ltp":1.82,"id":40096579}]}]}
{"op":"mcm","clk":"11817556293","pt":1722846402756,"mc":[{"id":"1.231398046","rc":[{"ltp":1.81,"id":40096579}]}]}
{"op":"mcm","clk":"11817589064","pt":1722847141018,"mc":[{"id":"1.231398046","rc":[{"ltp":1.82,"id":40096579}]}]}
{"op":"mcm","clk":"11817592281","pt":1722847205828,"mc":[{"id":"1.231398046","rc":[{"ltp":2.22,"id":40096581}]}]}
{"op":"mcm","clk":"11817613604","pt":1722847688346,"mc":[{"id":"1.231398046","rc":[{"ltp":1.81,"id":40096579},{"ltp":2.24,"id":40096581}]}]}
{"op":"mcm","clk":"11817615514","pt":1722847735086,"mc":[{"id":"1.231398046","rc":[{"ltp":1.8,"id":40096579}]}]}
{"op":"mcm","clk":"11817651559","pt":1722848533949,"mc":[{"id":"1.231398046","rc":[{"ltp":2.26,"id":40096581}]}]}
{"op":"mcm","clk":"11817696599","pt":1722849575477,"mc":[{"id":"1.231398046","rc":[{"ltp":2.24,"id":40096581}]}]}
{"op":"mcm","clk":"11817808130","pt":1722851549538,"mc":[{"id":"1.231398046","rc":[{"ltp":1.81,"id":40096579}]}]}
{"op":"mcm","clk":"11817825884","pt":1722851861126,"mc":[{"id":"1.231398046","rc":[{"ltp":1.8,"id":40096579}]}]}
{"op":"mcm","clk":"11817872670","pt":1722852670401,"mc":[{"id":"1.231398046","rc":[{"ltp":1.81,"id":40096579}]}]}
{"op":"mcm","clk":"11817900770","pt":1722853098679,"mc":[{"id":"1.231398046","rc":[{"ltp":1.8,"id":40096579}]}]}
{"op":"mcm","clk":"11817937489","pt":1722853782960,"mc":[{"id":"1.231398046","rc":[{"ltp":1.81,"id":40096579}]}]}
{"op":"mcm","clk":"11817949393","pt":1722853977124,"mc":[{"id":"1.231398046","rc":[{"ltp":2.22,"id":40096581}]}]}
{"op":"mcm","clk":"11817951678","pt":1722854012073,"mc":[{"id":"1.231398046","rc":[{"ltp":1.82,"id":40096579}]}]}
{"op":"mcm","clk":"11817968453","pt":1722854279714,"mc":[{"id":"1.231398046","rc":[{"ltp":1.83,"id":40096579},{"ltp":2.2,"id":40096581}]}]}
{"op":"mcm","clk":"11817985614","pt":1722854578124,"mc":[{"id":"1.231398046","rc":[{"ltp":1.81,"id":40096579},{"ltp":2.24,"id":40096581}]}]}
{"op":"mcm","clk":"11818002043","pt":1722854869510,"mc":[{"id":"1.231398046","rc":[{"ltp":1.82,"id":40096579}]}]}
{"op":"mcm","clk":"11818014041","pt":1722855064973,"mc":[{"id":"1.231398046","rc":[{"ltp":2.2,"id":40096581}]}]}
{"op":"mcm","clk":"11818084089","pt":1722856271532,"mc":[{"id":"1.231398046","rc":[{"ltp":1.84,"id":40096579}]}]}
{"op":"mcm","clk":"11818087421","pt":1722856331168,"mc":[{"id":"1.231398046","rc":[{"ltp":1.83,"id":40096579}]}]}
{"op":"mcm","clk":"11818115670","pt":1722856692957,"mc":[{"id":"1.231398046","rc":[{"ltp":1.84,"id":40096579}]}]}
{"op":"mcm","clk":"11818123449","pt":1722856812141,"mc":[{"id":"1.231398046","rc":[{"ltp":2.18,"id":40096581}]}]}
{"op":"mcm","clk":"11818127101","pt":1722856874402,"mc":[{"id":"1.231398046","rc":[{"ltp":1.85,"id":40096579},{"ltp":2.16,"id":40096581}]}]}
{"op":"mcm","clk":"11818153405","pt":1722857352977,"mc":[{"id":"1.231398046","rc":[{"ltp":1.83,"id":40096579}]}]}
{"op":"mcm","clk":"11818155680","pt":1722857408152,"mc":[{"id":"1.231398046","rc":[{"ltp":1.85,"id":40096579}]}]}
{"op":"mcm","clk":"11818160883","pt":1722857522179,"mc":[{"id":"1.231398046","rc":[{"ltp":1.83,"id":40096579}]}]}
{"op":"mcm","clk":"11818166711","pt":1722857653194,"mc":[{"id":"1.231398046","rc":[{"ltp":1.85,"id":40096579}]}]}
{"op":"mcm","clk":"11818169692","pt":1722857721094,"mc":[{"id":"1.231398046","rc":[{"ltp":1.83,"id":40096579}]}]}
{"op":"mcm","clk":"11818181029","pt":1722857945417,"mc":[{"id":"1.231398046","rc":[{"ltp":2.2,"id":40096581}]}]}
{"op":"mcm","clk":"11818183925","pt":1722857998682,"mc":[{"id":"1.231398046","rc":[{"ltp":1.85,"id":40096579},{"ltp":2.16,"id":40096581}]}]}
{"op":"mcm","clk":"11818191528","pt":1722858134027,"mc":[{"id":"1.231398046","rc":[{"ltp":1.84,"id":40096579},{"ltp":2.2,"id":40096581}]}]}
{"op":"mcm","clk":"11818197654","pt":1722858243756,"mc":[{"id":"1.231398046","rc":[{"ltp":1.85,"id":40096579}]}]}
{"op":"mcm","clk":"11818204639","pt":1722858363351,"mc":[{"id":"1.231398046","rc":[{"ltp":1.84,"id":40096579}]}]}
{"op":"mcm","clk":"11818216543","pt":1722858614430,"mc":[{"id":"1.231398046","rc":[{"ltp":1.85,"id":40096579},{"ltp":2.16,"id":40096581}]}]}
{"op":"mcm","clk":"11818218618","pt":1722858666389,"mc":[{"id":"1.231398046","rc":[{"ltp":2.18,"id":40096581}]}]}
{"op":"mcm","clk":"11818220967","pt":1722858731363,"mc":[{"id":"1.231398046","rc":[{"ltp":1.84,"id":40096579}]}]}
{"op":"mcm","clk":"11818230508","pt":1722858964739,"mc":[{"id":"1.231398046","rc":[{"ltp":1.85,"id":40096579}]}]}
{"op":"mcm","clk":"11818242149","pt":1722859211271,"mc":[{"id":"1.231398046","rc":[{"ltp":1.84,"id":40096579}]}]}
{"op":"mcm","clk":"11818318681","pt":1722860774006,"mc":[{"id":"1.231398046","rc":[{"ltp":1.85,"id":40096579}]}]}
{"op":"mcm","clk":"11818327082","pt":1722860937644,"mc":[{"id":"1.231398046","rc":[{"ltp":1.84,"id":40096579},{"ltp":2.2,"id":40096581}]}]}
{"op":"mcm","clk":"11818335199","pt":1722861088437,"mc":[{"id":"1.231398046","rc":[{"ltp":2.18,"id":40096581}]}]}
{"op":"mcm","clk":"11818344198","pt":1722861252312,"mc":[{"id":"1.231398046","rc":[{"ltp":1.82,"id":40096579},{"ltp":2.2,"id":40096581}]}]}
{"op":"mcm","clk":"11818387305","pt":1722861910572,"mc":[{"id":"1.231398046","rc":[{"ltp":1.83,"id":40096579}]}]}
{"op":"mcm","clk":"11818398894","pt":1722862089502,"mc":[{"id":"1.231398046","rc":[{"ltp":1.82,"id":40096579}]}]}
{"op":"mcm","clk":"11818406507","pt":1722862213388,"mc":[{"id":"1.231398046","rc":[{"ltp":1.84,"id":40096579}]}]}
{"op":"mcm","clk":"11818410250","pt":1722862268286,"mc":[{"id":"1.231398046","rc":[{"ltp":1.82,"id":40096579}]}]}
{"op":"mcm","clk":"11818431877","pt":1722862614978,"mc":[{"id":"1.231398046","rc":[{"ltp":1.83,"id":40096579}]}]}
{"op":"mcm","clk":"11818436588","pt":1722862686545,"mc":[{"id":"1.231398046","rc":[{"ltp":1.82,"id":40096579}]}]}
{"op":"mcm","clk":"11818470498","pt":1722863167533,"mc":[{"id":"1.231398046","rc":[{"ltp":1.83,"id":40096579}]}]}
{"op":"mcm","clk":"11818475576","pt":1722863233845,"mc":[{"id":"1.231398046","rc":[{"ltp":1.87,"id":40096579},{"ltp":2.14,"id":40096581}]}]}
{"op":"mcm","clk":"11818479922","pt":1722863293992,"mc":[{"id":"1.231398046","rc":[{"ltp":1.86,"id":40096579},{"ltp":2.16,"id":40096581}]}]}
{"op":"mcm","clk":"11818487941","pt":1722863406326,"mc":[{"id":"1.231398046","rc":[{"ltp":1.85,"id":40096579},{"ltp":2.14,"id":40096581}]}]}
{"op":"mcm","clk":"11818492812","pt":1722863474225,"mc":[{"id":"1.231398046","rc":[{"ltp":1.86,"id":40096579},{"ltp":2.16,"id":40096581}]}]}
{"op":"mcm","clk":"11818500522","pt":1722863586042,"mc":[{"id":"1.231398046","rc":[{"ltp":1.88,"id":40096579},{"ltp":2.14,"id":40096581}]}]}
{"op":"mcm","clk":"11818505084","pt":1722863652234,"mc":[{"id":"1.231398046","rc":[{"ltp":1.89,"id":40096579},{"ltp":2.12,"id":40096581}]}]}
{"op":"mcm","clk":"11818509363","pt":1722863711528,"mc":[{"id":"1.231398046","rc":[{"ltp":1.87,"id":40096579},{"ltp":2.14,"id":40096581}]}]}
{"op":"mcm","clk":"11818510461","pt":1722863726829,"mc":[{"id":"1.231398046","rc":[{"ltp":1.9,"id":40096579}]}]}
{"op":"mcm","clk":"11818522390","pt":1722863892758,"mc":[{"id":"1.231398046","rc":[{"ltp":1.86,"id":40096579},{"ltp":2.16,"id":40096581}]}]}
{"op":"mcm","clk":"11818531014","pt":1722864011621,"mc":[{"id":"1.231398046","rc":[{"ltp":1.85,"id":40096579}]}]}
{"op":"mcm","clk":"11818535178","pt":1722864070622,"mc":[{"id":"1.231398046","rc":[{"ltp":1.86,"id":40096579}]}]}
{"op":"mcm","clk":"11818538687","pt":1722864117786,"mc":[{"id":"1.231398046","rc":[{"ltp":1.84,"id":40096579}]}]}
{"op":"mcm","clk":"11818544011","pt":1722864188676,"mc":[{"id":"1.231398046","rc":[{"ltp":1.85,"id":40096579}]}]}
{"op":"mcm","clk":"11818554906","pt":1722864367893,"mc":[{"id":"1.231398046","rc":[{"ltp":1.84,"id":40096579},{"ltp":2.18,"id":40096581}]}]}
{"op":"mcm","clk":"11818563042","pt":1722864491646,"mc":[{"id":"1.231398046","rc":[{"ltp":1.85,"id":40096579}]}]}
{"op":"mcm","clk":"11818579438","pt":1722864732805,"mc":[{"id":"1.231398046","rc":[{"ltp":1.87,"id":40096579},{"ltp":2.16,"id":40096581}]}]}
{"op":"mcm","clk":"11818583369","pt":1722864793814,"mc":[{"id":"1.231398046","rc":[{"ltp":1.88,"id":40096579},{"ltp":2.2,"id":40096581}]}]}
{"op":"mcm","clk":"11818587221","pt":1722864852160,"mc":[{"id":"1.231398046","rc":[{"ltp":1.89,"id":40096579},{"ltp":2.14,"id":40096581}]}]}
{"op":"mcm","clk":"11818591707","pt":1722864912203,"mc":[{"id":"1.231398046","rc":[{"ltp":2.12,"id":40096581}]}]}
{"op":"mcm","clk":"11818596167","pt":1722864974468,"mc":[{"id":"1.231398046","rc":[{"ltp":1.9,"id":40096579}]}]}
{"op":"mcm","clk":"11818600732","pt":1722865033968,"mc":[{"id":"1.231398046","rc":[{"ltp":2.0,"id":40096579},{"ltp":2.0,"id":40096581}]}]}
{"op":"mcm","clk":"11818605162","pt":1722865094425,"mc":[{"id":"1.231398046","rc":[{"ltp":1.92,"id":40096579},{"ltp":2.06,"id":40096581}]}]}
{"op":"mcm","clk":"11818609766","pt":1722865154409,"mc":[{"id":"1.231398046","rc":[{"ltp":1.93,"id":40096579}]}]}
{"op":"mcm","clk":"11818619461","pt":1722865274516,"mc":[{"id":"1.231398046","rc":[{"ltp":1.96,"id":40096579},{"ltp":2.04,"id":40096581}]}]}
{"op":"mcm","clk":"11818623771","pt":1722865334518,"mc":[{"id":"1.231398046","rc":[{"ltp":1.97,"id":40096579},{"ltp":2.02,"id":40096581}]}]}
{"op":"mcm","clk":"11818627584","pt":1722865393480,"mc":[{"id":"1.231398046","rc":[{"ltp":1.96,"id":40096579},{"ltp":2.04,"id":40096581}]}]}
{"op":"mcm","clk":"11818635863","pt":1722865514428,"mc":[{"id":"1.231398046","rc":[{"ltp":1.94,"id":40096579},{"ltp":2.06,"id":40096581}]}]}
{"op":"mcm","clk":"11818639985","pt":1722865574428,"mc":[{"id":"1.231398046","rc":[{"ltp":2.08,"id":40096581}]}]}
{"op":"mcm","clk":"11818643853","pt":1722865634387,"mc":[{"id":"1.231398046","rc":[{"ltp":1.93,"id":40096579}]}]}
{"op":"mcm","clk":"11818647606","pt":1722865694461,"mc":[{"id":"1.231398046","rc":[{"ltp":1.92,"id":40096579}]}]}
{"op":"mcm","clk":"11818655396","pt":1722865813811,"mc":[{"id":"1.231398046","rc":[{"ltp":1.94,"id":40096579},{"ltp":2.06,"id":40096581}]}]}
{"op":"mcm","clk":"11818659159","pt":1722865874450,"mc":[{"id":"1.231398046","rc":[{"ltp":1.96,"id":40096579}]}]}
{"op":"mcm","clk":"11818663313","pt":1722865934011,"mc":[{"id":"1.231398046","rc":[{"ltp":1.95,"id":40096579}]}]}
{"op":"mcm","clk":"11818667657","pt":1722865994205,"mc":[{"id":"1.231398046","rc":[{"ltp":1.97,"id":40096579},{"ltp":2.02,"id":40096581}]}]}
{"op":"mcm","clk":"11818672142","pt":1722866054270,"mc":[{"id":"1.231398046","rc":[{"ltp":1.95,"id":40096579},{"ltp":2.04,"id":40096581}]}]}
{"op":"mcm","clk":"11818676900","pt":1722866114128,"mc":[{"id":"1.231398046","rc":[{"ltp":1.97,"id":40096579},{"ltp":2.02,"id":40096581}]}]}
{"op":"mcm","clk":"11818686220","pt":1722866234344,"mc":[{"id":"1.231398046","rc":[{"ltp":1.94,"id":40096579},{"ltp":2.06,"id":40096581}]}]}
{"op":"mcm","clk":"11818700955","pt":1722866414508,"mc":[{"id":"1.231398046","marketDefinition":{"bspMarket":false,"turnInPlayEnabled":true,"persistenceEnabled":true,"marketBaseRate":5.0,"eventId":"33465104","eventTypeId":"4","numberOfWinners":1,"bettingType":"ODDS","marketType":"MATCH_ODDS","marketTime":"2024-08-05T14:00:00.000Z","suspendTime":"2024-08-05T14:00:00.000Z","bspReconciled":false,"complete":true,"inPlay":true,"crossMatching":true,"runnersVoidable":false,"numberOfActiveRunners":2,"betDelay":5,"status":"OPEN","runners":[{"status":"ACTIVE","sortPriority":1,"id":40096581,"name":"Welsh Fire Women"},{"status":"ACTIVE","sortPriority":2,"id":40096579,"name":"Southern Brave Women"}],"regulators":["MR_INT"],"countryCode":"GB","discountAllowed":true,"timezone":"GMT","openDate":"2024-08-05T14:00:00.000Z","version":6058600858,"name":"Match Odds","eventName":"Welsh Fire Women v Southern Brave Women"},"rc":[{"ltp":2.04,"id":40096581}]}]}
{"op":"mcm","clk":"11818706287","pt":1722866474502,"mc":[{"id":"1.231398046","rc":[{"ltp":2.5,"id":40096579},{"ltp":1.66,"id":40096581}]}]}
{"op":"mcm","clk":"11818711337","pt":1722866534471,"mc":[{"id":"1.231398046","rc":[{"ltp":2.48,"id":40096579},{"ltp":1.68,"id":40096581}]}]}
{"op":"mcm","clk":"11818716182","pt":1722866594457,"mc":[{"id":"1.231398046","rc":[{"ltp":2.28,"id":40096579},{"ltp":1.77,"id":40096581}]}]}
{"op":"mcm","clk":"11818721217","pt":1722866654435,"mc":[{"id":"1.231398046","rc":[{"ltp":2.22,"id":40096579},{"ltp":1.8,"id":40096581}]}]}
{"op":"mcm","clk":"11818726055","pt":1722866714467,"mc":[{"id":"1.231398046","rc":[{"ltp":2.14,"id":40096579},{"ltp":1.88,"id":40096581}]}]}
{"op":"mcm","clk":"11818731004","pt":1722866774365,"mc":[{"id":"1.231398046","rc":[{"ltp":2.12,"id":40096579},{"ltp":1.87,"id":40096581}]}]}
{"op":"mcm","clk":"11818736079","pt":1722866834511,"mc":[{"id":"1.231398046","rc":[{"ltp":1.97,"id":40096579},{"ltp":2.02,"id":40096581}]}]}
{"op":"mcm","clk":"11818741096","pt":1722866894423,"mc":[{"id":"1.231398046","rc":[{"ltp":2.32,"id":40096579},{"ltp":1.75,"id":40096581}]}]}
{"op":"mcm","clk":"11818746231","pt":1722866954496,"mc":[{"id":"1.231398046","rc":[{"ltp":2.5,"id":40096579},{"ltp":1.66,"id":40096581}]}]}
{"op":"mcm","clk":"11818751409","pt":1722867014430,"mc":[{"id":"1.231398046","rc":[{"ltp":2.62,"id":40096579},{"ltp":1.6,"id":40096581}]}]}
{"op":"mcm","clk":"11818756268","pt":1722867074503,"mc":[{"id":"1.231398046","rc":[{"ltp":2.6,"id":40096579},{"ltp":1.63,"id":40096581}]}]}
{"op":"mcm","clk":"11818760722","pt":1722867134510,"mc":[{"id":"1.231398046","rc":[{"ltp":2.52,"id":40096579},{"ltp":1.64,"id":40096581}]}]}
{"op":"mcm","clk":"11818772389","pt":1722867194337,"mc":[{"id":"1.231398046","rc":[{"ltp":2.4,"id":40096579},{"ltp":1.71,"id":40096581}]}]}
{"op":"mcm","clk":"11818777276","pt":1722867254422,"mc":[{"id":"1.231398046","rc":[{"ltp":2.58,"id":40096579},{"ltp":1.63,"id":40096581}]}]}
{"op":"mcm","clk":"11818782182","pt":1722867314315,"mc":[{"id":"1.231398046","rc":[{"ltp":2.56,"id":40096579},{"ltp":1.64,"id":40096581}]}]}
{"op":"mcm","clk":"11818787381","pt":1722867374504,"mc":[{"id":"1.231398046","rc":[{"ltp":1.63,"id":40096581}]}]}
{"op":"mcm","clk":"11818792070","pt":1722867434472,"mc":[{"id":"1.231398046","rc":[{"ltp":2.72,"id":40096579},{"ltp":1.58,"id":40096581}]}]}
{"op":"mcm","clk":"11818796369","pt":1722867494343,"mc":[{"id":"1.231398046","rc":[{"ltp":2.74,"id":40096579},{"ltp":1.57,"id":40096581}]}]}
{"op":"mcm","clk":"11818800516","pt":1722867554432,"mc":[{"id":"1.231398046","rc":[{"ltp":1.58,"id":40096581}]}]}
{"op":"mcm","clk":"11818804078","pt":1722867614473,"mc":[{"id":"1.231398046","rc":[{"ltp":2.6,"id":40096579},{"ltp":1.63,"id":40096581}]}]}
{"op":"mcm","clk":"11818807974","pt":1722867674355,"mc":[{"id":"1.231398046","rc":[{"ltp":2.32,"id":40096579},{"ltp":1.76,"id":40096581}]}]}
{"op":"mcm","clk":"11818811976","pt":1722867734494,"mc":[{"id":"1.231398046","rc":[{"ltp":2.24,"id":40096579},{"ltp":1.81,"id":40096581}]}]}
{"op":"mcm","clk":"11818815878","pt":1722867794481,"mc":[{"id":"1.231398046","rc":[{"ltp":2.26,"id":40096579},{"ltp":1.79,"id":40096581}]}]}
{"op":"mcm","clk":"11818819789","pt":1722867854465,"mc":[{"id":"1.231398046","rc":[{"ltp":2.24,"id":40096579},{"ltp":1.8,"id":40096581}]}]}
{"op":"mcm","clk":"11818823988","pt":1722867914517,"mc":[{"id":"1.231398046","rc":[{"ltp":2.2,"id":40096579},{"ltp":1.83,"id":40096581}]}]}
{"op":"mcm","clk":"11818828073","pt":1722867974491,"mc":[{"id":"1.231398046","rc":[{"ltp":3.0,"id":40096579},{"ltp":1.49,"id":40096581}]}]}
{"op":"mcm","clk":"11818831825","pt":1722868034481,"mc":[{"id":"1.231398046","rc":[{"ltp":3.05,"id":40096579},{"ltp":1.47,"id":40096581}]}]}
{"op":"mcm","clk":"11818835678","pt":1722868094457,"mc":[{"id":"1.231398046","rc":[{"ltp":2.74,"id":40096579},{"ltp":1.56,"id":40096581}]}]}
{"op":"mcm","clk":"11818839584","pt":1722868154504,"mc":[{"id":"1.231398046","rc":[{"ltp":2.84,"id":40096579},{"ltp":1.54,"id":40096581}]}]}
{"op":"mcm","clk":"11818844316","pt":1722868214286,"mc":[{"id":"1.231398046","rc":[{"ltp":2.88,"id":40096579},{"ltp":1.53,"id":40096581}]}]}
{"op":"mcm","clk":"11818848844","pt":1722868274481,"mc":[{"id":"1.231398046","rc":[{"ltp":2.86,"id":40096579},{"ltp":1.54,"id":40096581}]}]}
{"op":"mcm","clk":"11818853222","pt":1722868334440,"mc":[{"id":"1.231398046","rc":[{"ltp":2.7,"id":40096579},{"ltp":1.59,"id":40096581}]}]}
{"op":"mcm","clk":"11818857640","pt":1722868394517,"mc":[{"id":"1.231398046","rc":[{"ltp":2.72,"id":40096579},{"ltp":1.58,"id":40096581}]}]}
{"op":"mcm","clk":"11818861612","pt":1722868454490,"mc":[{"id":"1.231398046","rc":[{"ltp":3.25,"id":40096579},{"ltp":1.44,"id":40096581}]}]}
{"op":"mcm","clk":"11818865628","pt":1722868514445,"mc":[{"id":"1.231398046","rc":[{"ltp":3.3,"id":40096579},{"ltp":1.43,"id":40096581}]}]}
{"op":"mcm","clk":"11818869812","pt":1722868574473,"mc":[{"id":"1.231398046","rc":[{"ltp":3.2,"id":40096579},{"ltp":1.45,"id":40096581}]}]}
{"op":"mcm","clk":"11818873805","pt":1722868634443,"mc":[{"id":"1.231398046","rc":[{"ltp":3.25,"id":40096579},{"ltp":1.44,"id":40096581}]}]}
{"op":"mcm","clk":"11818878195","pt":1722868694403,"mc":[{"id":"1.231398046","rc":[{"ltp":3.1,"id":40096579},{"ltp":1.47,"id":40096581}]}]}
{"op":"mcm","clk":"11818882049","pt":1722868754495,"mc":[{"id":"1.231398046","rc":[{"ltp":4.2,"id":40096579},{"ltp":1.31,"id":40096581}]}]}
{"op":"mcm","clk":"11818885862","pt":1722868814486,"mc":[{"id":"1.231398046","rc":[{"ltp":4.3,"id":40096579},{"ltp":1.3,"id":40096581}]}]}
{"op":"mcm","clk":"11818890069","pt":1722868874429,"mc":[{"id":"1.231398046","rc":[{"ltp":3.75,"id":40096579},{"ltp":1.36,"id":40096581}]}]}
{"op":"mcm","clk":"11818897293","pt":1722868994477,"mc":[{"id":"1.231398046","rc":[{"ltp":3.85,"id":40096579},{"ltp":1.34,"id":40096581}]}]}
{"op":"mcm","clk":"11818901559","pt":1722869054445,"mc":[{"id":"1.231398046","rc":[{"ltp":6.4,"id":40096579},{"ltp":1.18,"id":40096581}]}]}
{"op":"mcm","clk":"11818905244","pt":1722869114489,"mc":[{"id":"1.231398046","rc":[{"ltp":1.19,"id":40096581}]}]}
{"op":"mcm","clk":"11818909231","pt":1722869174501,"mc":[{"id":"1.231398046","rc":[{"ltp":5.7,"id":40096579},{"ltp":1.21,"id":40096581}]}]}
{"op":"mcm","clk":"11818913170","pt":1722869234466,"mc":[{"id":"1.231398046","rc":[{"ltp":6.4,"id":40096579},{"ltp":1.19,"id":40096581}]}]}
{"op":"mcm","clk":"11818917302","pt":1722869294375,"mc":[{"id":"1.231398046","rc":[{"ltp":6.2,"id":40096579}]}]}
{"op":"mcm","clk":"11818920975","pt":1722869354432,"mc":[{"id":"1.231398046","rc":[{"ltp":6.4,"id":40096579}]}]}
{"op":"mcm","clk":"11818924859","pt":1722869414443,"mc":[{"id":"1.231398046","rc":[{"ltp":5.9,"id":40096579},{"ltp":1.21,"id":40096581}]}]}
{"op":"mcm","clk":"11818928674","pt":1722869474489,"mc":[{"id":"1.231398046","rc":[{"ltp":5.6,"id":40096579},{"ltp":1.22,"id":40096581}]}]}
{"op":"mcm","clk":"11818932791","pt":1722869534447,"mc":[{"id":"1.231398046","rc":[{"ltp":5.7,"id":40096579},{"ltp":1.21,"id":40096581}]}]}
{"op":"mcm","clk":"11818937159","pt":1722869594416,"mc":[{"id":"1.231398046","rc":[{"ltp":8.0,"id":40096579},{"ltp":1.14,"id":40096581}]}]}
{"op":"mcm","clk":"11818941146","pt":1722869654516,"mc":[{"id":"1.231398046","rc":[{"ltp":7.6,"id":40096579},{"ltp":1.15,"id":40096581}]}]}
{"op":"mcm","clk":"11818948858","pt":1722869774444,"mc":[{"id":"1.231398046","rc":[{"ltp":10.0,"id":40096579},{"ltp":1.11,"id":40096581}]}]}
{"op":"mcm","clk":"11818952755","pt":1722869834282,"mc":[{"id":"1.231398046","rc":[{"ltp":9.4,"id":40096579},{"ltp":1.12,"id":40096581}]}]}
{"op":"mcm","clk":"11818956398","pt":1722869894435,"mc":[{"id":"1.231398046","rc":[{"ltp":9.6,"id":40096579}]}]}
{"op":"mcm","clk":"11818960149","pt":1722869954517,"mc":[{"id":"1.231398046","rc":[{"ltp":12.0,"id":40096579},{"ltp":1.09,"id":40096581}]}]}
{"op":"mcm","clk":"11818964485","pt":1722870014396,"mc":[{"id":"1.231398046","rc":[{"ltp":14.5,"id":40096579},{"ltp":1.08,"id":40096581}]}]}
{"op":"mcm","clk":"11818972411","pt":1722870134440,"mc":[{"id":"1.231398046","rc":[{"ltp":15.0,"id":40096579}]}]}
{"op":"mcm","clk":"11818976072","pt":1722870194417,"mc":[{"id":"1.231398046","rc":[{"ltp":22.0,"id":40096579},{"ltp":1.05,"id":40096581}]}]}
{"op":"mcm","clk":"11818980208","pt":1722870254455,"mc":[{"id":"1.231398046","rc":[{"ltp":23.0,"id":40096579},{"ltp":1.04,"id":40096581}]}]}
{"op":"mcm","clk":"11818983871","pt":1722870314429,"mc":[{"id":"1.231398046","rc":[{"ltp":1.05,"id":40096581}]}]}
{"op":"mcm","clk":"11818991409","pt":1722870434508,"mc":[{"id":"1.231398046","rc":[{"ltp":25.0,"id":40096579}]}]}
{"op":"mcm","clk":"11818999311","pt":1722870554438,"mc":[{"id":"1.231398046","rc":[{"ltp":24.0,"id":40096579}]}]}
{"op":"mcm","clk":"11819003274","pt":1722870614501,"mc":[{"id":"1.231398046","rc":[{"ltp":23.0,"id":40096579}]}]}
{"op":"mcm","clk":"11819006997","pt":1722870674462,"mc":[{"id":"1.231398046","rc":[{"ltp":25.0,"id":40096579}]}]}
{"op":"mcm","clk":"11819014674","pt":1722870794301,"mc":[{"id":"1.231398046","rc":[{"ltp":24.0,"id":40096579}]}]}
{"op":"mcm","clk":"11819026379","pt":1722870974487,"mc":[{"id":"1.231398046","rc":[{"ltp":22.0,"id":40096579},{"ltp":1.04,"id":40096581}]}]}
{"op":"mcm","clk":"11819030189","pt":1722871034138,"mc":[{"id":"1.231398046","rc":[{"ltp":23.0,"id":40096579},{"ltp":1.05,"id":40096581}]}]}
{"op":"mcm","clk":"11819038055","pt":1722871154268,"mc":[{"id":"1.231398046","rc":[{"ltp":30.0,"id":40096579},{"ltp":1.04,"id":40096581}]}]}
{"op":"mcm","clk":"11819042362","pt":1722871214509,"mc":[{"id":"1.231398046","rc":[{"ltp":29.0,"id":40096579}]}]}
{"op":"mcm","clk":"11819046430","pt":1722871274464,"mc":[{"id":"1.231398046","rc":[{"ltp":15.0,"id":40096579},{"ltp":1.07,"id":40096581}]}]}
{"op":"mcm","clk":"11819050667","pt":1722871334438,"mc":[{"id":"1.231398046","rc":[{"ltp":13.5,"id":40096579}]}]}
{"op":"mcm","clk":"11819054838","pt":1722871394453,"mc":[{"id":"1.231398046","rc":[{"ltp":8.2,"id":40096579},{"ltp":1.13,"id":40096581}]}]}
{"op":"mcm","clk":"11819058919","pt":1722871454511,"mc":[{"id":"1.231398046","rc":[{"ltp":11.5,"id":40096579},{"ltp":1.09,"id":40096581}]}]}
{"op":"mcm","clk":"11819062836","pt":1722871514485,"mc":[{"id":"1.231398046","rc":[{"ltp":10.0,"id":40096579},{"ltp":1.1,"id":40096581}]}]}
{"op":"mcm","clk":"11819067101","pt":1722871574429,"mc":[{"id":"1.231398046","rc":[{"ltp":9.0,"id":40096579},{"ltp":1.12,"id":40096581}]}]}
{"op":"mcm","clk":"11819071467","pt":1722871634494,"mc":[{"id":"1.231398046","rc":[{"ltp":11.5,"id":40096579},{"ltp":1.09,"id":40096581}]}]}
{"op":"mcm","clk":"11819075977","pt":1722871694485,"mc":[{"id":"1.231398046","rc":[{"ltp":12.0,"id":40096579}]}]}
{"op":"mcm","clk":"11819080340","pt":1722871754375,"mc":[{"id":"1.231398046","rc":[{"ltp":11.0,"id":40096579}]}]}
{"op":"mcm","clk":"11819085021","pt":1722871814424,"mc":[{"id":"1.231398046","rc":[{"ltp":10.0,"id":40096579},{"ltp":1.11,"id":40096581}]}]}
{"op":"mcm","clk":"11819090040","pt":1722871874490,"mc":[{"id":"1.231398046","rc":[{"ltp":9.4,"id":40096579}]}]}
{"op":"mcm","clk":"11819094839","pt":1722871934449,"mc":[{"id":"1.231398046","rc":[{"ltp":12.5,"id":40096579},{"ltp":1.08,"id":40096581}]}]}
{"op":"mcm","clk":"11819099505","pt":1722871994418,"mc":[{"id":"1.231398046","rc":[{"ltp":11.5,"id":40096579},{"ltp":1.1,"id":40096581}]}]}
{"op":"mcm","clk":"11819104129","pt":1722872054484,"mc":[{"id":"1.231398046","rc":[{"ltp":12.0,"id":40096579},{"ltp":1.09,"id":40096581}]}]}
{"op":"mcm","clk":"11819108890","pt":1722872114514,"mc":[{"id":"1.231398046","rc":[{"ltp":14.0,"id":40096579},{"ltp":1.08,"id":40096581}]}]}
{"op":"mcm","clk":"11819113237","pt":1722872174464,"mc":[{"id":"1.231398046","rc":[{"ltp":18.5,"id":40096579},{"ltp":1.05,"id":40096581}]}]}
{"op":"mcm","clk":"11819117289","pt":1722872234427,"mc":[{"id":"1.231398046","rc":[{"ltp":19.0,"id":40096579},{"ltp":1.06,"id":40096581}]}]}
{"op":"mcm","clk":"11819121356","pt":1722872294288,"mc":[{"id":"1.231398046","rc":[{"ltp":17.5,"id":40096579}]}]}
{"op":"mcm","clk":"11819129532","pt":1722872414387,"mc":[{"id":"1.231398046","rc":[{"ltp":17.0,"id":40096579}]}]}
{"op":"mcm","clk":"11819133753","pt":1722872474369,"mc":[{"id":"1.231398046","rc":[{"ltp":16.0,"id":40096579},{"ltp":1.07,"id":40096581}]}]}
{"op":"mcm","clk":"11819137885","pt":1722872534437,"mc":[{"id":"1.231398046","rc":[{"ltp":15.5,"id":40096579},{"ltp":1.06,"id":40096581}]}]}
{"op":"mcm","clk":"11819149231","pt":1722872594507,"mc":[{"id":"1.231398046","rc":[{"ltp":14.0,"id":40096579},{"ltp":1.07,"id":40096581}]}]}
{"op":"mcm","clk":"11819153809","pt":1722872654475,"mc":[{"id":"1.231398046","rc":[{"ltp":7.4,"id":40096579},{"ltp":1.16,"id":40096581}]}]}
{"op":"mcm","clk":"11819163594","pt":1722872774480,"mc":[{"id":"1.231398046","rc":[{"ltp":10.0,"id":40096579},{"ltp":1.11,"id":40096581}]}]}
{"op":"mcm","clk":"11819168204","pt":1722872834447,"mc":[{"id":"1.231398046","rc":[{"ltp":9.4,"id":40096579},{"ltp":1.12,"id":40096581}]}]}
{"op":"mcm","clk":"11819172361","pt":1722872894436,"mc":[{"id":"1.231398046","rc":[{"ltp":1.13,"id":40096581}]}]}
{"op":"mcm","clk":"11819176665","pt":1722872954516,"mc":[{"id":"1.231398046","rc":[{"ltp":11.0,"id":40096579},{"ltp":1.1,"id":40096581}]}]}
{"op":"mcm","clk":"11819181205","pt":1722873014442,"mc":[{"id":"1.231398046","rc":[{"ltp":9.4,"id":40096579},{"ltp":1.11,"id":40096581}]}]}
{"op":"mcm","clk":"11819185946","pt":1722873074492,"mc":[{"id":"1.231398046","rc":[{"ltp":11.0,"id":40096579},{"ltp":1.1,"id":40096581}]}]}
{"op":"mcm","clk":"11819190761","pt":1722873134460,"mc":[{"id":"1.231398046","rc":[{"ltp":12.0,"id":40096579},{"ltp":1.08,"id":40096581}]}]}
{"op":"mcm","clk":"11819195436","pt":1722873194424,"mc":[{"id":"1.231398046","rc":[{"ltp":1.09,"id":40096581}]}]}
{"op":"mcm","clk":"11819200104","pt":1722873254381,"mc":[{"id":"1.231398046","rc":[{"ltp":11.0,"id":40096579},{"ltp":1.1,"id":40096581}]}]}
{"op":"mcm","clk":"11819204950","pt":1722873314515,"mc":[{"id":"1.231398046","rc":[{"ltp":10.5,"id":40096579},{"ltp":1.12,"id":40096581}]}]}
{"op":"mcm","clk":"11819210096","pt":1722873374479,"mc":[{"id":"1.231398046","rc":[{"ltp":13.5,"id":40096579},{"ltp":1.08,"id":40096581}]}]}
{"op":"mcm","clk":"11819214836","pt":1722873434471,"mc":[{"id":"1.231398046","rc":[{"ltp":12.0,"id":40096579},{"ltp":1.09,"id":40096581}]}]}
{"op":"mcm","clk":"11819219785","pt":1722873494318,"mc":[{"id":"1.231398046","rc":[{"ltp":12.5,"id":40096579}]}]}
{"op":"mcm","clk":"11819225022","pt":1722873554492,"mc":[{"id":"1.231398046","rc":[{"ltp":13.5,"id":40096579},{"ltp":1.08,"id":40096581}]}]}
{"op":"mcm","clk":"11819230514","pt":1722873614233,"mc":[{"id":"1.231398046","rc":[{"ltp":14.5,"id":40096579}]}]}
{"op":"mcm","clk":"11819236636","pt":1722873674503,"mc":[{"id":"1.231398046","rc":[{"ltp":15.0,"id":40096579}]}]}
{"op":"mcm","clk":"11819242822","pt":1722873734454,"mc":[{"id":"1.231398046","rc":[{"ltp":21.0,"id":40096579},{"ltp":1.04,"id":40096581}]}]}
{"op":"mcm","clk":"11819249010","pt":1722873794450,"mc":[{"id":"1.231398046","rc":[{"ltp":29.0,"id":40096579}]}]}
{"op":"mcm","clk":"11819255262","pt":1722873854493,"mc":[{"id":"1.231398046","rc":[{"ltp":32.0,"id":40096579}]}]}
{"op":"mcm","clk":"11819261420","pt":1722873914478,"mc":[{"id":"1.231398046","rc":[{"ltp":29.0,"id":40096579},{"ltp":1.03,"id":40096581}]}]}
{"op":"mcm","clk":"11819267348","pt":1722873974450,"mc":[{"id":"1.231398046","rc":[{"ltp":12.5,"id":40096579},{"ltp":1.09,"id":40096581}]}]}
{"op":"mcm","clk":"11819273250","pt":1722874034518,"mc":[{"id":"1.231398046","rc":[{"ltp":14.5,"id":40096579},{"ltp":1.07,"id":40096581}]}]}
{"op":"mcm","clk":"11819279464","pt":1722874094462,"mc":[{"id":"1.231398046","rc":[{"ltp":15.0,"id":40096579},{"ltp":1.06,"id":40096581}]}]}
{"op":"mcm","clk":"11819285937","pt":1722874154413,"mc":[{"id":"1.231398046","rc":[{"ltp":16.5,"id":40096579}]}]}
{"op":"mcm","clk":"11819291948","pt":1722874214214,"mc":[{"id":"1.231398046","rc":[{"ltp":18.0,"id":40096579},{"ltp":1.05,"id":40096581}]}]}
{"op":"mcm","clk":"11819298075","pt":1722874274481,"mc":[{"id":"1.231398046","rc":[{"ltp":21.0,"id":40096579}]}]}
{"op":"mcm","clk":"11819304045","pt":1722874334448,"mc":[{"id":"1.231398046","rc":[{"ltp":22.0,"id":40096579}]}]}
{"op":"mcm","clk":"11819309514","pt":1722874394442,"mc":[{"id":"1.231398046","rc":[{"ltp":19.0,"id":40096579}]}]}
{"op":"mcm","clk":"11819315123","pt":1722874454517,"mc":[{"id":"1.231398046","rc":[{"ltp":34.0,"id":40096579},{"ltp":1.03,"id":40096581}]}]}
{"op":"mcm","clk":"11819321025","pt":1722874514403,"mc":[{"id":"1.231398046","rc":[{"ltp":80.0,"id":40096579},{"ltp":1.02,"id":40096581}]}]}
{"op":"mcm","clk":"11819326848","pt":1722874574293,"mc":[{"id":"1.231398046","rc":[{"ltp":100.0,"id":40096579},{"ltp":1.01,"id":40096581}]}]}
{"op":"mcm","clk":"11819332401","pt":1722874634461,"mc":[{"id":"1.231398046","rc":[{"ltp":130.0,"id":40096579}]}]}
{"op":"mcm","clk":"11819337892","pt":1722874694219,"mc":[{"id":"1.231398046","rc":[{"ltp":1000.0,"id":40096579}]}]}
{"op":"mcm","clk":"11819358775","pt":1722874932096,"mc":[{"id":"1.231398046","marketDefinition":{"bspMarket":false,"turnInPlayEnabled":true,"persistenceEnabled":true,"marketBaseRate":5.0,"eventId":"33465104","eventTypeId":"4","numberOfWinners":1,"bettingType":"ODDS","marketType":"MATCH_ODDS","marketTime":"2024-08-05T14:00:00.000Z","suspendTime":"2024-08-05T14:00:00.000Z","bspReconciled":false,"complete":true,"inPlay":true,"crossMatching":true,"runnersVoidable":false,"numberOfActiveRunners":2,"betDelay":5,"status":"SUSPENDED","runners":[{"status":"ACTIVE","sortPriority":1,"id":40096581,"name":"Welsh Fire Women"},{"status":"ACTIVE","sortPriority":2,"id":40096579,"name":"Southern Brave Women"}],"regulators":["MR_INT"],"countryCode":"GB","discountAllowed":true,"timezone":"GMT","openDate":"2024-08-05T14:00:00.000Z","version":6058717920,"name":"Match Odds","eventName":"Welsh Fire Women v Southern Brave Women"}}]}
{"op":"mcm","clk":"11819373565","pt":1722875098531,"mc":[{"id":"1.231398046","marketDefinition":{"bspMarket":false,"turnInPlayEnabled":true,"persistenceEnabled":true,"marketBaseRate":5.0,"eventId":"33465104","eventTypeId":"4","numberOfWinners":1,"bettingType":"ODDS","marketType":"MATCH_ODDS","marketTime":"2024-08-05T14:00:00.000Z","suspendTime":"2024-08-05T14:00:00.000Z","bspReconciled":false,"complete":true,"inPlay":true,"crossMatching":false,"runnersVoidable":false,"numberOfActiveRunners":0,"betDelay":5,"status":"CLOSED","settledTime":"2024-08-05T16:23:53.000Z","runners":[{"status":"WINNER","sortPriority":1,"id":40096581,"name":"Welsh Fire Women"},{"status":"LOSER","sortPriority":2,"id":40096579,"name":"Southern Brave Women"}],"regulators":["MR_INT"],"countryCode":"GB","discountAllowed":true,"timezone":"GMT","openDate":"2024-08-05T14:00:00.000Z","version":6058722112,"name":"Match Odds","eventName":"Welsh Fire Women v Southern Brave Women"}}]}
