{"op":"mcm","clk":"11800163429","pt":1723196161066,"mc":[{"id":"1.231616213","marketDefinition":{"bspMarket":false,"turnInPlayEnabled":true,"persistenceEnabled":true,"marketBaseRate":5.0,"eventId":"33480309","eventTypeId":"4","numberOfWinners":1,"bettingType":"ODDS","marketType":"MATCH_ODDS","marketTime":"2024-08-11T13:30:00.000Z","suspendTime":"2024-08-11T13:30:00.000Z","bspReconciled":false,"complete":true,"inPlay":false,"crossMatching":true,"runnersVoidable":false,"numberOfActiveRunners":2,"betDelay":0,"status":"OPEN","runners":[{"status":"ACTIVE","sortPriority":1,"id":26354923,"name":"Oval Invincibles"},{"status":"ACTIVE","sortPriority":2,"id":26354928,"name":"London Spirit"}],"regulators":["MR_INT"],"countryCode":"GB","discountAllowed":true,"timezone":"GMT","openDate":"2024-08-11T13:30:00.000Z","version":6062883839,"name":"Match Odds","eventName":"Oval Invincibles v London Spirit"}}]}
{"op":"mcm","clk":"11800712214","pt":1723202823986,"mc":[{"id":"1.231616213","rc":[{"ltp":1.35,"id":26354923}]}]}
{"op":"mcm","clk":"11800914538","pt":1723205139143,"mc":[{"id":"1.231616213","rc":[{"ltp":1.5,"id":26354923}]}]}
{"op":"mcm","clk":"11804522765","pt":1723237688013,"mc":[{"id":"1.231616213","rc":[{"ltp":1.66,"id":26354923}]}]}
{"op":"mcm","clk":"11806245144","pt":1723280088795,"mc":[{"id":"1.231616213","rc":[{"ltp":2.38,"id":26354928}]}]}
{"op":"mcm","clk":"11807528405","pt":1723289409985,"mc":[{"id":"1.231616213","rc":[{"ltp":1.63,"id":26354923}]}]}
{"op":"mcm","clk":"11813723745","pt":1723319980374,"mc":[{"id":"1.231616213","rc":[{"ltp":1.61,"id":26354923}]}]}
{"op":"mcm","clk":"11813850510","pt":1723321009336,"mc":[{"id":"1.231616213","rc":[{"ltp":1.63,"id":26354923}]}]}
{"op":"mcm","clk":"11813902248","pt":1723321472992,"mc":[{"id":"1.231616213","rc":[{"ltp":1.64,"id":26354923}]}]}
{"op":"mcm","clk":"11813924016","pt":1723321700238,"mc":[{"id":"1.231616213","rc":[{"ltp":2.5,"id":26354928},{"ltp":1.66,"id":26354923}]}]}
{"op":"mcm","clk":"11814092726","pt":1723323893429,"mc":[{"id":"1.231616213","rc":[{"ltp":1.64,"id":26354923}]}]}
{"op":"mcm","clk":"11814132852","pt":1723324646113,"mc":[{"id":"1.231616213","rc":[{"ltp":1.65,"id":26354923}]}]}
{"op":"mcm","clk":"11814195917","pt":1723325996589,"mc":[{"id":"1.231616213","rc":[{"ltp":1.68,"id":26354923}]}]}
{"op":"mcm","clk":"11814202339","pt":1723326118643,"mc":[{"id":"1.231616213","rc":[{"ltp":1.69,"id":26354923}]}]}
{"op":"mcm","clk":"11814203644","pt":1723326143947,"mc":[{"id":"1.231616213","rc":[{"ltp":2.44,"id":26354928},{"ltp":1.7,"id":26354923}]}]}
{"op":"mcm","clk":"11814217151","pt":1723326414577,"mc":[{"id":"1.231616213","rc":[{"ltp":2.54,"id":26354928},{"ltp":1.65,"id":26354923}]}]}
{"op":"mcm","clk":"11814615151","pt":1723333442644,"mc":[{"id":"1.231616213","rc":[{"ltp":2.48,"id":26354928},{"ltp":1.67,"id":26354923}]}]}
{"op":"mcm","clk":"11814646137","pt":1723333855748,"mc":[{"id":"1.231616213","rc":[{"ltp":1.64,"id":26354923}]}]}
{"op":"mcm","clk":"11814660477","pt":1723334087128,"mc":[{"id":"1.231616213","rc":[{"ltp":1.61,"id":26354923}]}]}
{"op":"mcm","clk":"11814991579","pt":1723338516835,"mc":[{"id":"1.231616213","rc":[{"ltp":2.44,"id":26354928},{"ltp":1.7,"id":26354923}]}]}
{"op":"mcm","clk":"11815096275","pt":1723339675614,"mc":[{"id":"1.231616213","rc":[{"ltp":1.72,"id":26354923}]}]}
{"op":"mcm","clk":"11815100221","pt":1723339727334,"mc":[{"id":"1.231616213","rc":[{"ltp":1.75,"id":26354923}]}]}
{"op":"mcm","clk":"11815109236","pt":1723339847506,"mc":[{"id":"1.231616213","rc":[{"ltp":1.69,"id":26354923}]}]}
{"op":"mcm","clk":"11815162494","pt":1723340575538,"mc":[{"id":"1.231616213","rc":[{"ltp":1.7,"id":26354923}]}]}
{"op":"mcm","clk":"11815174515","pt":1723340734904,"mc":[{"id":"1.231616213","rc":[{"ltp":1.68,"id":26354923}]}]}
{"op":"mcm","clk":"11815364818","pt":1723343512917,"mc":[{"id":"1.231616213","rc":[{"ltp":2.48,"id":26354928}]}]}
{"op":"mcm","clk":"11815492375","pt":1723345366742,"mc":[{"id":"1.231616213","rc":[{"ltp":1.67,"id":26354923}]}]}
{"op":"mcm","clk":"11815555942","pt":1723346512181,"mc":[{"id":"1.231616213","rc":[{"ltp":1.68,"id":26354923}]}]}
{"op":"mcm","clk":"11815569968","pt":1723346771968,"mc":[{"id":"1.231616213","rc":[{"ltp":1.67,"id":26354923}]}]}
{"op":"mcm","clk":"11815623298","pt":1723347864700,"mc":[{"id":"1.231616213","rc":[{"ltp":1.68,"id":26354923}]}]}
{"op":"mcm","clk":"11815647083","pt":1723348371870,"mc":[{"id":"1.231616213","rc":[{"ltp":2.46,"id":26354928}]}]}
{"op":"mcm","clk":"11815661071","pt":1723348692231,"mc":[{"id":"1.231616213","rc":[{"ltp":1.67,"id":26354923}]}]}
{"op":"mcm","clk":"11815674622","pt":1723348915488,"mc":[{"id":"1.231616213","rc":[{"ltp":1.68,"id":26354923}]}]}
{"op":"mcm","clk":"11815698146","pt":1723349397311,"mc":[{"id":"1.231616213","rc":[{"ltp":2.48,"id":26354928},{"ltp":1.67,"id":26354923}]}]}
{"op":"mcm","clk":"11815723269","pt":1723349674400,"mc":[{"id":"1.231616213","rc":[{"ltp":1.66,"id":26354923}]}]}
{"op":"mcm","clk":"11815766149","pt":1723350644503,"mc":[{"id":"1.231616213","rc":[{"ltp":1.67,"id":26354923}]}]}
{"op":"mcm","clk":"11815779850","pt":1723350954978,"mc":[{"id":"1.231616213","rc":[{"ltp":2.5,"id":26354928}]}]}
{"op":"mcm","clk":"11815782541","pt":1723351015435,"mc":[{"id":"1.231616213","rc":[{"ltp":1.66,"id":26354923}]}]}
{"op":"mcm","clk":"11815832839","pt":1723352450601,"mc":[{"id":"1.231616213","rc":[{"ltp":1.65,"id":26354923}]}]}
{"op":"mcm","clk":"11815851924","pt":1723353013111,"mc":[{"id":"1.231616213","rc":[{"ltp":1.66,"id":26354923}]}]}
{"op":"mcm","clk":"11815927138","pt":1723355038450,"mc":[{"id":"1.231616213","rc":[{"ltp":1.64,"id":26354923}]}]}
{"op":"mcm","clk":"11815958831","pt":1723356267558,"mc":[{"id":"1.231616213","rc":[{"ltp":1.65,"id":26354923}]}]}
{"op":"mcm","clk":"11815977421","pt":1723357017573,"mc":[{"id":"1.231616213","rc":[{"ltp":1.66,"id":26354923}]}]}
{"op":"mcm","clk":"11815980849","pt":1723357155273,"mc":[{"id":"1.231616213","rc":[{"ltp":1.65,"id":26354923}]}]}
{"op":"mcm","clk":"11815982739","pt":1723357244058,"mc":[{"id":"1.231616213","rc":[{"ltp":2.52,"id":26354928}]}]}
{"op":"mcm","clk":"11815992069","pt":1723357762772,"mc":[{"id":"1.231616213","rc":[{"ltp":1.66,"id":26354923}]}]}
{"op":"mcm","clk":"11816002858","pt":1723358218702,"mc":[{"id":"1.231616213","rc":[{"ltp":2.5,"id":26354928}]}]}
{"op":"mcm","clk":"11816036116","pt":1723359491228,"mc":[{"id":"1.231616213","rc":[{"ltp":1.65,"id":26354923}]}]}
{"op":"mcm","clk":"11816042637","pt":1723359702921,"mc":[{"id":"1.231616213","rc":[{"ltp":1.66,"id":26354923}]}]}
{"op":"mcm","clk":"11816053258","pt":1723360049175,"mc":[{"id":"1.231616213","rc":[{"ltp":2.52,"id":26354928}]}]}
{"op":"mcm","clk":"11816058106","pt":1723360193104,"mc":[{"id":"1.231616213","rc":[{"ltp":1.65,"id":26354923}]}]}
{"op":"mcm","clk":"11816060760","pt":1723360265083,"mc":[{"id":"1.231616213","rc":[{"ltp":2.54,"id":26354928}]}]}
{"op":"mcm","clk":"11816164376","pt":1723362509160,"mc":[{"id":"1.231616213","rc":[{"ltp":2.52,"id":26354928}]}]}
{"op":"mcm","clk":"11816193143","pt":1723363182068,"mc":[{"id":"1.231616213","rc":[{"ltp":1.66,"id":26354923}]}]}
{"op":"mcm","clk":"11816220528","pt":1723363692789,"mc":[{"id":"1.231616213","rc":[{"ltp":1.65,"id":26354923}]}]}
{"op":"mcm","clk":"11816231441","pt":1723363911615,"mc":[{"id":"1.231616213","rc":[{"ltp":1.66,"id":26354923}]}]}
{"op":"mcm","clk":"11816254241","pt":1723364349263,"mc":[{"id":"1.231616213","rc":[{"ltp":1.65,"id":26354923}]}]}
{"op":"mcm","clk":"11816264276","pt":1723364506159,"mc":[{"id":"1.231616213","rc":[{"ltp":1.66,"id":26354923}]}]}
{"op":"mcm","clk":"11816269935","pt":1723364595756,"mc":[{"id":"1.231616213","rc":[{"ltp":2.5,"id":26354928}]}]}
{"op":"mcm","clk":"11816277270","pt":1723364735308,"mc":[{"id":"1.231616213","rc":[{"ltp":1.65,"id":26354923}]}]}
{"op":"mcm","clk":"11816323599","pt":1723365534082,"mc":[{"id":"1.231616213","rc":[{"ltp":1.66,"id":26354923}]}]}
{"op":"mcm","clk":"11816361193","pt":1723365892800,"mc":[{"id":"1.231616213","rc":[{"ltp":1.65,"id":26354923}]}]}
{"op":"mcm","clk":"11816415433","pt":1723366670971,"mc":[{"id":"1.231616213","rc":[{"ltp":1.66,"id":26354923}]}]}
{"op":"mcm","clk":"11816420076","pt":1723366738822,"mc":[{"id":"1.231616213","rc":[{"ltp":1.65,"id":26354923}]}]}
{"op":"mcm","clk":"11816420160","pt":1723366740528,"mc":[{"id":"1.231616213","rc":[{"ltp":1.66,"id":26354923}]}]}
{"op":"mcm","clk":"11816450240","pt":1723367145432,"mc":[{"id":"1.231616213","rc":[{"ltp":1.65,"id":26354923}]}]}
{"op":"mcm","clk":"11816466969","pt":1723367370362,"mc":[{"id":"1.231616213","rc":[{"ltp":1.66,"id":26354923}]}]}
{"op":"mcm","clk":"11816484201","pt":1723367630590,"mc":[{"id":"1.231616213","rc":[{"ltp":1.65,"id":26354923}]}]}
{"op":"mcm","clk":"11816486606","pt":1723367669124,"mc":[{"id":"1.231616213","rc":[{"ltp":1.66,"id":26354923}]}]}
{"op":"mcm","clk":"11816496232","pt":1723367817492,"mc":[{"id":"1.231616213","rc":[{"ltp":2.52,"id":26354928},{"ltp":1.65,"id":26354923}]}]}
{"op":"mcm","clk":"11816520561","pt":1723368169562,"mc":[{"id":"1.231616213","rc":[{"ltp":1.66,"id":26354923}]}]}
{"op":"mcm","clk":"11816532010","pt":1723368318728,"mc":[{"id":"1.231616213","rc":[{"ltp":1.64,"id":26354923}]}]}
{"op":"mcm","clk":"11816539457","pt":1723368409866,"mc":[{"id":"1.231616213","rc":[{"ltp":1.65,"id":26354923}]}]}
{"op":"mcm","clk":"11816544603","pt":1723368476815,"mc":[{"id":"1.231616213","rc":[{"ltp":1.66,"id":26354923}]}]}
{"op":"mcm","clk":"11816548318","pt":1723368526000,"mc":[{"id":"1.231616213","rc":[{"ltp":1.65,"id":26354923}]}]}
{"op":"mcm","clk":"11816550411","pt":1723368552962,"mc":[{"id":"1.231616213","rc":[{"ltp":1.66,"id":26354923}]}]}
{"op":"mcm","clk":"11816582482","pt":1723368956039,"mc":[{"id":"1.231616213","rc":[{"ltp":2.48,"id":26354928},{"ltp":1.68,"id":26354923}]}]}
{"op":"mcm","clk":"11816599327","pt":1723369197836,"mc":[{"id":"1.231616213","rc":[{"ltp":2.46,"id":26354928}]}]}
{"op":"mcm","clk":"11816658557","pt":1723369912687,"mc":[{"id":"1.231616213","rc":[{"ltp":2.44,"id":26354928}]}]}
{"op":"mcm","clk":"11816663509","pt":1723369977192,"mc":[{"id":"1.231616213","rc":[{"ltp":1.69,"id":26354923}]}]}
{"op":"mcm","clk":"11816666431","pt":1723370013756,"mc":[{"id":"1.231616213","rc":[{"ltp":1.7,"id":26354923}]}]}
{"op":"mcm","clk":"11816684418","pt":1723370207025,"mc":[{"id":"1.231616213","rc":[{"ltp":2.4,"id":26354928}]}]}
{"op":"mcm","clk":"11816690830","pt":1723370269196,"mc":[{"id":"1.231616213","rc":[{"ltp":1.71,"id":26354923}]}]}
{"op":"mcm","clk":"11816723924","pt":1723370578748,"mc":[{"id":"1.231616213","rc":[{"ltp":2.42,"id":26354928}]}]}
{"op":"mcm","clk":"11816730662","pt":1723370638409,"mc":[{"id":"1.231616213","rc":[{"ltp":1.7,"id":26354923}]}]}
{"op":"mcm","clk":"11816759234","pt":1723370876178,"mc":[{"id":"1.231616213","rc":[{"ltp":1.71,"id":26354923}]}]}
{"op":"mcm","clk":"11816774414","pt":1723370995074,"mc":[{"id":"1.231616213","rc":[{"ltp":2.4,"id":26354928}]}]}
{"op":"mcm","clk":"11816823265","pt":1723371296931,"mc":[{"id":"1.231616213","rc":[{"ltp":2.44,"id":26354928}]}]}
{"op":"mcm","clk":"11816828374","pt":1723371336510,"mc":[{"id":"1.231616213","rc":[{"ltp":1.7,"id":26354923}]}]}
{"op":"mcm","clk":"11816933959","pt":1723372187082,"mc":[{"id":"1.231616213","rc":[{"ltp":1.69,"id":26354923}]}]}
{"op":"mcm","clk":"11816942512","pt":1723372244426,"mc":[{"id":"1.231616213","rc":[{"ltp":2.42,"id":26354928}]}]}
{"op":"mcm","clk":"11817062855","pt":1723373209004,"mc":[{"id":"1.231616213","rc":[{"ltp":1.7,"id":26354923}]}]}
{"op":"mcm","clk":"11817071223","pt":1723373273992,"mc":[{"id":"1.231616213","rc":[{"ltp":1.69,"id":26354923}]}]}
{"op":"mcm","clk":"11817088276","pt":1723373414179,"mc":[{"id":"1.231616213","rc":[{"ltp":1.7,"id":26354923}]}]}
{"op":"mcm","clk":"11817097906","pt":1723373500312,"mc":[{"id":"1.231616213","rc":[{"ltp":1.69,"id":26354923}]}]}
{"op":"mcm","clk":"11817174089","pt":1723374271122,"mc":[{"id":"1.231616213","rc":[{"ltp":1.7,"id":26354923}]}]}
{"op":"mcm","clk":"11817184899","pt":1723374375015,"mc":[{"id":"1.231616213","rc":[{"ltp":1.69,"id":26354923}]}]}
{"op":"mcm","clk":"11817211466","pt":1723374597350,"mc":[{"id":"1.231616213","rc":[{"ltp":2.44,"id":26354928}]}]}
{"op":"mcm","clk":"11817253782","pt":1723374949239,"mc":[{"id":"1.231616213","rc":[{"ltp":1.67,"id":26354923}]}]}
{"op":"mcm","clk":"11817291903","pt":1723375252435,"mc":[{"id":"1.231616213","rc":[{"ltp":1.68,"id":26354923}]}]}
{"op":"mcm","clk":"11817300018","pt":1723375313841,"mc":[{"id":"1.231616213","rc":[{"ltp":2.5,"id":26354928},{"ltp":1.69,"id":26354923}]}]}
{"op":"mcm","clk":"11817315733","pt":1723375434176,"mc":[{"id":"1.231616213","rc":[{"ltp":2.44,"id":26354928}]}]}
{"op":"mcm","clk":"11817322961","pt":1723375493584,"mc":[{"id":"1.231616213","rc":[{"ltp":1.68,"id":26354923}]}]}
{"op":"mcm","clk":"11817341413","pt":1723375643471,"mc":[{"id":"1.231616213","rc":[{"ltp":2.46,"id":26354928}]}]}
{"op":"mcm","clk":"11817372388","pt":1723375900299,"mc":[{"id":"1.231616213","rc":[{"ltp":2.44,"id":26354928},{"ltp":1.69,"id":26354923}]}]}
{"op":"mcm","clk":"11817403398","pt":1723376137995,"mc":[{"id":"1.231616213","rc":[{"ltp":1.68,"id":26354923}]}]}
{"op":"mcm","clk":"11817432688","pt":1723376379007,"mc":[{"id":"1.231616213","rc":[{"ltp":1.69,"id":26354923}]}]}
{"op":"mcm","clk":"11817536484","pt":1723377165931,"mc":[{"id":"1.231616213","rc":[{"ltp":1.7,"id":26354923}]}]}
{"op":"mcm","clk":"11817542472","pt":1723377221325,"mc":[{"id":"1.231616213","rc":[{"ltp":2.42,"id":26354928}]}]}
{"op":"mcm","clk":"11817554654","pt":1723377335473,"mc":[{"id":"1.231616213","rc":[{"ltp":2.44,"id":26354928},{"ltp":1.69,"id":26354923}]}]}
{"op":"mcm","clk":"11817604059","pt":1723377831554,"mc":[{"id":"1.231616213","rc":[{"ltp":1.67,"id":26354923}]}]}
{"op":"mcm","clk":"11817619747","pt":1723377985103,"mc":[{"id":"1.231616213","rc":[{"ltp":1.68,"id":26354923}]}]}
{"op":"mcm","clk":"11817635163","pt":1723378136572,"mc":[{"id":"1.231616213","rc":[{"ltp":1.69,"id":26354923}]}]}
{"op":"mcm","clk":"11817646281","pt":1723378232293,"mc":[{"id":"1.231616213","rc":[{"ltp":1.68,"id":26354923}]}]}
{"op":"mcm","clk":"11817660453","pt":1723378371399,"mc":[{"id":"1.231616213","rc":[{"ltp":1.69,"id":26354923}]}]}
{"op":"mcm","clk":"11817670255","pt":1723378462395,"mc":[{"id":"1.231616213","rc":[{"ltp":1.68,"id":26354923}]}]}
{"op":"mcm","clk":"11817689954","pt":1723378645214,"mc":[{"id":"1.231616213","rc":[{"ltp":1.69,"id":26354923}]}]}
{"op":"mcm","clk":"11817710078","pt":1723378839938,"mc":[{"id":"1.231616213","rc":[{"ltp":1.68,"id":26354923}]}]}
{"op":"mcm","clk":"11817717108","pt":1723378911729,"mc":[{"id":"1.231616213","rc":[{"ltp":2.42,"id":26354928}]}]}
{"op":"mcm","clk":"11817727154","pt":1723379014956,"mc":[{"id":"1.231616213","rc":[{"ltp":2.44,"id":26354928},{"ltp":1.69,"id":26354923}]}]}
{"op":"mcm","clk":"11817763534","pt":1723379389085,"mc":[{"id":"1.231616213","rc":[{"ltp":1.68,"id":26354923}]}]}
{"op":"mcm","clk":"11817770754","pt":1723379455950,"mc":[{"id":"1.231616213","rc":[{"ltp":1.69,"id":26354923}]}]}
{"op":"mcm","clk":"11817787631","pt":1723379620940,"mc":[{"id":"1.231616213","rc":[{"ltp":2.46,"id":26354928}]}]}
{"op":"mcm","clk":"11817807222","pt":1723379814181,"mc":[{"id":"1.231616213","rc":[{"ltp":1.68,"id":26354923}]}]}
{"op":"mcm","clk":"11817813562","pt":1723379868459,"mc":[{"id":"1.231616213","rc":[{"ltp":1.69,"id":26354923}]}]}
{"op":"mcm","clk":"11817821282","pt":1723379939051,"mc":[{"id":"1.231616213","rc":[{"ltp":1.67,"id":26354923}]}]}
{"op":"mcm","clk":"11817827362","pt":1723379990899,"mc":[{"id":"1.231616213","rc":[{"ltp":2.48,"id":26354928}]}]}
{"op":"mcm","clk":"11817840933","pt":1723380116105,"mc":[{"id":"1.231616213","rc":[{"ltp":1.66,"id":26354923}]}]}
{"op":"mcm","clk":"11817845671","pt":1723380157733,"mc":[{"id":"1.231616213","rc":[{"ltp":1.67,"id":26354923}]}]}
{"op":"mcm","clk":"11817861418","pt":1723380295399,"mc":[{"id":"1.231616213","rc":[{"ltp":1.66,"id":26354923}]}]}
{"op":"mcm","clk":"11817867054","pt":1723380341776,"mc":[{"id":"1.231616213","rc":[{"ltp":2.5,"id":26354928},{"ltp":1.67,"id":26354923}]}]}
{"op":"mcm","clk":"11817873549","pt":1723380397027,"mc":[{"id":"1.231616213","rc":[{"ltp":1.66,"id":26354923}]}]}
{"op":"mcm","clk":"11817896174","pt":1723380597879,"mc":[{"id":"1.231616213","rc":[{"ltp":1.65,"id":26354923}]}]}
{"op":"mcm","clk":"11817901278","pt":1723380647850,"mc":[{"id":"1.231616213","rc":[{"ltp":1.66,"id":26354923}]}]}
{"op":"mcm","clk":"11817916670","pt":1723380820343,"mc":[{"id":"1.231616213","rc":[{"ltp":2.52,"id":26354928},{"ltp":1.65,"id":26354923}]}]}
{"op":"mcm","clk":"11817927931","pt":1723380953936,"mc":[{"id":"1.231616213","rc":[{"ltp":2.54,"id":26354928}]}]}
{"op":"mcm","clk":"11817933238","pt":1723381014076,"mc":[{"id":"1.231616213","rc":[{"ltp":2.5,"id":26354928},{"ltp":1.66,"id":26354923}]}]}
{"op":"mcm","clk":"11817948747","pt":1723381178578,"mc":[{"id":"1.231616213","rc":[{"ltp":1.67,"id":26354923}]}]}
{"op":"mcm","clk":"11817964726","pt":1723381318958,"mc":[{"id":"1.231616213","rc":[{"ltp":1.66,"id":26354923}]}]}
{"op":"mcm","clk":"11817972065","pt":1723381378820,"mc":[{"id":"1.231616213","rc":[{"ltp":2.58,"id":26354928},{"ltp":1.63,"id":26354923}]}]}
{"op":"mcm","clk":"11817979267","pt":1723381437997,"mc":[{"id":"1.231616213","rc":[{"ltp":2.64,"id":26354928},{"ltp":1.59,"id":26354923}]}]}
{"op":"mcm","clk":"11817987121","pt":1723381498283,"mc":[{"id":"1.231616213","rc":[{"ltp":2.66,"id":26354928},{"ltp":1.61,"id":26354923}]}]}
{"op":"mcm","clk":"11817995605","pt":1723381558662,"mc":[{"id":"1.231616213","rc":[{"ltp":2.64,"id":26354928}]}]}
{"op":"mcm","clk":"11818003834","pt":1723381617633,"mc":[{"id":"1.231616213","rc":[{"ltp":2.56,"id":26354928},{"ltp":1.63,"id":26354923}]}]}
{"op":"mcm","clk":"11818019658","pt":1723381737166,"mc":[{"id":"1.231616213","rc":[{"ltp":2.54,"id":26354928},{"ltp":1.65,"id":26354923}]}]}
{"op":"mcm","clk":"11818027412","pt":1723381798547,"mc":[{"id":"1.231616213","rc":[{"ltp":2.46,"id":26354928},{"ltp":1.68,"id":26354923}]}]}
{"op":"mcm","clk":"11818035877","pt":1723381858367,"mc":[{"id":"1.231616213","rc":[{"ltp":2.48,"id":26354928},{"ltp":1.67,"id":26354923}]}]}
{"op":"mcm","clk":"11818044048","pt":1723381918981,"mc":[{"id":"1.231616213","rc":[{"ltp":1.66,"id":26354923}]}]}
{"op":"mcm","clk":"11818071564","pt":1723382039036,"mc":[{"id":"1.231616213","rc":[{"ltp":1.67,"id":26354923}]}]}
{"op":"mcm","clk":"11818112388","pt":1723382338651,"mc":[{"id":"1.231616213","rc":[{"ltp":2.46,"id":26354928},{"ltp":1.68,"id":26354923}]}]}
{"op":"mcm","clk":"11818119652","pt":1723382398440,"mc":[{"id":"1.231616213","rc":[{"ltp":2.48,"id":26354928},{"ltp":1.67,"id":26354923}]}]}
{"op":"mcm","clk":"11818135262","pt":1723382518737,"mc":[{"id":"1.231616213","rc":[{"ltp":2.52,"id":26354928},{"ltp":1.66,"id":26354923}]}]}
{"op":"mcm","clk":"11818142492","pt":1723382578532,"mc":[{"id":"1.231616213","rc":[{"ltp":2.54,"id":26354928},{"ltp":1.65,"id":26354923}]}]}
{"op":"mcm","clk":"11818149959","pt":1723382638972,"mc":[{"id":"1.231616213","rc":[{"ltp":2.56,"id":26354928},{"ltp":1.64,"id":26354923}]}]}
{"op":"mcm","clk":"11818165061","pt":1723382759008,"mc":[{"id":"1.231616213","rc":[{"ltp":2.52,"id":26354928},{"ltp":1.65,"id":26354923}]}]}
{"op":"mcm","clk":"11818172918","pt":1723382818969,"mc":[{"id":"1.231616213","rc":[{"ltp":2.56,"id":26354928},{"ltp":1.63,"id":26354923}]}]}
{"op":"mcm","clk":"11818181174","pt":1723382878755,"mc":[{"id":"1.231616213","rc":[{"ltp":1.64,"id":26354923}]}]}
{"op":"mcm","clk":"11818197767","pt":1723382998957,"mc":[{"id":"1.231616213","marketDefinition":{"bspMarket":false,"turnInPlayEnabled":true,"persistenceEnabled":true,"marketBaseRate":5.0,"eventId":"33480309","eventTypeId":"4","numberOfWinners":1,"bettingType":"ODDS","marketType":"MATCH_ODDS","marketTime":"2024-08-11T13:30:00.000Z","suspendTime":"2024-08-11T13:30:00.000Z","bspReconciled":false,"complete":true,"inPlay":true,"crossMatching":true,"runnersVoidable":false,"numberOfActiveRunners":2,"betDelay":5,"status":"OPEN","runners":[{"status":"ACTIVE","sortPriority":1,"id":26354923,"name":"Oval Invincibles"},{"status":"ACTIVE","sortPriority":2,"id":26354928,"name":"London Spirit"}],"regulators":["MR_INT"],"countryCode":"GB","discountAllowed":true,"timezone":"GMT","openDate":"2024-08-11T13:30:00.000Z","version":6069536128,"name":"Match Odds","eventName":"Oval Invincibles v London Spirit"},"rc":[{"ltp":2.52,"id":26354928},{"ltp":1.65,"id":26354923}]}]}
{"op":"mcm","clk":"11818206693","pt":1723383058989,"mc":[{"id":"1.231616213","rc":[{"ltp":2.62,"id":26354928},{"ltp":1.61,"id":26354923}]}]}
{"op":"mcm","clk":"11818215269","pt":1723383119015,"mc":[{"id":"1.231616213","rc":[{"ltp":2.8,"id":26354928},{"ltp":1.54,"id":26354923}]}]}
{"op":"mcm","clk":"11818223973","pt":1723383178992,"mc":[{"id":"1.231616213","rc":[{"ltp":2.66,"id":26354928},{"ltp":1.62,"id":26354923}]}]}
{"op":"mcm","clk":"11818232408","pt":1723383239001,"mc":[{"id":"1.231616213","rc":[{"ltp":2.5,"id":26354928},{"ltp":1.68,"id":26354923}]}]}
{"op":"mcm","clk":"11818240591","pt":1723383298996,"mc":[{"id":"1.231616213","rc":[{"ltp":2.56,"id":26354928},{"ltp":1.64,"id":26354923}]}]}
{"op":"mcm","clk":"11818249008","pt":1723383358970,"mc":[{"id":"1.231616213","rc":[{"ltp":2.62,"id":26354928},{"ltp":1.61,"id":26354923}]}]}
{"op":"mcm","clk":"11818257509","pt":1723383419017,"mc":[{"id":"1.231616213","rc":[{"ltp":2.68,"id":26354928},{"ltp":1.6,"id":26354923}]}]}
{"op":"mcm","clk":"11818265422","pt":1723383478868,"mc":[{"id":"1.231616213","rc":[{"ltp":2.66,"id":26354928},{"ltp":1.59,"id":26354923}]}]}
{"op":"mcm","clk":"11818273622","pt":1723383539016,"mc":[{"id":"1.231616213","rc":[{"ltp":2.64,"id":26354928},{"ltp":1.61,"id":26354923}]}]}
{"op":"mcm","clk":"11818282106","pt":1723383598987,"mc":[{"id":"1.231616213","rc":[{"ltp":3.15,"id":26354928},{"ltp":1.46,"id":26354923}]}]}
{"op":"mcm","clk":"11818290833","pt":1723383658967,"mc":[{"id":"1.231616213","rc":[{"ltp":3.1,"id":26354928}]}]}
{"op":"mcm","clk":"11818299831","pt":1723383718966,"mc":[{"id":"1.231616213","rc":[{"ltp":3.2,"id":26354928},{"ltp":1.44,"id":26354923}]}]}
{"op":"mcm","clk":"11818308699","pt":1723383779034,"mc":[{"id":"1.231616213","rc":[{"ltp":3.25,"id":26354928},{"ltp":1.45,"id":26354923}]}]}
{"op":"mcm","clk":"11818317646","pt":1723383839036,"mc":[{"id":"1.231616213","rc":[{"ltp":3.0,"id":26354928},{"ltp":1.5,"id":26354923}]}]}
{"op":"mcm","clk":"11818326653","pt":1723383898972,"mc":[{"id":"1.231616213","rc":[{"ltp":2.64,"id":26354928},{"ltp":1.61,"id":26354923}]}]}
{"op":"mcm","clk":"11818335684","pt":1723383959045,"mc":[{"id":"1.231616213","rc":[{"ltp":2.58,"id":26354928},{"ltp":1.65,"id":26354923}]}]}
{"op":"mcm","clk":"11818344803","pt":1723384018955,"mc":[{"id":"1.231616213","rc":[{"ltp":2.46,"id":26354928},{"ltp":1.69,"id":26354923}]}]}
{"op":"mcm","clk":"11818353773","pt":1723384078756,"mc":[{"id":"1.231616213","rc":[{"ltp":2.48,"id":26354928}]}]}
{"op":"mcm","clk":"11818362781","pt":1723384138963,"mc":[{"id":"1.231616213","rc":[{"ltp":2.42,"id":26354928}]}]}
{"op":"mcm","clk":"11818370933","pt":1723384199050,"mc":[{"id":"1.231616213","rc":[{"ltp":2.62,"id":26354928},{"ltp":1.62,"id":26354923}]}]}
{"op":"mcm","clk":"11818379182","pt":1723384259018,"mc":[{"id":"1.231616213","rc":[{"ltp":2.52,"id":26354928},{"ltp":1.65,"id":26354923}]}]}
{"op":"mcm","clk":"11818387105","pt":1723384319004,"mc":[{"id":"1.231616213","rc":[{"ltp":2.84,"id":26354928},{"ltp":1.55,"id":26354923}]}]}
{"op":"mcm","clk":"11818394315","pt":1723384379053,"mc":[{"id":"1.231616213","rc":[{"ltp":1.54,"id":26354923}]}]}
{"op":"mcm","clk":"11818401377","pt":1723384439046,"mc":[{"id":"1.231616213","rc":[{"ltp":2.82,"id":26354928},{"ltp":1.55,"id":26354923}]}]}
{"op":"mcm","clk":"11818407885","pt":1723384499024,"mc":[{"id":"1.231616213","rc":[{"ltp":2.78,"id":26354928},{"ltp":1.56,"id":26354923}]}]}
{"op":"mcm","clk":"11818414659","pt":1723384559019,"mc":[{"id":"1.231616213","rc":[{"ltp":2.98,"id":26354928},{"ltp":1.52,"id":26354923}]}]}
{"op":"mcm","clk":"11818420090","pt":1723384619018,"mc":[{"id":"1.231616213","rc":[{"ltp":3.0,"id":26354928},{"ltp":1.5,"id":26354923}]}]}
{"op":"mcm","clk":"11818425924","pt":1723384678992,"mc":[{"id":"1.231616213","rc":[{"ltp":3.7,"id":26354928},{"ltp":1.37,"id":26354923}]}]}
{"op":"mcm","clk":"11818432384","pt":1723384739025,"mc":[{"id":"1.231616213","rc":[{"ltp":3.55,"id":26354928},{"ltp":1.38,"id":26354923}]}]}
{"op":"mcm","clk":"11818438616","pt":1723384798992,"mc":[{"id":"1.231616213","rc":[{"ltp":4.8,"id":26354928},{"ltp":1.27,"id":26354923}]}]}
{"op":"mcm","clk":"11818446662","pt":1723384859008,"mc":[{"id":"1.231616213","rc":[{"ltp":5.2,"id":26354928},{"ltp":1.24,"id":26354923}]}]}
{"op":"mcm","clk":"11818454782","pt":1723384918961,"mc":[{"id":"1.231616213","rc":[{"ltp":5.0,"id":26354928}]}]}
{"op":"mcm","clk":"11818462269","pt":1723384978970,"mc":[{"id":"1.231616213","rc":[{"ltp":1.25,"id":26354923}]}]}
{"op":"mcm","clk":"11818470960","pt":1723385038981,"mc":[{"id":"1.231616213","rc":[{"ltp":10.0,"id":26354928},{"ltp":1.11,"id":26354923}]}]}
{"op":"mcm","clk":"11818489428","pt":1723385159012,"mc":[{"id":"1.231616213","rc":[{"ltp":9.2,"id":26354928},{"ltp":1.12,"id":26354923}]}]}
{"op":"mcm","clk":"11818498792","pt":1723385218987,"mc":[{"id":"1.231616213","rc":[{"ltp":9.0,"id":26354928},{"ltp":1.13,"id":26354923}]}]}
{"op":"mcm","clk":"11818508515","pt":1723385278939,"mc":[{"id":"1.231616213","rc":[{"ltp":9.2,"id":26354928},{"ltp":1.12,"id":26354923}]}]}
{"op":"mcm","clk":"11818519086","pt":1723385339005,"mc":[{"id":"1.231616213","rc":[{"ltp":8.6,"id":26354928},{"ltp":1.13,"id":26354923}]}]}
{"op":"mcm","clk":"11818529099","pt":1723385398987,"mc":[{"id":"1.231616213","rc":[{"ltp":8.0,"id":26354928},{"ltp":1.14,"id":26354923}]}]}
{"op":"mcm","clk":"11818539022","pt":1723385458969,"mc":[{"id":"1.231616213","rc":[{"ltp":7.6,"id":26354928},{"ltp":1.15,"id":26354923}]}]}
{"op":"mcm","clk":"11818558350","pt":1723385578961,"mc":[{"id":"1.231616213","rc":[{"ltp":8.0,"id":26354928},{"ltp":1.13,"id":26354923}]}]}
{"op":"mcm","clk":"11818567653","pt":1723385639045,"mc":[{"id":"1.231616213","rc":[{"ltp":12.0,"id":26354928},{"ltp":1.09,"id":26354923}]}]}
{"op":"mcm","clk":"11818577276","pt":1723385699046,"mc":[{"id":"1.231616213","rc":[{"ltp":11.0,"id":26354928},{"ltp":1.1,"id":26354923}]}]}
{"op":"mcm","clk":"11818587058","pt":1723385759026,"mc":[{"id":"1.231616213","rc":[{"ltp":11.5,"id":26354928}]}]}
{"op":"mcm","clk":"11818606966","pt":1723385879000,"mc":[{"id":"1.231616213","rc":[{"ltp":12.0,"id":26354928}]}]}
{"op":"mcm","clk":"11818616710","pt":1723385938852,"mc":[{"id":"1.231616213","rc":[{"ltp":10.0,"id":26354928},{"ltp":1.11,"id":26354923}]}]}
{"op":"mcm","clk":"11818626275","pt":1723385999041,"mc":[{"id":"1.231616213","rc":[{"ltp":10.5,"id":26354928}]}]}
{"op":"mcm","clk":"11818635589","pt":1723386059013,"mc":[{"id":"1.231616213","rc":[{"ltp":11.0,"id":26354928},{"ltp":1.1,"id":26354923}]}]}
{"op":"mcm","clk":"11818645656","pt":1723386118979,"mc":[{"id":"1.231616213","rc":[{"ltp":13.5,"id":26354928},{"ltp":1.08,"id":26354923}]}]}
{"op":"mcm","clk":"11818654803","pt":1723386179040,"mc":[{"id":"1.231616213","rc":[{"ltp":12.0,"id":26354928},{"ltp":1.09,"id":26354923}]}]}
{"op":"mcm","clk":"11818663780","pt":1723386239027,"mc":[{"id":"1.231616213","rc":[{"ltp":11.5,"id":26354928},{"ltp":1.1,"id":26354923}]}]}
{"op":"mcm","clk":"11818673005","pt":1723386298976,"mc":[{"id":"1.231616213","rc":[{"ltp":12.0,"id":26354928}]}]}
{"op":"mcm","clk":"11818682369","pt":1723386358965,"mc":[{"id":"1.231616213","rc":[{"ltp":15.5,"id":26354928},{"ltp":1.07,"id":26354923}]}]}
{"op":"mcm","clk":"11818691046","pt":1723386419054,"mc":[{"id":"1.231616213","rc":[{"ltp":19.0,"id":26354928},{"ltp":1.06,"id":26354923}]}]}
{"op":"mcm","clk":"11818699903","pt":1723386479033,"mc":[{"id":"1.231616213","rc":[{"ltp":15.5,"id":26354928},{"ltp":1.07,"id":26354923}]}]}
{"op":"mcm","clk":"11818708862","pt":1723386539009,"mc":[{"id":"1.231616213","rc":[{"ltp":15.0,"id":26354928}]}]}
{"op":"mcm","clk":"11818717316","pt":1723386599013,"mc":[{"id":"1.231616213","rc":[{"ltp":14.5,"id":26354928}]}]}
{"op":"mcm","clk":"11818726370","pt":1723386658909,"mc":[{"id":"1.231616213","rc":[{"ltp":13.5,"id":26354928},{"ltp":1.09,"id":26354923}]}]}
{"op":"mcm","clk":"11818735611","pt":1723386718963,"mc":[{"id":"1.231616213","rc":[{"ltp":17.5,"id":26354928},{"ltp":1.06,"id":26354923}]}]}
{"op":"mcm","clk":"11818744283","pt":1723386778979,"mc":[{"id":"1.231616213","rc":[{"ltp":19.5,"id":26354928}]}]}
{"op":"mcm","clk":"11818753982","pt":1723386839046,"mc":[{"id":"1.231616213","rc":[{"ltp":26.0,"id":26354928},{"ltp":1.04,"id":26354923}]}]}
{"op":"mcm","clk":"11818763169","pt":1723386899009,"mc":[{"id":"1.231616213","rc":[{"ltp":29.0,"id":26354928}]}]}
{"op":"mcm","clk":"11818790573","pt":1723387078994,"mc":[{"id":"1.231616213","rc":[{"ltp":30.0,"id":26354928}]}]}
{"op":"mcm","clk":"11818800447","pt":1723387138787,"mc":[{"id":"1.231616213","rc":[{"ltp":29.0,"id":26354928}]}]}
{"op":"mcm","clk":"11818828456","pt":1723387318981,"mc":[{"id":"1.231616213","rc":[{"ltp":30.0,"id":26354928}]}]}
{"op":"mcm","clk":"11818866447","pt":1723387498849,"mc":[{"id":"1.231616213","rc":[{"ltp":32.0,"id":26354928}]}]}
{"op":"mcm","clk":"11818877096","pt":1723387558663,"mc":[{"id":"1.231616213","rc":[{"ltp":30.0,"id":26354928}]}]}
{"op":"mcm","clk":"11818895771","pt":1723387679009,"mc":[{"id":"1.231616213","rc":[{"ltp":29.0,"id":26354928}]}]}
{"op":"mcm","clk":"11818904145","pt":1723387738787,"mc":[{"id":"1.231616213","rc":[{"ltp":30.0,"id":26354928}]}]}
{"op":"mcm","clk":"11818911459","pt":1723387798921,"mc":[{"id":"1.231616213","rc":[{"ltp":29.0,"id":26354928}]}]}
{"op":"mcm","clk":"11818933240","pt":1723387978976,"mc":[{"id":"1.231616213","rc":[{"ltp":30.0,"id":26354928}]}]}
{"op":"mcm","clk":"11818939820","pt":1723388038982,"mc":[{"id":"1.231616213","rc":[{"ltp":38.0,"id":26354928},{"ltp":1.03,"id":26354923}]}]}
{"op":"mcm","clk":"11818946532","pt":1723388098965,"mc":[{"id":"1.231616213","rc":[{"ltp":44.0,"id":26354928}]}]}
{"op":"mcm","clk":"11818953719","pt":1723388159004,"mc":[{"id":"1.231616213","rc":[{"ltp":42.0,"id":26354928}]}]}
{"op":"mcm","clk":"11818973368","pt":1723388338853,"mc":[{"id":"1.231616213","rc":[{"ltp":38.0,"id":26354928},{"ltp":1.02,"id":26354923}]}]}
{"op":"mcm","clk":"11818979388","pt":1723388398908,"mc":[{"id":"1.231616213","rc":[{"ltp":34.0,"id":26354928}]}]}
{"op":"mcm","clk":"11818986516","pt":1723388458963,"mc":[{"id":"1.231616213","rc":[{"ltp":36.0,"id":26354928},{"ltp":1.03,"id":26354923}]}]}
{"op":"mcm","clk":"11818993737","pt":1723388518902,"mc":[{"id":"1.231616213","rc":[{"ltp":21.0,"id":26354928},{"ltp":1.05,"id":26354923}]}]}
{"op":"mcm","clk":"11819001445","pt":1723388578738,"mc":[{"id":"1.231616213","rc":[{"ltp":18.0,"id":26354928},{"ltp":1.06,"id":26354923}]}]}
{"op":"mcm","clk":"11819009441","pt":1723388638989,"mc":[{"id":"1.231616213","rc":[{"ltp":19.5,"id":26354928},{"ltp":1.05,"id":26354923}]}]}
{"op":"mcm","clk":"11819017055","pt":1723388698788,"mc":[{"id":"1.231616213","rc":[{"ltp":18.0,"id":26354928},{"ltp":1.06,"id":26354923}]}]}
{"op":"mcm","clk":"11819024664","pt":1723388758948,"mc":[{"id":"1.231616213","rc":[{"ltp":13.5,"id":26354928},{"ltp":1.07,"id":26354923}]}]}
{"op":"mcm","clk":"11819032051","pt":1723388818975,"mc":[{"id":"1.231616213","rc":[{"ltp":15.5,"id":26354928},{"ltp":1.06,"id":26354923}]}]}
{"op":"mcm","clk":"11819039850","pt":1723388879051,"mc":[{"id":"1.231616213","rc":[{"ltp":21.0,"id":26354928},{"ltp":1.05,"id":26354923}]}]}
{"op":"mcm","clk":"11819055218","pt":1723388998958,"mc":[{"id":"1.231616213","rc":[{"ltp":26.0,"id":26354928},{"ltp":1.04,"id":26354923}]}]}
{"op":"mcm","clk":"11819064130","pt":1723389059030,"mc":[{"id":"1.231616213","rc":[{"ltp":32.0,"id":26354928}]}]}
{"op":"mcm","clk":"11819072659","pt":1723389118874,"mc":[{"id":"1.231616213","rc":[{"ltp":28.0,"id":26354928}]}]}
{"op":"mcm","clk":"11819081374","pt":1723389179032,"mc":[{"id":"1.231616213","rc":[{"ltp":38.0,"id":26354928},{"ltp":1.03,"id":26354923}]}]}
{"op":"mcm","clk":"11819090483","pt":1723389238974,"mc":[{"id":"1.231616213","rc":[{"ltp":65.0,"id":26354928},{"ltp":1.02,"id":26354923}]}]}
{"op":"mcm","clk":"11819099283","pt":1723389298736,"mc":[{"id":"1.231616213","rc":[{"ltp":60.0,"id":26354928},{"ltp":1.01,"id":26354923}]}]}
{"op":"mcm","clk":"11819108495","pt":1723389359015,"mc":[{"id":"1.231616213","rc":[{"ltp":100.0,"id":26354928}]}]}
{"op":"mcm","clk":"11819117584","pt":1723389418566,"mc":[{"id":"1.231616213","rc":[{"ltp":110.0,"id":26354928}]}]}
{"op":"mcm","clk":"11819126732","pt":1723389478575,"mc":[{"id":"1.231616213","rc":[{"ltp":120.0,"id":26354928}]}]}
{"op":"mcm","clk":"11819136183","pt":1723389539023,"mc":[{"id":"1.231616213","rc":[{"ltp":140.0,"id":26354928}]}]}
{"op":"mcm","clk":"11819145347","pt":1723389598907,"mc":[{"id":"1.231616213","rc":[{"ltp":190.0,"id":26354928}]}]}
{"op":"mcm","clk":"11819154597","pt":1723389658847,"mc":[{"id":"1.231616213","rc":[{"ltp":140.0,"id":26354928}]}]}
{"op":"mcm","clk":"11819163717","pt":1723389719033,"mc":[{"id":"1.231616213","rc":[{"ltp":200.0,"id":26354928}]}]}
{"op":"mcm","clk":"11819172809","pt":1723389779015,"mc":[{"id":"1.231616213","rc":[{"ltp":990.0,"id":26354928}]}]}
{"op":"mcm","clk":"11819180940","pt":1723389830193,"mc":[{"id":"1.231616213","rc":[{"ltp":1000.0,"id":26354928}]}]}
{"op":"mcm","clk":"11819276528","pt":1723390498921,"mc":[{"id":"1.231616213","marketDefinition":{"bspMarket":false,"turnInPlayEnabled":true,"persistenceEnabled":true,"marketBaseRate":5.0,"eventId":"33480309","eventTypeId":"4","numberOfWinners":1,"bettingType":"ODDS","marketType":"MATCH_ODDS","marketTime":"2024-08-11T13:30:00.000Z","suspendTime":"2024-08-11T13:30:00.000Z","bspReconciled":false,"complete":true,"inPlay":true,"crossMatching":true,"runnersVoidable":false,"numberOfActiveRunners":2,"betDelay":5,"status":"SUSPENDED","runners":[{"status":"ACTIVE","sortPriority":1,"id":26354923,"name":"Oval Invincibles"},{"status":"ACTIVE","sortPriority":2,"id":26354928,"name":"London Spirit"}],"regulators":["MR_INT"],"countryCode":"GB","discountAllowed":true,"timezone":"GMT","openDate":"2024-08-11T13:30:00.000Z","version":6069932718,"name":"Match Odds","eventName":"Oval Invincibles v London Spirit"}}]}
{"op":"mcm","clk":"11819319296","pt":1723390794174,"mc":[{"id":"1.231616213","marketDefinition":{"bspMarket":false,"turnInPlayEnabled":true,"persistenceEnabled":true,"marketBaseRate":5.0,"eventId":"33480309","eventTypeId":"4","numberOfWinners":1,"bettingType":"ODDS","marketType":"MATCH_ODDS","marketTime":"2024-08-11T13:30:00.000Z","suspendTime":"2024-08-11T13:30:00.000Z","bspReconciled":false,"complete":true,"inPlay":true,"crossMatching":false,"runnersVoidable":false,"numberOfActiveRunners":0,"betDelay":5,"status":"CLOSED","settledTime":"2024-08-11T15:39:08.000Z","runners":[{"status":"WINNER","sortPriority":1,"id":26354923,"name":"Oval Invincibles"},{"status":"LOSER","sortPriority":2,"id":26354928,"name":"London Spirit"}],"regulators":["MR_INT"],"countryCode":"GB","discountAllowed":true,"timezone":"GMT","openDate":"2024-08-11T13:30:00.000Z","version":6069943973,"name":"Match Odds","eventName":"Oval Invincibles v London Spirit"}}]}
