{"op":"mcm","clk":"11765943371","pt":1722595055727,"mc":[{"id":"1.231345275","marketDefinition":{"bspMarket":false,"turnInPlayEnabled":true,"persistenceEnabled":true,"marketBaseRate":5.0,"eventId":"33462715","eventTypeId":"4","numberOfWinners":1,"bettingType":"ODDS","marketType":"MATCH_ODDS","marketTime":"2024-08-04T13:30:00.000Z","suspendTime":"2024-08-04T13:30:00.000Z","bspReconciled":false,"complete":true,"inPlay":false,"crossMatching":true,"runnersVoidable":false,"numberOfActiveRunners":2,"betDelay":0,"status":"OPEN","runners":[{"status":"ACTIVE","sortPriority":1,"id":26354928,"name":"London Spirit"},{"status":"ACTIVE","sortPriority":2,"id":26354923,"name":"Oval Invincibles"}],"regulators":["MR_INT"],"countryCode":"GB","discountAllowed":true,"timezone":"GMT","openDate":"2024-08-04T13:30:00.000Z","version":6051308485,"name":"Match Odds","eventName":"London Spirit v Oval Invincibles"}}]}
{"op":"mcm","clk":"11771856463","pt":1722679314997,"mc":[{"id":"1.231345275","rc":[{"ltp":2.18,"id":26354928}]}]}
{"op":"mcm","clk":"11774723625","pt":1722699023307,"mc":[{"id":"1.231345275","rc":[{"ltp":1.83,"id":26354923}]}]}
{"op":"mcm","clk":"11776713475","pt":1722710650558,"mc":[{"id":"1.231345275","rc":[{"ltp":2.2,"id":26354928}]}]}
{"op":"mcm","clk":"11777254467","pt":1722714393089,"mc":[{"id":"1.231345275","rc":[{"ltp":1.81,"id":26354923}]}]}
{"op":"mcm","clk":"11777258749","pt":1722714435362,"mc":[{"id":"1.231345275","rc":[{"ltp":2.24,"id":26354928},{"ltp":1.76,"id":26354923}]}]}
{"op":"mcm","clk":"11777449006","pt":1722716779589,"mc":[{"id":"1.231345275","rc":[{"ltp":1.77,"id":26354923}]}]}
{"op":"mcm","clk":"11777511057","pt":1722717725641,"mc":[{"id":"1.231345275","rc":[{"ltp":1.79,"id":26354923}]}]}
{"op":"mcm","clk":"11777519617","pt":1722717872274,"mc":[{"id":"1.231345275","rc":[{"ltp":1.77,"id":26354923}]}]}
{"op":"mcm","clk":"11777537228","pt":1722718143316,"mc":[{"id":"1.231345275","rc":[{"ltp":1.78,"id":26354923}]}]}
{"op":"mcm","clk":"11777761229","pt":1722721844004,"mc":[{"id":"1.231345275","rc":[{"ltp":1.76,"id":26354923}]}]}
{"op":"mcm","clk":"11777800731","pt":1722722716517,"mc":[{"id":"1.231345275","rc":[{"ltp":2.28,"id":26354928},{"ltp":1.78,"id":26354923}]}]}
{"op":"mcm","clk":"11777849460","pt":1722723774331,"mc":[{"id":"1.231345275","rc":[{"ltp":2.26,"id":26354928},{"ltp":1.79,"id":26354923}]}]}
{"op":"mcm","clk":"11777853286","pt":1722723854707,"mc":[{"id":"1.231345275","rc":[{"ltp":2.2,"id":26354928},{"ltp":1.83,"id":26354923}]}]}
{"op":"mcm","clk":"11777969625","pt":1722725705642,"mc":[{"id":"1.231345275","rc":[{"ltp":1.82,"id":26354923}]}]}
{"op":"mcm","clk":"11777973112","pt":1722725753226,"mc":[{"id":"1.231345275","rc":[{"ltp":2.22,"id":26354928}]}]}
{"op":"mcm","clk":"11778034280","pt":1722726560208,"mc":[{"id":"1.231345275","rc":[{"ltp":1.81,"id":26354923}]}]}
{"op":"mcm","clk":"11778123097","pt":1722727698202,"mc":[{"id":"1.231345275","rc":[{"ltp":1.84,"id":26354923}]}]}
{"op":"mcm","clk":"11778188995","pt":1722728492278,"mc":[{"id":"1.231345275","rc":[{"ltp":2.2,"id":26354928},{"ltp":1.83,"id":26354923}]}]}
{"op":"mcm","clk":"11778676664","pt":1722733280982,"mc":[{"id":"1.231345275","rc":[{"ltp":1.79,"id":26354923}]}]}
{"op":"mcm","clk":"11779634982","pt":1722745532325,"mc":[{"id":"1.231345275","rc":[{"ltp":2.22,"id":26354928},{"ltp":1.81,"id":26354923}]}]}
{"op":"mcm","clk":"11779650094","pt":1722745884599,"mc":[{"id":"1.231345275","rc":[{"ltp":1.83,"id":26354923}]}]}
{"op":"mcm","clk":"11779660297","pt":1722746130611,"mc":[{"id":"1.231345275","rc":[{"ltp":2.2,"id":26354928}]}]}
{"op":"mcm","clk":"11779715344","pt":1722747205399,"mc":[{"id":"1.231345275","rc":[{"ltp":2.22,"id":26354928},{"ltp":1.81,"id":26354923}]}]}
{"op":"mcm","clk":"11779760464","pt":1722748082533,"mc":[{"id":"1.231345275","rc":[{"ltp":1.82,"id":26354923}]}]}
{"op":"mcm","clk":"11779782160","pt":1722748638961,"mc":[{"id":"1.231345275","rc":[{"ltp":1.83,"id":26354923}]}]}
{"op":"mcm","clk":"11779822648","pt":1722749477608,"mc":[{"id":"1.231345275","rc":[{"ltp":1.82,"id":26354923}]}]}
{"op":"mcm","clk":"11779848588","pt":1722749938448,"mc":[{"id":"1.231345275","rc":[{"ltp":2.2,"id":26354928},{"ltp":1.83,"id":26354923}]}]}
{"op":"mcm","clk":"11779916010","pt":1722751706145,"mc":[{"id":"1.231345275","rc":[{"ltp":1.82,"id":26354923}]}]}
{"op":"mcm","clk":"11780006086","pt":1722754001117,"mc":[{"id":"1.231345275","rc":[{"ltp":1.81,"id":26354923}]}]}
{"op":"mcm","clk":"11780013832","pt":1722754217677,"mc":[{"id":"1.231345275","rc":[{"ltp":1.82,"id":26354923}]}]}
{"op":"mcm","clk":"11780024847","pt":1722754512154,"mc":[{"id":"1.231345275","rc":[{"ltp":1.81,"id":26354923}]}]}
{"op":"mcm","clk":"11780049486","pt":1722755307667,"mc":[{"id":"1.231345275","rc":[{"ltp":1.82,"id":26354923}]}]}
{"op":"mcm","clk":"11780057009","pt":1722755602083,"mc":[{"id":"1.231345275","rc":[{"ltp":2.24,"id":26354928},{"ltp":1.81,"id":26354923}]}]}
{"op":"mcm","clk":"11780080109","pt":1722756352646,"mc":[{"id":"1.231345275","rc":[{"ltp":2.2,"id":26354928}]}]}
{"op":"mcm","clk":"11780106170","pt":1722757094362,"mc":[{"id":"1.231345275","rc":[{"ltp":2.24,"id":26354928}]}]}
{"op":"mcm","clk":"11780108808","pt":1722757171337,"mc":[{"id":"1.231345275","rc":[{"ltp":1.82,"id":26354923}]}]}
{"op":"mcm","clk":"11780114034","pt":1722757309461,"mc":[{"id":"1.231345275","rc":[{"ltp":1.81,"id":26354923}]}]}
{"op":"mcm","clk":"11780136828","pt":1722757755413,"mc":[{"id":"1.231345275","rc":[{"ltp":1.82,"id":26354923}]}]}
{"op":"mcm","clk":"11780144244","pt":1722757948884,"mc":[{"id":"1.231345275","rc":[{"ltp":1.81,"id":26354923}]}]}
{"op":"mcm","clk":"11780204107","pt":1722759372926,"mc":[{"id":"1.231345275","rc":[{"ltp":1.82,"id":26354923}]}]}
{"op":"mcm","clk":"11780209332","pt":1722759479033,"mc":[{"id":"1.231345275","rc":[{"ltp":1.81,"id":26354923}]}]}
{"op":"mcm","clk":"11780300581","pt":1722760935141,"mc":[{"id":"1.231345275","rc":[{"ltp":1.8,"id":26354923}]}]}
{"op":"mcm","clk":"11780386302","pt":1722762114065,"mc":[{"id":"1.231345275","rc":[{"ltp":1.81,"id":26354923}]}]}
{"op":"mcm","clk":"11780406734","pt":1722762377012,"mc":[{"id":"1.231345275","rc":[{"ltp":2.22,"id":26354928}]}]}
{"op":"mcm","clk":"11780514781","pt":1722763550728,"mc":[{"id":"1.231345275","rc":[{"ltp":1.8,"id":26354923}]}]}
{"op":"mcm","clk":"11780535732","pt":1722763805918,"mc":[{"id":"1.231345275","rc":[{"ltp":2.26,"id":26354928}]}]}
{"op":"mcm","clk":"11780553369","pt":1722763987699,"mc":[{"id":"1.231345275","rc":[{"ltp":1.79,"id":26354923}]}]}
{"op":"mcm","clk":"11780577730","pt":1722764245159,"mc":[{"id":"1.231345275","rc":[{"ltp":2.24,"id":26354928}]}]}
{"op":"mcm","clk":"11780614800","pt":1722764602805,"mc":[{"id":"1.231345275","rc":[{"ltp":1.81,"id":26354923}]}]}
{"op":"mcm","clk":"11780637919","pt":1722764829261,"mc":[{"id":"1.231345275","rc":[{"ltp":1.8,"id":26354923}]}]}
{"op":"mcm","clk":"11780646339","pt":1722764908458,"mc":[{"id":"1.231345275","rc":[{"ltp":1.81,"id":26354923}]}]}
{"op":"mcm","clk":"11780669121","pt":1722765123987,"mc":[{"id":"1.231345275","rc":[{"ltp":2.22,"id":26354928}]}]}
{"op":"mcm","clk":"11780716140","pt":1722765604258,"mc":[{"id":"1.231345275","rc":[{"ltp":2.24,"id":26354928},{"ltp":1.82,"id":26354923}]}]}
{"op":"mcm","clk":"11780723121","pt":1722765663891,"mc":[{"id":"1.231345275","rc":[{"ltp":2.22,"id":26354928}]}]}
{"op":"mcm","clk":"11780731953","pt":1722765749556,"mc":[{"id":"1.231345275","rc":[{"ltp":1.81,"id":26354923}]}]}
{"op":"mcm","clk":"11780737340","pt":1722765810633,"mc":[{"id":"1.231345275","rc":[{"ltp":1.8,"id":26354923}]}]}
{"op":"mcm","clk":"11780783959","pt":1722766227627,"mc":[{"id":"1.231345275","rc":[{"ltp":1.81,"id":26354923}]}]}
{"op":"mcm","clk":"11780850472","pt":1722766816964,"mc":[{"id":"1.231345275","rc":[{"ltp":2.24,"id":26354928},{"ltp":1.8,"id":26354923}]}]}
{"op":"mcm","clk":"11780926845","pt":1722767532515,"mc":[{"id":"1.231345275","rc":[{"ltp":1.81,"id":26354923}]}]}
{"op":"mcm","clk":"11780936557","pt":1722767627212,"mc":[{"id":"1.231345275","rc":[{"ltp":1.82,"id":26354923}]}]}
{"op":"mcm","clk":"11780966528","pt":1722767900562,"mc":[{"id":"1.231345275","rc":[{"ltp":1.81,"id":26354923}]}]}
{"op":"mcm","clk":"11781008870","pt":1722768243636,"mc":[{"id":"1.231345275","rc":[{"ltp":1.82,"id":26354923}]}]}
{"op":"mcm","clk":"11781033913","pt":1722768482221,"mc":[{"id":"1.231345275","rc":[{"ltp":2.22,"id":26354928}]}]}
{"op":"mcm","clk":"11781134869","pt":1722769566472,"mc":[{"id":"1.231345275","rc":[{"ltp":2.24,"id":26354928},{"ltp":1.8,"id":26354923}]}]}
{"op":"mcm","clk":"11781142015","pt":1722769640855,"mc":[{"id":"1.231345275","rc":[{"ltp":1.79,"id":26354923}]}]}
{"op":"mcm","clk":"11781172874","pt":1722769941120,"mc":[{"id":"1.231345275","rc":[{"ltp":2.26,"id":26354928}]}]}
{"op":"mcm","clk":"11781178411","pt":1722769999980,"mc":[{"id":"1.231345275","rc":[{"ltp":1.78,"id":26354923}]}]}
{"op":"mcm","clk":"11781190852","pt":1722770130848,"mc":[{"id":"1.231345275","rc":[{"ltp":1.79,"id":26354923}]}]}
{"op":"mcm","clk":"11781196340","pt":1722770184933,"mc":[{"id":"1.231345275","rc":[{"ltp":1.78,"id":26354923}]}]}
{"op":"mcm","clk":"11781209214","pt":1722770309471,"mc":[{"id":"1.231345275","rc":[{"ltp":1.79,"id":26354923}]}]}
{"op":"mcm","clk":"11781254369","pt":1722770788477,"mc":[{"id":"1.231345275","rc":[{"ltp":1.78,"id":26354923}]}]}
{"op":"mcm","clk":"11781264720","pt":1722770904498,"mc":[{"id":"1.231345275","rc":[{"ltp":1.79,"id":26354923}]}]}
{"op":"mcm","clk":"11781281950","pt":1722771077835,"mc":[{"id":"1.231345275","rc":[{"ltp":1.8,"id":26354923}]}]}
{"op":"mcm","clk":"11781287807","pt":1722771130907,"mc":[{"id":"1.231345275","rc":[{"ltp":1.79,"id":26354923}]}]}
{"op":"mcm","clk":"11781293708","pt":1722771182841,"mc":[{"id":"1.231345275","rc":[{"ltp":1.8,"id":26354923}]}]}
{"op":"mcm","clk":"11781307310","pt":1722771308992,"mc":[{"id":"1.231345275","rc":[{"ltp":2.24,"id":26354928}]}]}
{"op":"mcm","clk":"11781357957","pt":1722771786198,"mc":[{"id":"1.231345275","rc":[{"ltp":1.79,"id":26354923}]}]}
{"op":"mcm","clk":"11781425559","pt":1722772472275,"mc":[{"id":"1.231345275","rc":[{"ltp":1.8,"id":26354923}]}]}
{"op":"mcm","clk":"11781429729","pt":1722772511912,"mc":[{"id":"1.231345275","rc":[{"ltp":1.79,"id":26354923}]}]}
{"op":"mcm","clk":"11781435798","pt":1722772576384,"mc":[{"id":"1.231345275","rc":[{"ltp":1.8,"id":26354923}]}]}
{"op":"mcm","clk":"11781441176","pt":1722772634728,"mc":[{"id":"1.231345275","rc":[{"ltp":2.28,"id":26354928},{"ltp":1.79,"id":26354923}]}]}
{"op":"mcm","clk":"11781453348","pt":1722772773698,"mc":[{"id":"1.231345275","rc":[{"ltp":1.8,"id":26354923}]}]}
{"op":"mcm","clk":"11781458792","pt":1722772827282,"mc":[{"id":"1.231345275","rc":[{"ltp":2.26,"id":26354928}]}]}
{"op":"mcm","clk":"11781476338","pt":1722773007128,"mc":[{"id":"1.231345275","rc":[{"ltp":1.79,"id":26354923}]}]}
{"op":"mcm","clk":"11781482631","pt":1722773068546,"mc":[{"id":"1.231345275","rc":[{"ltp":1.78,"id":26354923}]}]}
{"op":"mcm","clk":"11781501546","pt":1722773242721,"mc":[{"id":"1.231345275","rc":[{"ltp":2.28,"id":26354928}]}]}
{"op":"mcm","clk":"11781576268","pt":1722773852181,"mc":[{"id":"1.231345275","rc":[{"ltp":1.79,"id":26354923}]}]}
{"op":"mcm","clk":"11781587511","pt":1722773960988,"mc":[{"id":"1.231345275","rc":[{"ltp":1.78,"id":26354923}]}]}
{"op":"mcm","clk":"11781615806","pt":1722774262294,"mc":[{"id":"1.231345275","rc":[{"ltp":2.24,"id":26354928},{"ltp":1.79,"id":26354923}]}]}
{"op":"mcm","clk":"11781626451","pt":1722774369600,"mc":[{"id":"1.231345275","rc":[{"ltp":1.78,"id":26354923}]}]}
{"op":"mcm","clk":"11781675197","pt":1722774790021,"mc":[{"id":"1.231345275","rc":[{"ltp":2.28,"id":26354928}]}]}
{"op":"mcm","clk":"11781685305","pt":1722774873021,"mc":[{"id":"1.231345275","rc":[{"ltp":2.26,"id":26354928}]}]}
{"op":"mcm","clk":"11781708215","pt":1722775053550,"mc":[{"id":"1.231345275","rc":[{"ltp":1.79,"id":26354923}]}]}
{"op":"mcm","clk":"11781721782","pt":1722775160550,"mc":[{"id":"1.231345275","rc":[{"ltp":1.78,"id":26354923}]}]}
{"op":"mcm","clk":"11781735722","pt":1722775269974,"mc":[{"id":"1.231345275","rc":[{"ltp":2.24,"id":26354928}]}]}
{"op":"mcm","clk":"11781752973","pt":1722775413225,"mc":[{"id":"1.231345275","rc":[{"ltp":1.79,"id":26354923}]}]}
{"op":"mcm","clk":"11781767280","pt":1722775526333,"mc":[{"id":"1.231345275","rc":[{"ltp":1.8,"id":26354923}]}]}
{"op":"mcm","clk":"11781774898","pt":1722775583592,"mc":[{"id":"1.231345275","rc":[{"ltp":1.78,"id":26354923}]}]}
{"op":"mcm","clk":"11781789971","pt":1722775713521,"mc":[{"id":"1.231345275","rc":[{"ltp":2.28,"id":26354928},{"ltp":1.77,"id":26354923}]}]}
{"op":"mcm","clk":"11781796317","pt":1722775773301,"mc":[{"id":"1.231345275","rc":[{"ltp":2.3,"id":26354928},{"ltp":1.75,"id":26354923}]}]}
{"op":"mcm","clk":"11781801835","pt":1722775828842,"mc":[{"id":"1.231345275","rc":[{"ltp":2.24,"id":26354928},{"ltp":1.8,"id":26354923}]}]}
{"op":"mcm","clk":"11781808146","pt":1722775888998,"mc":[{"id":"1.231345275","rc":[{"ltp":2.26,"id":26354928},{"ltp":1.79,"id":26354923}]}]}
{"op":"mcm","clk":"11781814672","pt":1722775952995,"mc":[{"id":"1.231345275","rc":[{"ltp":2.24,"id":26354928}]}]}
{"op":"mcm","clk":"11781819519","pt":1722776001350,"mc":[{"id":"1.231345275","rc":[{"ltp":1.78,"id":26354923}]}]}
{"op":"mcm","clk":"11781824534","pt":1722776057028,"mc":[{"id":"1.231345275","rc":[{"ltp":2.26,"id":26354928},{"ltp":1.79,"id":26354923}]}]}
{"op":"mcm","clk":"11781831449","pt":1722776124852,"mc":[{"id":"1.231345275","rc":[{"ltp":1.78,"id":26354923}]}]}
{"op":"mcm","clk":"11781845221","pt":1722776250997,"mc":[{"id":"1.231345275","rc":[{"ltp":1.79,"id":26354923}]}]}
{"op":"mcm","clk":"11781851645","pt":1722776311141,"mc":[{"id":"1.231345275","rc":[{"ltp":1.8,"id":26354923}]}]}
{"op":"mcm","clk":"11781857482","pt":1722776364805,"mc":[{"id":"1.231345275","rc":[{"ltp":2.28,"id":26354928},{"ltp":1.78,"id":26354923}]}]}
{"op":"mcm","clk":"11781865221","pt":1722776429575,"mc":[{"id":"1.231345275","rc":[{"ltp":2.26,"id":26354928}]}]}
{"op":"mcm","clk":"11781881639","pt":1722776553081,"mc":[{"id":"1.231345275","rc":[{"ltp":2.1,"id":26354928},{"ltp":1.9,"id":26354923}]}]}
{"op":"mcm","clk":"11781889570","pt":1722776612743,"mc":[{"id":"1.231345275","rc":[{"ltp":2.08,"id":26354928},{"ltp":1.91,"id":26354923}]}]}
{"op":"mcm","clk":"11781897053","pt":1722776673512,"mc":[{"id":"1.231345275","rc":[{"ltp":2.06,"id":26354928},{"ltp":1.93,"id":26354923}]}]}
{"op":"mcm","clk":"11781904418","pt":1722776731984,"mc":[{"id":"1.231345275","rc":[{"ltp":2.04,"id":26354928}]}]}
{"op":"mcm","clk":"11781912199","pt":1722776791870,"mc":[{"id":"1.231345275","rc":[{"ltp":2.16,"id":26354928},{"ltp":1.9,"id":26354923}]}]}
{"op":"mcm","clk":"11781920464","pt":1722776853048,"mc":[{"id":"1.231345275","rc":[{"ltp":2.08,"id":26354928},{"ltp":1.91,"id":26354923}]}]}
{"op":"mcm","clk":"11781928700","pt":1722776913415,"mc":[{"id":"1.231345275","rc":[{"ltp":2.06,"id":26354928},{"ltp":1.93,"id":26354923}]}]}
{"op":"mcm","clk":"11781936854","pt":1722776971806,"mc":[{"id":"1.231345275","rc":[{"ltp":1.94,"id":26354923}]}]}
{"op":"mcm","clk":"11781945025","pt":1722777032046,"mc":[{"id":"1.231345275","rc":[{"ltp":1.93,"id":26354923}]}]}
{"op":"mcm","clk":"11781952202","pt":1722777087519,"mc":[{"id":"1.231345275","rc":[{"ltp":2.08,"id":26354928}]}]}
{"op":"mcm","clk":"11781961154","pt":1722777153585,"mc":[{"id":"1.231345275","rc":[{"ltp":2.14,"id":26354928},{"ltp":1.89,"id":26354923}]}]}
{"op":"mcm","clk":"11781969596","pt":1722777213656,"mc":[{"id":"1.231345275","rc":[{"ltp":2.1,"id":26354928}]}]}
{"op":"mcm","clk":"11781987423","pt":1722777333701,"mc":[{"id":"1.231345275","rc":[{"ltp":1.91,"id":26354923}]}]}
{"op":"mcm","clk":"11781996300","pt":1722777391972,"mc":[{"id":"1.231345275","rc":[{"ltp":2.06,"id":26354928},{"ltp":1.93,"id":26354923}]}]}
{"op":"mcm","clk":"11782005526","pt":1722777453226,"mc":[{"id":"1.231345275","rc":[{"ltp":1.95,"id":26354923}]}]}
{"op":"mcm","clk":"11782014477","pt":1722777513401,"mc":[{"id":"1.231345275","rc":[{"ltp":1.97,"id":26354928},{"ltp":2.04,"id":26354923}]}]}
{"op":"mcm","clk":"11782023361","pt":1722777573456,"mc":[{"id":"1.231345275","rc":[{"ltp":1.99,"id":26354928},{"ltp":2.0,"id":26354923}]}]}
{"op":"mcm","clk":"11782032043","pt":1722777633658,"mc":[{"id":"1.231345275","rc":[{"ltp":1.97,"id":26354928},{"ltp":2.02,"id":26354923}]}]}
{"op":"mcm","clk":"11782040117","pt":1722777692386,"mc":[{"id":"1.231345275","rc":[{"ltp":1.93,"id":26354928},{"ltp":2.06,"id":26354923}]}]}
{"op":"mcm","clk":"11782048956","pt":1722777753049,"mc":[{"id":"1.231345275","rc":[{"ltp":1.97,"id":26354928},{"ltp":2.02,"id":26354923}]}]}
{"op":"mcm","clk":"11782057459","pt":1722777813579,"mc":[{"id":"1.231345275","rc":[{"ltp":1.93,"id":26354928},{"ltp":2.08,"id":26354923}]}]}
{"op":"mcm","clk":"11782065075","pt":1722777873376,"mc":[{"id":"1.231345275","rc":[{"ltp":1.95,"id":26354928},{"ltp":2.04,"id":26354923}]}]}
{"op":"mcm","clk":"11782072584","pt":1722777933017,"mc":[{"id":"1.231345275","rc":[{"ltp":1.98,"id":26354928},{"ltp":2.02,"id":26354923}]}]}
{"op":"mcm","clk":"11782080478","pt":1722777993644,"mc":[{"id":"1.231345275","rc":[{"ltp":2.0,"id":26354928},{"ltp":2.0,"id":26354923}]}]}
{"op":"mcm","clk":"11782088488","pt":1722778053712,"mc":[{"id":"1.231345275","rc":[{"ltp":2.02,"id":26354928},{"ltp":1.99,"id":26354923}]}]}
{"op":"mcm","clk":"11782096000","pt":1722778113500,"mc":[{"id":"1.231345275","rc":[{"ltp":2.0,"id":26354928},{"ltp":1.98,"id":26354923}]}]}
{"op":"mcm","clk":"11782103690","pt":1722778173644,"mc":[{"id":"1.231345275","rc":[{"ltp":1.99,"id":26354923}]}]}
{"op":"mcm","clk":"11782111825","pt":1722778233713,"mc":[{"id":"1.231345275","marketDefinition":{"bspMarket":false,"turnInPlayEnabled":true,"persistenceEnabled":true,"marketBaseRate":5.0,"eventId":"33462715","eventTypeId":"4","numberOfWinners":1,"bettingType":"ODDS","marketType":"MATCH_ODDS","marketTime":"2024-08-04T13:30:00.000Z","suspendTime":"2024-08-04T13:30:00.000Z","bspReconciled":false,"complete":true,"inPlay":true,"crossMatching":true,"runnersVoidable":false,"numberOfActiveRunners":2,"betDelay":5,"status":"OPEN","runners":[{"status":"ACTIVE","sortPriority":1,"id":26354928,"name":"London Spirit"},{"status":"ACTIVE","sortPriority":2,"id":26354923,"name":"Oval Invincibles"}],"regulators":["MR_INT"],"countryCode":"GB","discountAllowed":true,"timezone":"GMT","openDate":"2024-08-04T13:30:00.000Z","version":6056558734,"name":"Match Odds","eventName":"London Spirit v Oval Invincibles"},"rc":[{"ltp":2.04,"id":26354928},{"ltp":1.95,"id":26354923}]}]}
{"op":"mcm","clk":"11782119991","pt":1722778293704,"mc":[{"id":"1.231345275","rc":[{"ltp":2.06,"id":26354928},{"ltp":1.94,"id":26354923}]}]}
{"op":"mcm","clk":"11782128745","pt":1722778353714,"mc":[{"id":"1.231345275","rc":[{"ltp":1.94,"id":26354928},{"ltp":2.06,"id":26354923}]}]}
{"op":"mcm","clk":"11782136703","pt":1722778413604,"mc":[{"id":"1.231345275","rc":[{"ltp":1.89,"id":26354928},{"ltp":2.12,"id":26354923}]}]}
{"op":"mcm","clk":"11782144379","pt":1722778473674,"mc":[{"id":"1.231345275","rc":[{"ltp":2.12,"id":26354928},{"ltp":1.89,"id":26354923}]}]}
{"op":"mcm","clk":"11782152294","pt":1722778533714,"mc":[{"id":"1.231345275","rc":[{"ltp":2.02,"id":26354928},{"ltp":1.97,"id":26354923}]}]}
{"op":"mcm","clk":"11782160646","pt":1722778593682,"mc":[{"id":"1.231345275","rc":[{"ltp":1.95,"id":26354928},{"ltp":2.04,"id":26354923}]}]}
{"op":"mcm","clk":"11782169156","pt":1722778653630,"mc":[{"id":"1.231345275","rc":[{"ltp":1.9,"id":26354928},{"ltp":2.1,"id":26354923}]}]}
{"op":"mcm","clk":"11782177797","pt":1722778713621,"mc":[{"id":"1.231345275","rc":[{"ltp":1.85,"id":26354928},{"ltp":2.16,"id":26354923}]}]}
{"op":"mcm","clk":"11782186676","pt":1722778773665,"mc":[{"id":"1.231345275","rc":[{"ltp":1.65,"id":26354928},{"ltp":2.56,"id":26354923}]}]}
{"op":"mcm","clk":"11782195482","pt":1722778833627,"mc":[{"id":"1.231345275","rc":[{"ltp":1.61,"id":26354928},{"ltp":2.62,"id":26354923}]}]}
{"op":"mcm","clk":"11782203693","pt":1722778893716,"mc":[{"id":"1.231345275","rc":[{"ltp":1.63,"id":26354928}]}]}
{"op":"mcm","clk":"11782211603","pt":1722778953689,"mc":[{"id":"1.231345275","rc":[{"ltp":1.65,"id":26354928},{"ltp":2.64,"id":26354923}]}]}
{"op":"mcm","clk":"11782228376","pt":1722779013672,"mc":[{"id":"1.231345275","rc":[{"ltp":1.7,"id":26354928},{"ltp":2.42,"id":26354923}]}]}
{"op":"mcm","clk":"11782236186","pt":1722779073694,"mc":[{"id":"1.231345275","rc":[{"ltp":1.74,"id":26354928},{"ltp":2.32,"id":26354923}]}]}
{"op":"mcm","clk":"11782243782","pt":1722779133703,"mc":[{"id":"1.231345275","rc":[{"ltp":1.8,"id":26354928},{"ltp":2.22,"id":26354923}]}]}
{"op":"mcm","clk":"11782251264","pt":1722779193656,"mc":[{"id":"1.231345275","rc":[{"ltp":1.75,"id":26354928},{"ltp":2.3,"id":26354923}]}]}
{"op":"mcm","clk":"11782259005","pt":1722779253511,"mc":[{"id":"1.231345275","rc":[{"ltp":1.71,"id":26354928},{"ltp":2.4,"id":26354923}]}]}
{"op":"mcm","clk":"11782266551","pt":1722779313591,"mc":[{"id":"1.231345275","rc":[{"ltp":1.68,"id":26354928},{"ltp":2.44,"id":26354923}]}]}
{"op":"mcm","clk":"11782280085","pt":1722779433589,"mc":[{"id":"1.231345275","rc":[{"ltp":1.63,"id":26354928},{"ltp":2.58,"id":26354923}]}]}
{"op":"mcm","clk":"11782287222","pt":1722779493647,"mc":[{"id":"1.231345275","rc":[{"ltp":1.71,"id":26354928},{"ltp":2.42,"id":26354923}]}]}
{"op":"mcm","clk":"11782294512","pt":1722779553629,"mc":[{"id":"1.231345275","rc":[{"ltp":1.75,"id":26354928},{"ltp":2.32,"id":26354923}]}]}
{"op":"mcm","clk":"11782301496","pt":1722779613710,"mc":[{"id":"1.231345275","rc":[{"ltp":1.9,"id":26354928},{"ltp":2.1,"id":26354923}]}]}
{"op":"mcm","clk":"11782308599","pt":1722779673682,"mc":[{"id":"1.231345275","rc":[{"ltp":1.83,"id":26354928},{"ltp":2.2,"id":26354923}]}]}
{"op":"mcm","clk":"11782315946","pt":1722779733613,"mc":[{"id":"1.231345275","rc":[{"ltp":1.84,"id":26354928},{"ltp":2.18,"id":26354923}]}]}
{"op":"mcm","clk":"11782323735","pt":1722779793697,"mc":[{"id":"1.231345275","rc":[{"ltp":1.81,"id":26354928},{"ltp":2.2,"id":26354923}]}]}
{"op":"mcm","clk":"11782331424","pt":1722779853510,"mc":[{"id":"1.231345275","rc":[{"ltp":1.78,"id":26354928},{"ltp":2.28,"id":26354923}]}]}
{"op":"mcm","clk":"11782338648","pt":1722779913301,"mc":[{"id":"1.231345275","rc":[{"ltp":1.75,"id":26354928},{"ltp":2.34,"id":26354923}]}]}
{"op":"mcm","clk":"11782345945","pt":1722779973692,"mc":[{"id":"1.231345275","rc":[{"ltp":1.79,"id":26354928},{"ltp":2.22,"id":26354923}]}]}
{"op":"mcm","clk":"11782354733","pt":1722780033635,"mc":[{"id":"1.231345275","rc":[{"ltp":1.75,"id":26354928},{"ltp":2.32,"id":26354923}]}]}
{"op":"mcm","clk":"11782363462","pt":1722780093528,"mc":[{"id":"1.231345275","rc":[{"ltp":1.77,"id":26354928},{"ltp":2.28,"id":26354923}]}]}
{"op":"mcm","clk":"11782372008","pt":1722780153695,"mc":[{"id":"1.231345275","rc":[{"ltp":1.61,"id":26354928},{"ltp":2.62,"id":26354923}]}]}
{"op":"mcm","clk":"11782380403","pt":1722780213668,"mc":[{"id":"1.231345275","rc":[{"ltp":1.6,"id":26354928}]}]}
{"op":"mcm","clk":"11782389229","pt":1722780273715,"mc":[{"id":"1.231345275","rc":[{"ltp":1.62,"id":26354928},{"ltp":2.6,"id":26354923}]}]}
{"op":"mcm","clk":"11782397771","pt":1722780333656,"mc":[{"id":"1.231345275","rc":[{"ltp":1.61,"id":26354928}]}]}
{"op":"mcm","clk":"11782405829","pt":1722780393635,"mc":[{"id":"1.231345275","rc":[{"ltp":1.62,"id":26354928},{"ltp":2.64,"id":26354923}]}]}
{"op":"mcm","clk":"11782414059","pt":1722780453678,"mc":[{"id":"1.231345275","rc":[{"ltp":1.59,"id":26354928},{"ltp":2.68,"id":26354923}]}]}
{"op":"mcm","clk":"11782423343","pt":1722780513640,"mc":[{"id":"1.231345275","rc":[{"ltp":1.55,"id":26354928},{"ltp":2.78,"id":26354923}]}]}
{"op":"mcm","clk":"11782432859","pt":1722780573518,"mc":[{"id":"1.231345275","rc":[{"ltp":1.53,"id":26354928},{"ltp":2.88,"id":26354923}]}]}
{"op":"mcm","clk":"11782441951","pt":1722780633698,"mc":[{"id":"1.231345275","rc":[{"ltp":1.59,"id":26354928},{"ltp":2.68,"id":26354923}]}]}
{"op":"mcm","clk":"11782450900","pt":1722780693646,"mc":[{"id":"1.231345275","rc":[{"ltp":1.58,"id":26354928}]}]}
{"op":"mcm","clk":"11782460466","pt":1722780753623,"mc":[{"id":"1.231345275","rc":[{"ltp":1.53,"id":26354928},{"ltp":2.88,"id":26354923}]}]}
{"op":"mcm","clk":"11782470404","pt":1722780813668,"mc":[{"id":"1.231345275","rc":[{"ltp":1.55,"id":26354928}]}]}
{"op":"mcm","clk":"11782480964","pt":1722780873691,"mc":[{"id":"1.231345275","rc":[{"ltp":1.62,"id":26354928},{"ltp":2.6,"id":26354923}]}]}
{"op":"mcm","clk":"11782490617","pt":1722780933709,"mc":[{"id":"1.231345275","rc":[{"ltp":1.64,"id":26354928},{"ltp":2.58,"id":26354923}]}]}
{"op":"mcm","clk":"11782500701","pt":1722780993667,"mc":[{"id":"1.231345275","rc":[{"ltp":1.65,"id":26354928},{"ltp":2.54,"id":26354923}]}]}
{"op":"mcm","clk":"11782510420","pt":1722781053694,"mc":[{"id":"1.231345275","rc":[{"ltp":1.78,"id":26354928},{"ltp":2.26,"id":26354923}]}]}
{"op":"mcm","clk":"11782520047","pt":1722781113633,"mc":[{"id":"1.231345275","rc":[{"ltp":2.0,"id":26354928},{"ltp":2.0,"id":26354923}]}]}
{"op":"mcm","clk":"11782529200","pt":1722781173698,"mc":[{"id":"1.231345275","rc":[{"ltp":2.08,"id":26354928},{"ltp":1.91,"id":26354923}]}]}
{"op":"mcm","clk":"11782537640","pt":1722781233662,"mc":[{"id":"1.231345275","rc":[{"ltp":2.14,"id":26354928},{"ltp":1.87,"id":26354923}]}]}
{"op":"mcm","clk":"11782546082","pt":1722781293637,"mc":[{"id":"1.231345275","rc":[{"ltp":1.85,"id":26354928},{"ltp":2.08,"id":26354923}]}]}
{"op":"mcm","clk":"11782555034","pt":1722781353512,"mc":[{"id":"1.231345275","rc":[{"ltp":1.96,"id":26354928},{"ltp":2.06,"id":26354923}]}]}
{"op":"mcm","clk":"11782564071","pt":1722781413709,"mc":[{"id":"1.231345275","rc":[{"ltp":1.94,"id":26354928}]}]}
{"op":"mcm","clk":"11782572710","pt":1722781473715,"mc":[{"id":"1.231345275","rc":[{"ltp":1.91,"id":26354928},{"ltp":2.1,"id":26354923}]}]}
{"op":"mcm","clk":"11782581324","pt":1722781533631,"mc":[{"id":"1.231345275","rc":[{"ltp":1.9,"id":26354928},{"ltp":2.12,"id":26354923}]}]}
{"op":"mcm","clk":"11782590248","pt":1722781593582,"mc":[{"id":"1.231345275","rc":[{"ltp":1.86,"id":26354928},{"ltp":2.14,"id":26354923}]}]}
{"op":"mcm","clk":"11782598852","pt":1722781653714,"mc":[{"id":"1.231345275","rc":[{"ltp":2.12,"id":26354928},{"ltp":1.87,"id":26354923}]}]}
{"op":"mcm","clk":"11782607461","pt":1722781713692,"mc":[{"id":"1.231345275","rc":[{"ltp":2.16,"id":26354928},{"ltp":1.85,"id":26354923}]}]}
{"op":"mcm","clk":"11782616700","pt":1722781773665,"mc":[{"id":"1.231345275","rc":[{"ltp":1.86,"id":26354923}]}]}
{"op":"mcm","clk":"11782626652","pt":1722781833602,"mc":[{"id":"1.231345275","rc":[{"ltp":2.2,"id":26354928},{"ltp":1.82,"id":26354923}]}]}
{"op":"mcm","clk":"11782638453","pt":1722781893697,"mc":[{"id":"1.231345275","rc":[{"ltp":2.08,"id":26354928},{"ltp":1.88,"id":26354923}]}]}
{"op":"mcm","clk":"11782648295","pt":1722781953691,"mc":[{"id":"1.231345275","rc":[{"ltp":2.02,"id":26354928},{"ltp":1.97,"id":26354923}]}]}
{"op":"mcm","clk":"11782658513","pt":1722782013548,"mc":[{"id":"1.231345275","rc":[{"ltp":2.06,"id":26354928},{"ltp":1.94,"id":26354923}]}]}
{"op":"mcm","clk":"11782668875","pt":1722782073684,"mc":[{"id":"1.231345275","rc":[{"ltp":2.04,"id":26354928},{"ltp":1.97,"id":26354923}]}]}
{"op":"mcm","clk":"11782678592","pt":1722782133669,"mc":[{"id":"1.231345275","rc":[{"ltp":2.2,"id":26354928},{"ltp":1.83,"id":26354923}]}]}
{"op":"mcm","clk":"11782688196","pt":1722782193647,"mc":[{"id":"1.231345275","rc":[{"ltp":2.18,"id":26354928},{"ltp":1.84,"id":26354923}]}]}
{"op":"mcm","clk":"11782697516","pt":1722782253624,"mc":[{"id":"1.231345275","rc":[{"ltp":2.08,"id":26354928},{"ltp":1.95,"id":26354923}]}]}
{"op":"mcm","clk":"11782706696","pt":1722782313694,"mc":[{"id":"1.231345275","rc":[{"ltp":1.98,"id":26354928},{"ltp":2.02,"id":26354923}]}]}
{"op":"mcm","clk":"11782715377","pt":1722782373634,"mc":[{"id":"1.231345275","rc":[{"ltp":2.22,"id":26354928},{"ltp":1.8,"id":26354923}]}]}
{"op":"mcm","clk":"11782724978","pt":1722782433706,"mc":[{"id":"1.231345275","rc":[{"ltp":2.74,"id":26354928},{"ltp":1.57,"id":26354923}]}]}
{"op":"mcm","clk":"11782733764","pt":1722782493670,"mc":[{"id":"1.231345275","rc":[{"ltp":3.1,"id":26354928},{"ltp":1.47,"id":26354923}]}]}
{"op":"mcm","clk":"11782743312","pt":1722782553634,"mc":[{"id":"1.231345275","rc":[{"ltp":3.0,"id":26354928},{"ltp":1.49,"id":26354923}]}]}
{"op":"mcm","clk":"11782752704","pt":1722782613677,"mc":[{"id":"1.231345275","rc":[{"ltp":2.78,"id":26354928},{"ltp":1.56,"id":26354923}]}]}
{"op":"mcm","clk":"11782762627","pt":1722782673663,"mc":[{"id":"1.231345275","rc":[{"ltp":3.15,"id":26354928},{"ltp":1.45,"id":26354923}]}]}
{"op":"mcm","clk":"11782771892","pt":1722782733704,"mc":[{"id":"1.231345275","rc":[{"ltp":3.5,"id":26354928},{"ltp":1.4,"id":26354923}]}]}
{"op":"mcm","clk":"11782780640","pt":1722782793648,"mc":[{"id":"1.231345275","rc":[{"ltp":3.45,"id":26354928},{"ltp":1.41,"id":26354923}]}]}
{"op":"mcm","clk":"11782788992","pt":1722782853518,"mc":[{"id":"1.231345275","rc":[{"ltp":3.0,"id":26354928},{"ltp":1.48,"id":26354923}]}]}
{"op":"mcm","clk":"11782797055","pt":1722782913617,"mc":[{"id":"1.231345275","rc":[{"ltp":1.51,"id":26354923}]}]}
{"op":"mcm","clk":"11782804913","pt":1722782973689,"mc":[{"id":"1.231345275","rc":[{"ltp":2.84,"id":26354928},{"ltp":1.54,"id":26354923}]}]}
{"op":"mcm","clk":"11782812437","pt":1722783033333,"mc":[{"id":"1.231345275","rc":[{"ltp":2.88,"id":26354928},{"ltp":1.53,"id":26354923}]}]}
{"op":"mcm","clk":"11782820120","pt":1722783093607,"mc":[{"id":"1.231345275","rc":[{"ltp":1.52,"id":26354923}]}]}
{"op":"mcm","clk":"11782827882","pt":1722783153377,"mc":[{"id":"1.231345275","rc":[{"ltp":1.53,"id":26354923}]}]}
{"op":"mcm","clk":"11782850555","pt":1722783333555,"mc":[{"id":"1.231345275","rc":[{"ltp":2.84,"id":26354928},{"ltp":1.54,"id":26354923}]}]}
{"op":"mcm","clk":"11782858236","pt":1722783393630,"mc":[{"id":"1.231345275","rc":[{"ltp":2.8,"id":26354928},{"ltp":1.55,"id":26354923}]}]}
{"op":"mcm","clk":"11782865380","pt":1722783453597,"mc":[{"id":"1.231345275","rc":[{"ltp":2.82,"id":26354928}]}]}
{"op":"mcm","clk":"11782871705","pt":1722783513638,"mc":[{"id":"1.231345275","rc":[{"ltp":1.54,"id":26354923}]}]}
{"op":"mcm","clk":"11782878581","pt":1722783573233,"mc":[{"id":"1.231345275","rc":[{"ltp":2.84,"id":26354928}]}]}
{"op":"mcm","clk":"11782886346","pt":1722783633650,"mc":[{"id":"1.231345275","rc":[{"ltp":2.92,"id":26354928},{"ltp":1.52,"id":26354923}]}]}
{"op":"mcm","clk":"11782902826","pt":1722783753662,"mc":[{"id":"1.231345275","rc":[{"ltp":2.9,"id":26354928},{"ltp":1.53,"id":26354923}]}]}
{"op":"mcm","clk":"11782911403","pt":1722783813536,"mc":[{"id":"1.231345275","rc":[{"ltp":2.96,"id":26354928},{"ltp":1.51,"id":26354923}]}]}
{"op":"mcm","clk":"11782920702","pt":1722783873477,"mc":[{"id":"1.231345275","rc":[{"ltp":3.05,"id":26354928},{"ltp":1.48,"id":26354923}]}]}
{"op":"mcm","clk":"11782930243","pt":1722783933649,"mc":[{"id":"1.231345275","rc":[{"ltp":3.5,"id":26354928},{"ltp":1.4,"id":26354923}]}]}
{"op":"mcm","clk":"11782939961","pt":1722783993645,"mc":[{"id":"1.231345275","rc":[{"ltp":3.35,"id":26354928},{"ltp":1.42,"id":26354923}]}]}
{"op":"mcm","clk":"11782949884","pt":1722784053681,"mc":[{"id":"1.231345275","rc":[{"ltp":2.9,"id":26354928},{"ltp":1.55,"id":26354923}]}]}
{"op":"mcm","clk":"11782959973","pt":1722784113665,"mc":[{"id":"1.231345275","rc":[{"ltp":2.68,"id":26354928},{"ltp":1.58,"id":26354923}]}]}
{"op":"mcm","clk":"11782970029","pt":1722784173713,"mc":[{"id":"1.231345275","rc":[{"ltp":2.74,"id":26354928},{"ltp":1.56,"id":26354923}]}]}
{"op":"mcm","clk":"11782980688","pt":1722784233669,"mc":[{"id":"1.231345275","rc":[{"ltp":2.88,"id":26354928},{"ltp":1.53,"id":26354923}]}]}
{"op":"mcm","clk":"11782991107","pt":1722784293633,"mc":[{"id":"1.231345275","rc":[{"ltp":2.74,"id":26354928},{"ltp":1.59,"id":26354923}]}]}
{"op":"mcm","clk":"11783002016","pt":1722784353686,"mc":[{"id":"1.231345275","rc":[{"ltp":1.55,"id":26354923}]}]}
{"op":"mcm","clk":"11783021671","pt":1722784413638,"mc":[{"id":"1.231345275","rc":[{"ltp":2.6,"id":26354928},{"ltp":1.64,"id":26354923}]}]}
{"op":"mcm","clk":"11783032919","pt":1722784473624,"mc":[{"id":"1.231345275","rc":[{"ltp":2.42,"id":26354928},{"ltp":1.69,"id":26354923}]}]}
{"op":"mcm","clk":"11783044497","pt":1722784533706,"mc":[{"id":"1.231345275","rc":[{"ltp":2.6,"id":26354928},{"ltp":1.62,"id":26354923}]}]}
{"op":"mcm","clk":"11783055553","pt":1722784593627,"mc":[{"id":"1.231345275","rc":[{"ltp":2.78,"id":26354928},{"ltp":1.6,"id":26354923}]}]}
{"op":"mcm","clk":"11783065728","pt":1722784653681,"mc":[{"id":"1.231345275","rc":[{"ltp":2.58,"id":26354928},{"ltp":1.63,"id":26354923}]}]}
{"op":"mcm","clk":"11783075533","pt":1722784713650,"mc":[{"id":"1.231345275","rc":[{"ltp":2.28,"id":26354928},{"ltp":1.77,"id":26354923}]}]}
{"op":"mcm","clk":"11783084896","pt":1722784773702,"mc":[{"id":"1.231345275","rc":[{"ltp":2.48,"id":26354928},{"ltp":1.67,"id":26354923}]}]}
{"op":"mcm","clk":"11783094367","pt":1722784833446,"mc":[{"id":"1.231345275","rc":[{"ltp":2.62,"id":26354928},{"ltp":1.61,"id":26354923}]}]}
{"op":"mcm","clk":"11783103586","pt":1722784893292,"mc":[{"id":"1.231345275","rc":[{"ltp":2.46,"id":26354928},{"ltp":1.68,"id":26354923}]}]}
{"op":"mcm","clk":"11783113457","pt":1722784953646,"mc":[{"id":"1.231345275","rc":[{"ltp":2.76,"id":26354928},{"ltp":1.58,"id":26354923}]}]}
{"op":"mcm","clk":"11783122001","pt":1722785013677,"mc":[{"id":"1.231345275","rc":[{"ltp":2.96,"id":26354928},{"ltp":1.51,"id":26354923}]}]}
{"op":"mcm","clk":"11783130619","pt":1722785073704,"mc":[{"id":"1.231345275","rc":[{"ltp":2.62,"id":26354928},{"ltp":1.61,"id":26354923}]}]}
{"op":"mcm","clk":"11783140601","pt":1722785133600,"mc":[{"id":"1.231345275","rc":[{"ltp":2.22,"id":26354928},{"ltp":1.82,"id":26354923}]}]}
{"op":"mcm","clk":"11783151066","pt":1722785193706,"mc":[{"id":"1.231345275","rc":[{"ltp":2.56,"id":26354928},{"ltp":1.64,"id":26354923}]}]}
{"op":"mcm","clk":"11783161176","pt":1722785253668,"mc":[{"id":"1.231345275","rc":[{"ltp":2.74,"id":26354928},{"ltp":1.58,"id":26354923}]}]}
{"op":"mcm","clk":"11783171430","pt":1722785313701,"mc":[{"id":"1.231345275","rc":[{"ltp":2.52,"id":26354928},{"ltp":1.65,"id":26354923}]}]}
{"op":"mcm","clk":"11783181718","pt":1722785373665,"mc":[{"id":"1.231345275","rc":[{"ltp":2.58,"id":26354928},{"ltp":1.64,"id":26354923}]}]}
{"op":"mcm","clk":"11783192873","pt":1722785433669,"mc":[{"id":"1.231345275","rc":[{"ltp":3.7,"id":26354928},{"ltp":1.37,"id":26354923}]}]}
{"op":"mcm","clk":"11783204217","pt":1722785493659,"mc":[{"id":"1.231345275","rc":[{"ltp":3.55,"id":26354928},{"ltp":1.39,"id":26354923}]}]}
{"op":"mcm","clk":"11783215486","pt":1722785553617,"mc":[{"id":"1.231345275","rc":[{"ltp":3.85,"id":26354928},{"ltp":1.35,"id":26354923}]}]}
{"op":"mcm","clk":"11783227055","pt":1722785613690,"mc":[{"id":"1.231345275","rc":[{"ltp":3.5,"id":26354928},{"ltp":1.4,"id":26354923}]}]}
{"op":"mcm","clk":"11783239396","pt":1722785673672,"mc":[{"id":"1.231345275","rc":[{"ltp":2.6,"id":26354928},{"ltp":1.62,"id":26354923}]}]}
{"op":"mcm","clk":"11783250251","pt":1722785733660,"mc":[{"id":"1.231345275","rc":[{"ltp":2.5,"id":26354928},{"ltp":1.66,"id":26354923}]}]}
{"op":"mcm","clk":"11783261274","pt":1722785793706,"mc":[{"id":"1.231345275","rc":[{"ltp":2.62,"id":26354928},{"ltp":1.62,"id":26354923}]}]}
{"op":"mcm","clk":"11783271937","pt":1722785853626,"mc":[{"id":"1.231345275","rc":[{"ltp":2.58,"id":26354928},{"ltp":1.63,"id":26354923}]}]}
{"op":"mcm","clk":"11783282821","pt":1722785913417,"mc":[{"id":"1.231345275","rc":[{"ltp":2.62,"id":26354928},{"ltp":1.71,"id":26354923}]}]}
{"op":"mcm","clk":"11783294099","pt":1722785973677,"mc":[{"id":"1.231345275","rc":[{"ltp":3.2,"id":26354928},{"ltp":1.48,"id":26354923}]}]}
{"op":"mcm","clk":"11783305868","pt":1722786033690,"mc":[{"id":"1.231345275","rc":[{"ltp":3.05,"id":26354928}]}]}
{"op":"mcm","clk":"11783317222","pt":1722786093642,"mc":[{"id":"1.231345275","rc":[{"ltp":3.3,"id":26354928},{"ltp":1.43,"id":26354923}]}]}
{"op":"mcm","clk":"11783328536","pt":1722786153654,"mc":[{"id":"1.231345275","rc":[{"ltp":3.2,"id":26354928},{"ltp":1.45,"id":26354923}]}]}
{"op":"mcm","clk":"11783340004","pt":1722786213694,"mc":[{"id":"1.231345275","rc":[{"ltp":2.7,"id":26354928},{"ltp":1.59,"id":26354923}]}]}
{"op":"mcm","clk":"11783351508","pt":1722786273638,"mc":[{"id":"1.231345275","rc":[{"ltp":2.78,"id":26354928},{"ltp":1.54,"id":26354923}]}]}
{"op":"mcm","clk":"11783362269","pt":1722786333702,"mc":[{"id":"1.231345275","rc":[{"ltp":2.7,"id":26354928},{"ltp":1.58,"id":26354923}]}]}
{"op":"mcm","clk":"11783373473","pt":1722786393648,"mc":[{"id":"1.231345275","rc":[{"ltp":2.6,"id":26354928},{"ltp":1.62,"id":26354923}]}]}
{"op":"mcm","clk":"11783384596","pt":1722786453526,"mc":[{"id":"1.231345275","rc":[{"ltp":2.66,"id":26354928},{"ltp":1.57,"id":26354923}]}]}
{"op":"mcm","clk":"11783395026","pt":1722786513582,"mc":[{"id":"1.231345275","rc":[{"ltp":2.68,"id":26354928},{"ltp":1.58,"id":26354923}]}]}
{"op":"mcm","clk":"11783405252","pt":1722786573591,"mc":[{"id":"1.231345275","rc":[{"ltp":3.0,"id":26354928},{"ltp":1.49,"id":26354923}]}]}
{"op":"mcm","clk":"11783415428","pt":1722786633674,"mc":[{"id":"1.231345275","rc":[{"ltp":3.4,"id":26354928},{"ltp":1.41,"id":26354923}]}]}
{"op":"mcm","clk":"11783425564","pt":1722786693623,"mc":[{"id":"1.231345275","rc":[{"ltp":3.05,"id":26354928},{"ltp":1.5,"id":26354923}]}]}
{"op":"mcm","clk":"11783435943","pt":1722786753601,"mc":[{"id":"1.231345275","rc":[{"ltp":3.35,"id":26354928},{"ltp":1.42,"id":26354923}]}]}
{"op":"mcm","clk":"11783445508","pt":1722786813700,"mc":[{"id":"1.231345275","rc":[{"ltp":2.58,"id":26354928},{"ltp":1.67,"id":26354923}]}]}
{"op":"mcm","clk":"11783454829","pt":1722786873689,"mc":[{"id":"1.231345275","rc":[{"ltp":2.3,"id":26354928},{"ltp":1.82,"id":26354923}]}]}
{"op":"mcm","clk":"11783464851","pt":1722786933653,"mc":[{"id":"1.231345275","rc":[{"ltp":2.22,"id":26354928}]}]}
{"op":"mcm","clk":"11783474090","pt":1722786993695,"mc":[{"id":"1.231345275","rc":[{"ltp":2.28,"id":26354928},{"ltp":1.77,"id":26354923}]}]}
{"op":"mcm","clk":"11783483088","pt":1722787053638,"mc":[{"id":"1.231345275","rc":[{"ltp":1.89,"id":26354928},{"ltp":2.12,"id":26354923}]}]}
{"op":"mcm","clk":"11783492497","pt":1722787113692,"mc":[{"id":"1.231345275","rc":[{"ltp":2.36,"id":26354928},{"ltp":1.71,"id":26354923}]}]}
{"op":"mcm","clk":"11783501500","pt":1722787173645,"mc":[{"id":"1.231345275","rc":[{"ltp":2.28,"id":26354928},{"ltp":1.78,"id":26354923}]}]}
{"op":"mcm","clk":"11783511517","pt":1722787233650,"mc":[{"id":"1.231345275","rc":[{"ltp":2.36,"id":26354928},{"ltp":1.73,"id":26354923}]}]}
{"op":"mcm","clk":"11783521015","pt":1722787293508,"mc":[{"id":"1.231345275","rc":[{"ltp":2.34,"id":26354928},{"ltp":1.72,"id":26354923}]}]}
{"op":"mcm","clk":"11783531165","pt":1722787353678,"mc":[{"id":"1.231345275","rc":[{"ltp":3.45,"id":26354928},{"ltp":1.4,"id":26354923}]}]}
{"op":"mcm","clk":"11783541838","pt":1722787413651,"mc":[{"id":"1.231345275","rc":[{"ltp":3.35,"id":26354928},{"ltp":1.41,"id":26354923}]}]}
{"op":"mcm","clk":"11783553273","pt":1722787473615,"mc":[{"id":"1.231345275","rc":[{"ltp":4.1,"id":26354928},{"ltp":1.32,"id":26354923}]}]}
{"op":"mcm","clk":"11783565127","pt":1722787533699,"mc":[{"id":"1.231345275","rc":[{"ltp":3.45,"id":26354928},{"ltp":1.41,"id":26354923}]}]}
{"op":"mcm","clk":"11783576567","pt":1722787593627,"mc":[{"id":"1.231345275","rc":[{"ltp":2.14,"id":26354928},{"ltp":1.89,"id":26354923}]}]}
{"op":"mcm","clk":"11783588278","pt":1722787653689,"mc":[{"id":"1.231345275","rc":[{"ltp":3.35,"id":26354928},{"ltp":1.42,"id":26354923}]}]}
{"op":"mcm","clk":"11783613310","pt":1722787773677,"mc":[{"id":"1.231345275","rc":[{"ltp":4.4,"id":26354928},{"ltp":1.29,"id":26354923}]}]}
{"op":"mcm","clk":"11783625017","pt":1722787833688,"mc":[{"id":"1.231345275","rc":[{"ltp":6.6,"id":26354928},{"ltp":1.18,"id":26354923}]}]}
{"op":"mcm","clk":"11783636560","pt":1722787893664,"mc":[{"id":"1.231345275","rc":[{"ltp":7.6,"id":26354928},{"ltp":1.16,"id":26354923}]}]}
{"op":"mcm","clk":"11783648099","pt":1722787953683,"mc":[{"id":"1.231345275","rc":[{"ltp":15.0,"id":26354928},{"ltp":1.07,"id":26354923}]}]}
{"op":"mcm","clk":"11783659582","pt":1722788013697,"mc":[{"id":"1.231345275","rc":[{"ltp":17.5,"id":26354928}]}]}
{"op":"mcm","clk":"11783671092","pt":1722788073665,"mc":[{"id":"1.231345275","rc":[{"ltp":13.5,"id":26354928},{"ltp":1.08,"id":26354923}]}]}
{"op":"mcm","clk":"11783681678","pt":1722788133623,"mc":[{"id":"1.231345275","rc":[{"ltp":550.0,"id":26354928},{"ltp":1.01,"id":26354923}]}]}
{"op":"mcm","clk":"11783692316","pt":1722788193372,"mc":[{"id":"1.231345275","rc":[{"ltp":1000.0,"id":26354928}]}]}
{"op":"mcm","clk":"11783712148","pt":1722788311778,"mc":[{"id":"1.231345275","marketDefinition":{"bspMarket":false,"turnInPlayEnabled":true,"persistenceEnabled":true,"marketBaseRate":5.0,"eventId":"33462715","eventTypeId":"4","numberOfWinners":1,"bettingType":"ODDS","marketType":"MATCH_ODDS","marketTime":"2024-08-04T13:30:00.000Z","suspendTime":"2024-08-04T13:30:00.000Z","bspReconciled":false,"complete":true,"inPlay":true,"crossMatching":true,"runnersVoidable":false,"numberOfActiveRunners":2,"betDelay":5,"status":"SUSPENDED","runners":[{"status":"ACTIVE","sortPriority":1,"id":26354928,"name":"London Spirit"},{"status":"ACTIVE","sortPriority":2,"id":26354923,"name":"Oval Invincibles"}],"regulators":["MR_INT"],"countryCode":"GB","discountAllowed":true,"timezone":"GMT","openDate":"2024-08-04T13:30:00.000Z","version":6057035713,"name":"Match Odds","eventName":"London Spirit v Oval Invincibles"}}]}
{"op":"mcm","clk":"11783756260","pt":1722788598168,"mc":[{"id":"1.231345275","marketDefinition":{"bspMarket":false,"turnInPlayEnabled":true,"persistenceEnabled":true,"marketBaseRate":5.0,"eventId":"33462715","eventTypeId":"4","numberOfWinners":1,"bettingType":"ODDS","marketType":"MATCH_ODDS","marketTime":"2024-08-04T13:30:00.000Z","suspendTime":"2024-08-04T13:30:00.000Z","bspReconciled":false,"complete":true,"inPlay":true,"crossMatching":false,"runnersVoidable":false,"numberOfActiveRunners":0,"betDelay":5,"status":"CLOSED","settledTime":"2024-08-04T16:21:28.000Z","runners":[{"status":"LOSER","sortPriority":1,"id":26354928,"name":"London Spirit"},{"status":"WINNER","sortPriority":2,"id":26354923,"name":"Oval Invincibles"}],"regulators":["MR_INT"],"countryCode":"GB","discountAllowed":true,"timezone":"GMT","openDate":"2024-08-04T13:30:00.000Z","version":6057049041,"name":"Match Odds","eventName":"London Spirit v Oval Invincibles"}}]}
