{"op":"mcm","clk":"11749049423","pt":1722505387958,"mc":[{"id":"1.231314290","marketDefinition":{"bspMarket":false,"turnInPlayEnabled":true,"persistenceEnabled":true,"marketBaseRate":5.0,"eventId":"33460494","eventTypeId":"4","numberOfWinners":1,"bettingType":"ODDS","marketType":"MATCH_ODDS","marketTime":"2024-08-03T13:30:00.000Z","suspendTime":"2024-08-03T13:30:00.000Z","bspReconciled":false,"complete":true,"inPlay":false,"crossMatching":true,"runnersVoidable":false,"numberOfActiveRunners":2,"betDelay":0,"status":"OPEN","runners":[{"status":"ACTIVE","sortPriority":1,"id":40096580,"name":"Trent Rockets Women"},{"status":"ACTIVE","sortPriority":2,"id":40096581,"name":"Welsh Fire Women"}],"regulators":["MR_INT"],"countryCode":"GB","discountAllowed":true,"timezone":"GMT","openDate":"2024-08-03T13:30:00.000Z","version":6050174871,"name":"Match Odds","eventName":"Trent Rockets Women v Welsh Fire Women"}}]}
{"op":"mcm","clk":"11749283634","pt":1722509483620,"mc":[{"id":"1.231314290","rc":[{"ltp":1.98,"id":40096580}]}]}
{"op":"mcm","clk":"11749297319","pt":1722509704888,"mc":[{"id":"1.231314290","rc":[{"ltp":1.99,"id":40096580}]}]}
{"op":"mcm","clk":"11749333085","pt":1722510279535,"mc":[{"id":"1.231314290","rc":[{"ltp":1.99,"id":40096581}]}]}
{"op":"mcm","clk":"11749601122","pt":1722514720194,"mc":[{"id":"1.231314290","rc":[{"ltp":1.98,"id":40096580}]}]}
{"op":"mcm","clk":"11749938374","pt":1722519520201,"mc":[{"id":"1.231314290","rc":[{"ltp":1.98,"id":40096581},{"ltp":2.04,"id":40096580}]}]}
{"op":"mcm","clk":"11756846916","pt":1722605821429,"mc":[{"id":"1.231314290","rc":[{"ltp":1.93,"id":40096581}]}]}
{"op":"mcm","clk":"11756848134","pt":1722605832956,"mc":[{"id":"1.231314290","rc":[{"ltp":1.92,"id":40096581}]}]}
{"op":"mcm","clk":"11757054697","pt":1722607846196,"mc":[{"id":"1.231314290","rc":[{"ltp":1.89,"id":40096581}]}]}
{"op":"mcm","clk":"11757572141","pt":1722612423526,"mc":[{"id":"1.231314290","rc":[{"ltp":1.99,"id":40096581}]}]}
{"op":"mcm","clk":"11757577031","pt":1722612461965,"mc":[{"id":"1.231314290","rc":[{"ltp":2.02,"id":40096581},{"ltp":1.99,"id":40096580}]}]}
{"op":"mcm","clk":"11760444187","pt":1722629455930,"mc":[{"id":"1.231314290","rc":[{"ltp":1.95,"id":40096580}]}]}
{"op":"mcm","clk":"11760553660","pt":1722630564370,"mc":[{"id":"1.231314290","rc":[{"ltp":2.0,"id":40096581}]}]}
{"op":"mcm","clk":"11760604061","pt":1722631315775,"mc":[{"id":"1.231314290","rc":[{"ltp":2.02,"id":40096581},{"ltp":1.97,"id":40096580}]}]}
{"op":"mcm","clk":"11760632712","pt":1722631670220,"mc":[{"id":"1.231314290","rc":[{"ltp":1.93,"id":40096580}]}]}
{"op":"mcm","clk":"11760734898","pt":1722634578888,"mc":[{"id":"1.231314290","rc":[{"ltp":2.04,"id":40096581},{"ltp":1.96,"id":40096580}]}]}
{"op":"mcm","clk":"11760909357","pt":1722640129020,"mc":[{"id":"1.231314290","rc":[{"ltp":1.94,"id":40096580}]}]}
{"op":"mcm","clk":"11761005796","pt":1722642889131,"mc":[{"id":"1.231314290","rc":[{"ltp":1.97,"id":40096580}]}]}
{"op":"mcm","clk":"11761094814","pt":1722645373278,"mc":[{"id":"1.231314290","rc":[{"ltp":1.96,"id":40096580}]}]}
{"op":"mcm","clk":"11761208857","pt":1722648089719,"mc":[{"id":"1.231314290","rc":[{"ltp":1.95,"id":40096580}]}]}
{"op":"mcm","clk":"11761303910","pt":1722650226201,"mc":[{"id":"1.231314290","rc":[{"ltp":1.96,"id":40096580}]}]}
{"op":"mcm","clk":"11761455500","pt":1722653505151,"mc":[{"id":"1.231314290","rc":[{"ltp":1.95,"id":40096580}]}]}
{"op":"mcm","clk":"11761613505","pt":1722657174849,"mc":[{"id":"1.231314290","rc":[{"ltp":1.94,"id":40096580}]}]}
{"op":"mcm","clk":"11761642466","pt":1722657758605,"mc":[{"id":"1.231314290","rc":[{"ltp":1.96,"id":40096580}]}]}
{"op":"mcm","clk":"11761692290","pt":1722658798521,"mc":[{"id":"1.231314290","rc":[{"ltp":1.94,"id":40096580}]}]}
{"op":"mcm","clk":"11761693222","pt":1722658823348,"mc":[{"id":"1.231314290","rc":[{"ltp":1.93,"id":40096580}]}]}
{"op":"mcm","clk":"11761696756","pt":1722658925438,"mc":[{"id":"1.231314290","rc":[{"ltp":1.91,"id":40096580}]}]}
{"op":"mcm","clk":"11761701071","pt":1722659038344,"mc":[{"id":"1.231314290","rc":[{"ltp":1.92,"id":40096580}]}]}
{"op":"mcm","clk":"11761708433","pt":1722659225870,"mc":[{"id":"1.231314290","rc":[{"ltp":1.93,"id":40096580}]}]}
{"op":"mcm","clk":"11761819116","pt":1722662252311,"mc":[{"id":"1.231314290","rc":[{"ltp":1.91,"id":40096580}]}]}
{"op":"mcm","clk":"11762041480","pt":1722667861184,"mc":[{"id":"1.231314290","rc":[{"ltp":2.06,"id":40096581}]}]}
{"op":"mcm","clk":"11762056048","pt":1722668263331,"mc":[{"id":"1.231314290","rc":[{"ltp":1.94,"id":40096580}]}]}
{"op":"mcm","clk":"11762264196","pt":1722671940130,"mc":[{"id":"1.231314290","rc":[{"ltp":1.92,"id":40096580}]}]}
{"op":"mcm","clk":"11762374111","pt":1722673427219,"mc":[{"id":"1.231314290","rc":[{"ltp":1.94,"id":40096580}]}]}
{"op":"mcm","clk":"11762465621","pt":1722674456381,"mc":[{"id":"1.231314290","rc":[{"ltp":1.93,"id":40096580}]}]}
{"op":"mcm","clk":"11762866517","pt":1722678179263,"mc":[{"id":"1.231314290","rc":[{"ltp":1.94,"id":40096580}]}]}
{"op":"mcm","clk":"11762913726","pt":1722678600925,"mc":[{"id":"1.231314290","rc":[{"ltp":1.93,"id":40096580}]}]}
{"op":"mcm","clk":"11763270176","pt":1722681270964,"mc":[{"id":"1.231314290","rc":[{"ltp":1.94,"id":40096580}]}]}
{"op":"mcm","clk":"11763385710","pt":1722682085013,"mc":[{"id":"1.231314290","rc":[{"ltp":1.93,"id":40096580}]}]}
{"op":"mcm","clk":"11763404469","pt":1722682231841,"mc":[{"id":"1.231314290","rc":[{"ltp":2.08,"id":40096581}]}]}
{"op":"mcm","clk":"11763460331","pt":1722682684475,"mc":[{"id":"1.231314290","rc":[{"ltp":2.04,"id":40096581},{"ltp":1.96,"id":40096580}]}]}
{"op":"mcm","clk":"11763467576","pt":1722682741422,"mc":[{"id":"1.231314290","rc":[{"ltp":1.95,"id":40096580}]}]}
{"op":"mcm","clk":"11763691823","pt":1722684082961,"mc":[{"id":"1.231314290","rc":[{"ltp":2.06,"id":40096581},{"ltp":1.94,"id":40096580}]}]}
{"op":"mcm","clk":"11763783372","pt":1722684647093,"mc":[{"id":"1.231314290","rc":[{"ltp":2.04,"id":40096581}]}]}
{"op":"mcm","clk":"11763893053","pt":1722685236841,"mc":[{"id":"1.231314290","rc":[{"ltp":1.95,"id":40096580}]}]}
{"op":"mcm","clk":"11764214400","pt":1722687173118,"mc":[{"id":"1.231314290","rc":[{"ltp":2.02,"id":40096581}]}]}
{"op":"mcm","clk":"11764259165","pt":1722687405371,"mc":[{"id":"1.231314290","rc":[{"ltp":1.96,"id":40096580}]}]}
{"op":"mcm","clk":"11764328907","pt":1722687782444,"mc":[{"id":"1.231314290","rc":[{"ltp":1.95,"id":40096580}]}]}
{"op":"mcm","clk":"11764548718","pt":1722688955627,"mc":[{"id":"1.231314290","rc":[{"ltp":2.04,"id":40096581},{"ltp":1.96,"id":40096580}]}]}
{"op":"mcm","clk":"11764611651","pt":1722689275700,"mc":[{"id":"1.231314290","rc":[{"ltp":1.94,"id":40096580}]}]}
{"op":"mcm","clk":"11764623128","pt":1722689342172,"mc":[{"id":"1.231314290","rc":[{"ltp":2.08,"id":40096581},{"ltp":1.93,"id":40096580}]}]}
{"op":"mcm","clk":"11764634338","pt":1722689405550,"mc":[{"id":"1.231314290","rc":[{"ltp":2.12,"id":40096581},{"ltp":1.9,"id":40096580}]}]}
{"op":"mcm","clk":"11764644184","pt":1722689465319,"mc":[{"id":"1.231314290","rc":[{"ltp":1.89,"id":40096580}]}]}
{"op":"mcm","clk":"11764652282","pt":1722689520178,"mc":[{"id":"1.231314290","rc":[{"ltp":1.9,"id":40096580}]}]}
{"op":"mcm","clk":"11764665972","pt":1722689621371,"mc":[{"id":"1.231314290","rc":[{"ltp":2.1,"id":40096581}]}]}
{"op":"mcm","clk":"11764677437","pt":1722689701330,"mc":[{"id":"1.231314290","rc":[{"ltp":1.89,"id":40096580}]}]}
{"op":"mcm","clk":"11764686851","pt":1722689764075,"mc":[{"id":"1.231314290","rc":[{"ltp":2.14,"id":40096581},{"ltp":1.85,"id":40096580}]}]}
{"op":"mcm","clk":"11764695518","pt":1722689825362,"mc":[{"id":"1.231314290","rc":[{"ltp":2.1,"id":40096581},{"ltp":1.9,"id":40096580}]}]}
{"op":"mcm","clk":"11764703961","pt":1722689884138,"mc":[{"id":"1.231314290","rc":[{"ltp":1.87,"id":40096580}]}]}
{"op":"mcm","clk":"11764712692","pt":1722689944502,"mc":[{"id":"1.231314290","rc":[{"ltp":2.16,"id":40096581},{"ltp":1.9,"id":40096580}]}]}
{"op":"mcm","clk":"11764720821","pt":1722690003308,"mc":[{"id":"1.231314290","rc":[{"ltp":2.1,"id":40096581},{"ltp":1.91,"id":40096580}]}]}
{"op":"mcm","clk":"11764727660","pt":1722690049111,"mc":[{"id":"1.231314290","rc":[{"ltp":2.08,"id":40096581},{"ltp":1.87,"id":40096580}]}]}
{"op":"mcm","clk":"11764749539","pt":1722690185547,"mc":[{"id":"1.231314290","rc":[{"ltp":1.92,"id":40096580}]}]}
{"op":"mcm","clk":"11764759712","pt":1722690244216,"mc":[{"id":"1.231314290","rc":[{"ltp":1.89,"id":40096580}]}]}
{"op":"mcm","clk":"11764770182","pt":1722690303111,"mc":[{"id":"1.231314290","rc":[{"ltp":2.12,"id":40096581},{"ltp":1.88,"id":40096580}]}]}
{"op":"mcm","clk":"11764781718","pt":1722690365579,"mc":[{"id":"1.231314290","rc":[{"ltp":2.16,"id":40096581},{"ltp":1.86,"id":40096580}]}]}
{"op":"mcm","clk":"11764793347","pt":1722690425637,"mc":[{"id":"1.231314290","rc":[{"ltp":2.14,"id":40096581},{"ltp":1.87,"id":40096580}]}]}
{"op":"mcm","clk":"11764803224","pt":1722690481867,"mc":[{"id":"1.231314290","rc":[{"ltp":2.2,"id":40096581},{"ltp":1.83,"id":40096580}]}]}
{"op":"mcm","clk":"11764815171","pt":1722690545858,"mc":[{"id":"1.231314290","rc":[{"ltp":2.18,"id":40096581}]}]}
{"op":"mcm","clk":"11764838621","pt":1722690664663,"mc":[{"id":"1.231314290","rc":[{"ltp":2.2,"id":40096581}]}]}
{"op":"mcm","clk":"11764851076","pt":1722690725220,"mc":[{"id":"1.231314290","rc":[{"ltp":2.18,"id":40096581}]}]}
{"op":"mcm","clk":"11764874703","pt":1722690785675,"mc":[{"id":"1.231314290","rc":[{"ltp":2.2,"id":40096581}]}]}
{"op":"mcm","clk":"11764887674","pt":1722690845823,"mc":[{"id":"1.231314290","rc":[{"ltp":2.22,"id":40096581},{"ltp":1.81,"id":40096580}]}]}
{"op":"mcm","clk":"11764899961","pt":1722690903362,"mc":[{"id":"1.231314290","rc":[{"ltp":2.2,"id":40096581},{"ltp":1.82,"id":40096580}]}]}
{"op":"mcm","clk":"11764924893","pt":1722691024062,"mc":[{"id":"1.231314290","rc":[{"ltp":2.22,"id":40096581}]}]}
{"op":"mcm","clk":"11764936541","pt":1722691084921,"mc":[{"id":"1.231314290","rc":[{"ltp":1.81,"id":40096580}]}]}
{"op":"mcm","clk":"11764959854","pt":1722691204233,"mc":[{"id":"1.231314290","rc":[{"ltp":1.8,"id":40096580}]}]}
{"op":"mcm","clk":"11764971116","pt":1722691265895,"mc":[{"id":"1.231314290","rc":[{"ltp":2.24,"id":40096581}]}]}
{"op":"mcm","clk":"11764982283","pt":1722691324555,"mc":[{"id":"1.231314290","rc":[{"ltp":2.22,"id":40096581}]}]}
{"op":"mcm","clk":"11764993081","pt":1722691385489,"mc":[{"id":"1.231314290","rc":[{"ltp":2.24,"id":40096581},{"ltp":1.79,"id":40096580}]}]}
{"op":"mcm","clk":"11765003549","pt":1722691445271,"mc":[{"id":"1.231314290","rc":[{"ltp":2.22,"id":40096581},{"ltp":1.8,"id":40096580}]}]}
{"op":"mcm","clk":"11765014013","pt":1722691505518,"mc":[{"id":"1.231314290","rc":[{"ltp":2.2,"id":40096581},{"ltp":1.82,"id":40096580}]}]}
{"op":"mcm","clk":"11765024634","pt":1722691564897,"mc":[{"id":"1.231314290","rc":[{"ltp":2.22,"id":40096581}]}]}
{"op":"mcm","clk":"11765035290","pt":1722691625760,"mc":[{"id":"1.231314290","rc":[{"ltp":1.8,"id":40096580}]}]}
{"op":"mcm","clk":"11765055746","pt":1722691743684,"mc":[{"id":"1.231314290","rc":[{"ltp":2.24,"id":40096581}]}]}
{"op":"mcm","clk":"11765066599","pt":1722691805637,"mc":[{"id":"1.231314290","marketDefinition":{"bspMarket":false,"turnInPlayEnabled":true,"persistenceEnabled":true,"marketBaseRate":5.0,"eventId":"33460494","eventTypeId":"4","numberOfWinners":1,"bettingType":"ODDS","marketType":"MATCH_ODDS","marketTime":"2024-08-03T13:30:00.000Z","suspendTime":"2024-08-03T13:30:00.000Z","bspReconciled":false,"complete":true,"inPlay":true,"crossMatching":true,"runnersVoidable":false,"numberOfActiveRunners":2,"betDelay":5,"status":"OPEN","runners":[{"status":"ACTIVE","sortPriority":1,"id":40096580,"name":"Trent Rockets Women"},{"status":"ACTIVE","sortPriority":2,"id":40096581,"name":"Welsh Fire Women"}],"regulators":["MR_INT"],"countryCode":"GB","discountAllowed":true,"timezone":"GMT","openDate":"2024-08-03T13:30:00.000Z","version":6053497225,"name":"Match Odds","eventName":"Trent Rockets Women v Welsh Fire Women"},"rc":[{"ltp":1.75,"id":40096580}]}]}
{"op":"mcm","clk":"11765077657","pt":1722691865915,"mc":[{"id":"1.231314290","rc":[{"ltp":1.85,"id":40096581},{"ltp":2.18,"id":40096580}]}]}
{"op":"mcm","clk":"11765089339","pt":1722691925773,"mc":[{"id":"1.231314290","rc":[{"ltp":1.91,"id":40096581},{"ltp":2.08,"id":40096580}]}]}
{"op":"mcm","clk":"11765101112","pt":1722691985938,"mc":[{"id":"1.231314290","rc":[{"ltp":1.96,"id":40096581},{"ltp":2.06,"id":40096580}]}]}
{"op":"mcm","clk":"11765112268","pt":1722692045809,"mc":[{"id":"1.231314290","rc":[{"ltp":1.9,"id":40096581},{"ltp":2.12,"id":40096580}]}]}
{"op":"mcm","clk":"11765123724","pt":1722692105677,"mc":[{"id":"1.231314290","rc":[{"ltp":1.86,"id":40096581}]}]}
{"op":"mcm","clk":"11765134913","pt":1722692165928,"mc":[{"id":"1.231314290","rc":[{"ltp":1.69,"id":40096581},{"ltp":2.48,"id":40096580}]}]}
{"op":"mcm","clk":"11765145838","pt":1722692225889,"mc":[{"id":"1.231314290","rc":[{"ltp":1.7,"id":40096581},{"ltp":2.42,"id":40096580}]}]}
{"op":"mcm","clk":"11765157698","pt":1722692285890,"mc":[{"id":"1.231314290","rc":[{"ltp":1.79,"id":40096581},{"ltp":2.28,"id":40096580}]}]}
{"op":"mcm","clk":"11765169150","pt":1722692345947,"mc":[{"id":"1.231314290","rc":[{"ltp":1.8,"id":40096581},{"ltp":2.22,"id":40096580}]}]}
{"op":"mcm","clk":"11765180889","pt":1722692405911,"mc":[{"id":"1.231314290","rc":[{"ltp":1.86,"id":40096581},{"ltp":2.16,"id":40096580}]}]}
{"op":"mcm","clk":"11765192583","pt":1722692465863,"mc":[{"id":"1.231314290","rc":[{"ltp":1.88,"id":40096581},{"ltp":2.14,"id":40096580}]}]}
{"op":"mcm","clk":"11765203631","pt":1722692525923,"mc":[{"id":"1.231314290","rc":[{"ltp":1.93,"id":40096581},{"ltp":2.06,"id":40096580}]}]}
{"op":"mcm","clk":"11765214780","pt":1722692585801,"mc":[{"id":"1.231314290","rc":[{"ltp":1.94,"id":40096581}]}]}
{"op":"mcm","clk":"11765226704","pt":1722692645948,"mc":[{"id":"1.231314290","rc":[{"ltp":2.08,"id":40096580}]}]}
{"op":"mcm","clk":"11765238664","pt":1722692705840,"mc":[{"id":"1.231314290","rc":[{"ltp":1.87,"id":40096581},{"ltp":2.1,"id":40096580}]}]}
{"op":"mcm","clk":"11765250407","pt":1722692765940,"mc":[{"id":"1.231314290","rc":[{"ltp":2.0,"id":40096581},{"ltp":1.98,"id":40096580}]}]}
{"op":"mcm","clk":"11765262016","pt":1722692825916,"mc":[{"id":"1.231314290","rc":[{"ltp":2.28,"id":40096581},{"ltp":1.78,"id":40096580}]}]}
{"op":"mcm","clk":"11765274108","pt":1722692885897,"mc":[{"id":"1.231314290","rc":[{"ltp":2.3,"id":40096581},{"ltp":1.76,"id":40096580}]}]}
{"op":"mcm","clk":"11765285260","pt":1722692945857,"mc":[{"id":"1.231314290","rc":[{"ltp":2.28,"id":40096581},{"ltp":1.77,"id":40096580}]}]}
{"op":"mcm","clk":"11765295907","pt":1722693005612,"mc":[{"id":"1.231314290","rc":[{"ltp":2.2,"id":40096581},{"ltp":1.82,"id":40096580}]}]}
{"op":"mcm","clk":"11765306972","pt":1722693065854,"mc":[{"id":"1.231314290","rc":[{"ltp":2.22,"id":40096581},{"ltp":1.81,"id":40096580}]}]}
{"op":"mcm","clk":"11765317936","pt":1722693125924,"mc":[{"id":"1.231314290","rc":[{"ltp":2.3,"id":40096581},{"ltp":1.76,"id":40096580}]}]}
{"op":"mcm","clk":"11765328308","pt":1722693185767,"mc":[{"id":"1.231314290","rc":[{"ltp":2.26,"id":40096581},{"ltp":1.79,"id":40096580}]}]}
{"op":"mcm","clk":"11765338576","pt":1722693245869,"mc":[{"id":"1.231314290","rc":[{"ltp":2.22,"id":40096581},{"ltp":1.81,"id":40096580}]}]}
{"op":"mcm","clk":"11765347875","pt":1722693305720,"mc":[{"id":"1.231314290","rc":[{"ltp":2.2,"id":40096581},{"ltp":1.82,"id":40096580}]}]}
{"op":"mcm","clk":"11765357379","pt":1722693365860,"mc":[{"id":"1.231314290","rc":[{"ltp":2.28,"id":40096581},{"ltp":1.77,"id":40096580}]}]}
{"op":"mcm","clk":"11765375361","pt":1722693485900,"mc":[{"id":"1.231314290","rc":[{"ltp":2.34,"id":40096581},{"ltp":1.74,"id":40096580}]}]}
{"op":"mcm","clk":"11765384646","pt":1722693545879,"mc":[{"id":"1.231314290","rc":[{"ltp":2.1,"id":40096581},{"ltp":1.89,"id":40096580}]}]}
{"op":"mcm","clk":"11765394374","pt":1722693605557,"mc":[{"id":"1.231314290","rc":[{"ltp":1.91,"id":40096580}]}]}
{"op":"mcm","clk":"11765405649","pt":1722693665916,"mc":[{"id":"1.231314290","rc":[{"ltp":2.06,"id":40096581},{"ltp":1.94,"id":40096580}]}]}
{"op":"mcm","clk":"11765417171","pt":1722693725852,"mc":[{"id":"1.231314290","rc":[{"ltp":2.08,"id":40096581},{"ltp":1.91,"id":40096580}]}]}
{"op":"mcm","clk":"11765429102","pt":1722693785845,"mc":[{"id":"1.231314290","rc":[{"ltp":2.18,"id":40096581},{"ltp":1.84,"id":40096580}]}]}
{"op":"mcm","clk":"11765455015","pt":1722693905776,"mc":[{"id":"1.231314290","rc":[{"ltp":2.2,"id":40096581},{"ltp":1.85,"id":40096580}]}]}
{"op":"mcm","clk":"11765468256","pt":1722693965889,"mc":[{"id":"1.231314290","rc":[{"ltp":1.82,"id":40096580}]}]}
{"op":"mcm","clk":"11765482164","pt":1722694025816,"mc":[{"id":"1.231314290","rc":[{"ltp":2.28,"id":40096581},{"ltp":1.79,"id":40096580}]}]}
{"op":"mcm","clk":"11765495755","pt":1722694085900,"mc":[{"id":"1.231314290","rc":[{"ltp":2.2,"id":40096581},{"ltp":1.81,"id":40096580}]}]}
{"op":"mcm","clk":"11765509336","pt":1722694145917,"mc":[{"id":"1.231314290","rc":[{"ltp":1.77,"id":40096581},{"ltp":2.28,"id":40096580}]}]}
{"op":"mcm","clk":"11765523375","pt":1722694205671,"mc":[{"id":"1.231314290","rc":[{"ltp":1.76,"id":40096581},{"ltp":2.3,"id":40096580}]}]}
{"op":"mcm","clk":"11765537941","pt":1722694265759,"mc":[{"id":"1.231314290","rc":[{"ltp":1.88,"id":40096581},{"ltp":2.14,"id":40096580}]}]}
{"op":"mcm","clk":"11765552092","pt":1722694325940,"mc":[{"id":"1.231314290","rc":[{"ltp":1.9,"id":40096581},{"ltp":2.12,"id":40096580}]}]}
{"op":"mcm","clk":"11765565645","pt":1722694385911,"mc":[{"id":"1.231314290","rc":[{"ltp":1.87,"id":40096581},{"ltp":2.16,"id":40096580}]}]}
{"op":"mcm","clk":"11765578630","pt":1722694445947,"mc":[{"id":"1.231314290","rc":[{"ltp":1.9,"id":40096581},{"ltp":2.12,"id":40096580}]}]}
{"op":"mcm","clk":"11765591757","pt":1722694505919,"mc":[{"id":"1.231314290","rc":[{"ltp":2.12,"id":40096581},{"ltp":1.9,"id":40096580}]}]}
{"op":"mcm","clk":"11765604557","pt":1722694565674,"mc":[{"id":"1.231314290","rc":[{"ltp":1.96,"id":40096581},{"ltp":2.04,"id":40096580}]}]}
{"op":"mcm","clk":"11765617380","pt":1722694625838,"mc":[{"id":"1.231314290","rc":[{"ltp":1.93,"id":40096581},{"ltp":2.06,"id":40096580}]}]}
{"op":"mcm","clk":"11765630795","pt":1722694685909,"mc":[{"id":"1.231314290","rc":[{"ltp":1.99,"id":40096581},{"ltp":2.04,"id":40096580}]}]}
{"op":"mcm","clk":"11765644507","pt":1722694745884,"mc":[{"id":"1.231314290","rc":[{"ltp":2.14,"id":40096581},{"ltp":1.86,"id":40096580}]}]}
{"op":"mcm","clk":"11765671095","pt":1722694865820,"mc":[{"id":"1.231314290","rc":[{"ltp":2.2,"id":40096581},{"ltp":1.82,"id":40096580}]}]}
{"op":"mcm","clk":"11765684211","pt":1722694925898,"mc":[{"id":"1.231314290","rc":[{"ltp":2.22,"id":40096581},{"ltp":1.84,"id":40096580}]}]}
{"op":"mcm","clk":"11765697292","pt":1722694985883,"mc":[{"id":"1.231314290","rc":[{"ltp":2.2,"id":40096581},{"ltp":1.82,"id":40096580}]}]}
{"op":"mcm","clk":"11765709966","pt":1722695045862,"mc":[{"id":"1.231314290","rc":[{"ltp":2.42,"id":40096581},{"ltp":1.7,"id":40096580}]}]}
{"op":"mcm","clk":"11765724075","pt":1722695105822,"mc":[{"id":"1.231314290","rc":[{"ltp":2.32,"id":40096581},{"ltp":1.75,"id":40096580}]}]}
{"op":"mcm","clk":"11765737943","pt":1722695165800,"mc":[{"id":"1.231314290","rc":[{"ltp":2.22,"id":40096581},{"ltp":1.8,"id":40096580}]}]}
{"op":"mcm","clk":"11765750742","pt":1722695225935,"mc":[{"id":"1.231314290","rc":[{"ltp":2.48,"id":40096581},{"ltp":1.67,"id":40096580}]}]}
{"op":"mcm","clk":"11765763434","pt":1722695285731,"mc":[{"id":"1.231314290","rc":[{"ltp":2.52,"id":40096581},{"ltp":1.65,"id":40096580}]}]}
{"op":"mcm","clk":"11765776339","pt":1722695345884,"mc":[{"id":"1.231314290","rc":[{"ltp":2.5,"id":40096581},{"ltp":1.67,"id":40096580}]}]}
{"op":"mcm","clk":"11765789411","pt":1722695405849,"mc":[{"id":"1.231314290","rc":[{"ltp":2.48,"id":40096581}]}]}
{"op":"mcm","clk":"11765802537","pt":1722695465822,"mc":[{"id":"1.231314290","rc":[{"ltp":2.58,"id":40096581},{"ltp":1.63,"id":40096580}]}]}
{"op":"mcm","clk":"11765815920","pt":1722695525919,"mc":[{"id":"1.231314290","rc":[{"ltp":2.28,"id":40096581},{"ltp":1.77,"id":40096580}]}]}
{"op":"mcm","clk":"11765828355","pt":1722695585874,"mc":[{"id":"1.231314290","rc":[{"ltp":2.3,"id":40096581}]}]}
{"op":"mcm","clk":"11765840721","pt":1722695645869,"mc":[{"id":"1.231314290","rc":[{"ltp":2.28,"id":40096581},{"ltp":1.78,"id":40096580}]}]}
{"op":"mcm","clk":"11765852770","pt":1722695705545,"mc":[{"id":"1.231314290","rc":[{"ltp":2.3,"id":40096581},{"ltp":1.76,"id":40096580}]}]}
{"op":"mcm","clk":"11765865168","pt":1722695765789,"mc":[{"id":"1.231314290","rc":[{"ltp":2.22,"id":40096581},{"ltp":1.81,"id":40096580}]}]}
{"op":"mcm","clk":"11765877019","pt":1722695825821,"mc":[{"id":"1.231314290","rc":[{"ltp":2.2,"id":40096581},{"ltp":1.83,"id":40096580}]}]}
{"op":"mcm","clk":"11765889247","pt":1722695885864,"mc":[{"id":"1.231314290","rc":[{"ltp":2.26,"id":40096581},{"ltp":1.78,"id":40096580}]}]}
{"op":"mcm","clk":"11765901693","pt":1722695945853,"mc":[{"id":"1.231314290","rc":[{"ltp":2.24,"id":40096581},{"ltp":1.8,"id":40096580}]}]}
{"op":"mcm","clk":"11765913877","pt":1722696005772,"mc":[{"id":"1.231314290","rc":[{"ltp":2.26,"id":40096581},{"ltp":1.79,"id":40096580}]}]}
{"op":"mcm","clk":"11765938737","pt":1722696125869,"mc":[{"id":"1.231314290","rc":[{"ltp":2.3,"id":40096581},{"ltp":1.76,"id":40096580}]}]}
{"op":"mcm","clk":"11765961804","pt":1722696185842,"mc":[{"id":"1.231314290","rc":[{"ltp":2.26,"id":40096581},{"ltp":1.79,"id":40096580}]}]}
{"op":"mcm","clk":"11765986506","pt":1722696305693,"mc":[{"id":"1.231314290","rc":[{"ltp":2.3,"id":40096581},{"ltp":1.77,"id":40096580}]}]}
{"op":"mcm","clk":"11766011116","pt":1722696425892,"mc":[{"id":"1.231314290","rc":[{"ltp":2.28,"id":40096581},{"ltp":1.78,"id":40096580}]}]}
{"op":"mcm","clk":"11766022073","pt":1722696485695,"mc":[{"id":"1.231314290","rc":[{"ltp":1.79,"id":40096580}]}]}
{"op":"mcm","clk":"11766032567","pt":1722696545530,"mc":[{"id":"1.231314290","rc":[{"ltp":2.24,"id":40096581},{"ltp":1.8,"id":40096580}]}]}
{"op":"mcm","clk":"11766042169","pt":1722696605879,"mc":[{"id":"1.231314290","rc":[{"ltp":2.26,"id":40096581}]}]}
{"op":"mcm","clk":"11766051542","pt":1722696665739,"mc":[{"id":"1.231314290","rc":[{"ltp":2.24,"id":40096581},{"ltp":1.79,"id":40096580}]}]}
{"op":"mcm","clk":"11766060483","pt":1722696725899,"mc":[{"id":"1.231314290","rc":[{"ltp":2.18,"id":40096581},{"ltp":1.85,"id":40096580}]}]}
{"op":"mcm","clk":"11766068593","pt":1722696785708,"mc":[{"id":"1.231314290","rc":[{"ltp":2.08,"id":40096581},{"ltp":1.92,"id":40096580}]}]}
{"op":"mcm","clk":"11766076703","pt":1722696845853,"mc":[{"id":"1.231314290","rc":[{"ltp":2.88,"id":40096581},{"ltp":1.53,"id":40096580}]}]}
{"op":"mcm","clk":"11766085141","pt":1722696905921,"mc":[{"id":"1.231314290","rc":[{"ltp":3.1,"id":40096581},{"ltp":1.47,"id":40096580}]}]}
{"op":"mcm","clk":"11766094861","pt":1722696965880,"mc":[{"id":"1.231314290","rc":[{"ltp":2.84,"id":40096581},{"ltp":1.54,"id":40096580}]}]}
{"op":"mcm","clk":"11766103583","pt":1722697025933,"mc":[{"id":"1.231314290","rc":[{"ltp":2.46,"id":40096581},{"ltp":1.67,"id":40096580}]}]}
{"op":"mcm","clk":"11766112312","pt":1722697085888,"mc":[{"id":"1.231314290","rc":[{"ltp":2.58,"id":40096581},{"ltp":1.63,"id":40096580}]}]}
{"op":"mcm","clk":"11766120949","pt":1722697145937,"mc":[{"id":"1.231314290","rc":[{"ltp":2.22,"id":40096581},{"ltp":1.84,"id":40096580}]}]}
{"op":"mcm","clk":"11766130493","pt":1722697205892,"mc":[{"id":"1.231314290","rc":[{"ltp":2.06,"id":40096581},{"ltp":1.93,"id":40096580}]}]}
{"op":"mcm","clk":"11766140566","pt":1722697265943,"mc":[{"id":"1.231314290","rc":[{"ltp":2.88,"id":40096581},{"ltp":1.53,"id":40096580}]}]}
{"op":"mcm","clk":"11766150634","pt":1722697325839,"mc":[{"id":"1.231314290","rc":[{"ltp":3.15,"id":40096581},{"ltp":1.45,"id":40096580}]}]}
{"op":"mcm","clk":"11766161759","pt":1722697385753,"mc":[{"id":"1.231314290","rc":[{"ltp":3.0,"id":40096581},{"ltp":1.5,"id":40096580}]}]}
{"op":"mcm","clk":"11766172925","pt":1722697445734,"mc":[{"id":"1.231314290","rc":[{"ltp":3.1,"id":40096581},{"ltp":1.47,"id":40096580}]}]}
{"op":"mcm","clk":"11766185503","pt":1722697505936,"mc":[{"id":"1.231314290","rc":[{"ltp":3.05,"id":40096581},{"ltp":1.52,"id":40096580}]}]}
{"op":"mcm","clk":"11766198526","pt":1722697565850,"mc":[{"id":"1.231314290","rc":[{"ltp":2.36,"id":40096581},{"ltp":1.72,"id":40096580}]}]}
{"op":"mcm","clk":"11766212013","pt":1722697625895,"mc":[{"id":"1.231314290","rc":[{"ltp":2.68,"id":40096581},{"ltp":1.59,"id":40096580}]}]}
{"op":"mcm","clk":"11766225460","pt":1722697685878,"mc":[{"id":"1.231314290","rc":[{"ltp":2.78,"id":40096581},{"ltp":1.56,"id":40096580}]}]}
{"op":"mcm","clk":"11766238320","pt":1722697745752,"mc":[{"id":"1.231314290","rc":[{"ltp":2.48,"id":40096581},{"ltp":1.68,"id":40096580}]}]}
{"op":"mcm","clk":"11766251267","pt":1722697805924,"mc":[{"id":"1.231314290","rc":[{"ltp":2.3,"id":40096581},{"ltp":1.75,"id":40096580}]}]}
{"op":"mcm","clk":"11766263931","pt":1722697865757,"mc":[{"id":"1.231314290","rc":[{"ltp":2.48,"id":40096581},{"ltp":1.67,"id":40096580}]}]}
{"op":"mcm","clk":"11766277090","pt":1722697925948,"mc":[{"id":"1.231314290","rc":[{"ltp":2.32,"id":40096581},{"ltp":1.76,"id":40096580}]}]}
{"op":"mcm","clk":"11766290484","pt":1722697985880,"mc":[{"id":"1.231314290","rc":[{"ltp":2.24,"id":40096581},{"ltp":1.81,"id":40096580}]}]}
{"op":"mcm","clk":"11766303238","pt":1722698045792,"mc":[{"id":"1.231314290","rc":[{"ltp":2.22,"id":40096581},{"ltp":1.8,"id":40096580}]}]}
{"op":"mcm","clk":"11766316592","pt":1722698105893,"mc":[{"id":"1.231314290","rc":[{"ltp":1.84,"id":40096581},{"ltp":2.18,"id":40096580}]}]}
{"op":"mcm","clk":"11766329969","pt":1722698165930,"mc":[{"id":"1.231314290","rc":[{"ltp":2.68,"id":40096581},{"ltp":1.69,"id":40096580}]}]}
{"op":"mcm","clk":"11766342954","pt":1722698225933,"mc":[{"id":"1.231314290","rc":[{"ltp":3.2,"id":40096581},{"ltp":1.45,"id":40096580}]}]}
{"op":"mcm","clk":"11766355528","pt":1722698285884,"mc":[{"id":"1.231314290","rc":[{"ltp":3.25,"id":40096581},{"ltp":1.44,"id":40096580}]}]}
{"op":"mcm","clk":"11766368781","pt":1722698345859,"mc":[{"id":"1.231314290","rc":[{"ltp":3.1,"id":40096581},{"ltp":1.47,"id":40096580}]}]}
{"op":"mcm","clk":"11766381766","pt":1722698405934,"mc":[{"id":"1.231314290","rc":[{"ltp":2.8,"id":40096581},{"ltp":1.57,"id":40096580}]}]}
{"op":"mcm","clk":"11766395104","pt":1722698465872,"mc":[{"id":"1.231314290","rc":[{"ltp":2.56,"id":40096581},{"ltp":1.64,"id":40096580}]}]}
{"op":"mcm","clk":"11766408205","pt":1722698525920,"mc":[{"id":"1.231314290","rc":[{"ltp":2.62,"id":40096581},{"ltp":1.61,"id":40096580}]}]}
{"op":"mcm","clk":"11766420862","pt":1722698585895,"mc":[{"id":"1.231314290","rc":[{"ltp":2.52,"id":40096581},{"ltp":1.64,"id":40096580}]}]}
{"op":"mcm","clk":"11766434524","pt":1722698645848,"mc":[{"id":"1.231314290","rc":[{"ltp":2.56,"id":40096581},{"ltp":1.65,"id":40096580}]}]}
{"op":"mcm","clk":"11766447536","pt":1722698705852,"mc":[{"id":"1.231314290","rc":[{"ltp":2.52,"id":40096581},{"ltp":1.66,"id":40096580}]}]}
{"op":"mcm","clk":"11766460688","pt":1722698765431,"mc":[{"id":"1.231314290","rc":[{"ltp":2.66,"id":40096581},{"ltp":1.61,"id":40096580}]}]}
{"op":"mcm","clk":"11766473087","pt":1722698825923,"mc":[{"id":"1.231314290","rc":[{"ltp":2.96,"id":40096581},{"ltp":1.51,"id":40096580}]}]}
{"op":"mcm","clk":"11766485026","pt":1722698885943,"mc":[{"id":"1.231314290","rc":[{"ltp":3.2,"id":40096581},{"ltp":1.44,"id":40096580}]}]}
{"op":"mcm","clk":"11766496733","pt":1722698945835,"mc":[{"id":"1.231314290","rc":[{"ltp":2.62,"id":40096581},{"ltp":1.61,"id":40096580}]}]}
{"op":"mcm","clk":"11766509075","pt":1722699005900,"mc":[{"id":"1.231314290","rc":[{"ltp":2.52,"id":40096581},{"ltp":1.66,"id":40096580}]}]}
{"op":"mcm","clk":"11766521637","pt":1722699065913,"mc":[{"id":"1.231314290","rc":[{"ltp":2.28,"id":40096581},{"ltp":1.78,"id":40096580}]}]}
{"op":"mcm","clk":"11766534097","pt":1722699125942,"mc":[{"id":"1.231314290","rc":[{"ltp":2.4,"id":40096581},{"ltp":1.71,"id":40096580}]}]}
{"op":"mcm","clk":"11766546560","pt":1722699185830,"mc":[{"id":"1.231314290","rc":[{"ltp":2.48,"id":40096581},{"ltp":1.67,"id":40096580}]}]}
{"op":"mcm","clk":"11766559398","pt":1722699245909,"mc":[{"id":"1.231314290","rc":[{"ltp":2.14,"id":40096581},{"ltp":1.88,"id":40096580}]}]}
{"op":"mcm","clk":"11766572374","pt":1722699305880,"mc":[{"id":"1.231314290","rc":[{"ltp":2.16,"id":40096581},{"ltp":1.87,"id":40096580}]}]}
{"op":"mcm","clk":"11766585415","pt":1722699365923,"mc":[{"id":"1.231314290","rc":[{"ltp":1.99,"id":40096581},{"ltp":2.02,"id":40096580}]}]}
{"op":"mcm","clk":"11766598476","pt":1722699425874,"mc":[{"id":"1.231314290","rc":[{"ltp":2.02,"id":40096581},{"ltp":1.98,"id":40096580}]}]}
{"op":"mcm","clk":"11766611203","pt":1722699485864,"mc":[{"id":"1.231314290","rc":[{"ltp":1.93,"id":40096581},{"ltp":1.95,"id":40096580}]}]}
{"op":"mcm","clk":"11766624002","pt":1722699545903,"mc":[{"id":"1.231314290","rc":[{"ltp":3.15,"id":40096581},{"ltp":1.49,"id":40096580}]}]}
{"op":"mcm","clk":"11766637253","pt":1722699605885,"mc":[{"id":"1.231314290","rc":[{"ltp":3.3,"id":40096581},{"ltp":1.43,"id":40096580}]}]}
{"op":"mcm","clk":"11766650093","pt":1722699665943,"mc":[{"id":"1.231314290","rc":[{"ltp":3.15,"id":40096581},{"ltp":1.46,"id":40096580}]}]}
{"op":"mcm","clk":"11766662256","pt":1722699725870,"mc":[{"id":"1.231314290","rc":[{"ltp":3.1,"id":40096581},{"ltp":1.47,"id":40096580}]}]}
{"op":"mcm","clk":"11766687119","pt":1722699845821,"mc":[{"id":"1.231314290","rc":[{"ltp":3.0,"id":40096581},{"ltp":1.52,"id":40096580}]}]}
{"op":"mcm","clk":"11766699362","pt":1722699905883,"mc":[{"id":"1.231314290","rc":[{"ltp":3.4,"id":40096581},{"ltp":1.41,"id":40096580}]}]}
{"op":"mcm","clk":"11766710502","pt":1722699965872,"mc":[{"id":"1.231314290","rc":[{"ltp":4.3,"id":40096581},{"ltp":1.3,"id":40096580}]}]}
{"op":"mcm","clk":"11766721540","pt":1722700025942,"mc":[{"id":"1.231314290","rc":[{"ltp":5.0,"id":40096581},{"ltp":1.25,"id":40096580}]}]}
{"op":"mcm","clk":"11766739729","pt":1722700145866,"mc":[{"id":"1.231314290","rc":[{"ltp":5.7,"id":40096581},{"ltp":1.21,"id":40096580}]}]}
{"op":"mcm","clk":"11766748194","pt":1722700205836,"mc":[{"id":"1.231314290","rc":[{"ltp":6.0,"id":40096581},{"ltp":1.2,"id":40096580}]}]}
{"op":"mcm","clk":"11766756813","pt":1722700265926,"mc":[{"id":"1.231314290","rc":[{"ltp":3.6,"id":40096581},{"ltp":1.38,"id":40096580}]}]}
{"op":"mcm","clk":"11766765676","pt":1722700325903,"mc":[{"id":"1.231314290","rc":[{"ltp":3.3,"id":40096581},{"ltp":1.42,"id":40096580}]}]}
{"op":"mcm","clk":"11766773756","pt":1722700385935,"mc":[{"id":"1.231314290","rc":[{"ltp":2.36,"id":40096581},{"ltp":1.73,"id":40096580}]}]}
{"op":"mcm","clk":"11766781492","pt":1722700445901,"mc":[{"id":"1.231314290","rc":[{"ltp":2.48,"id":40096581},{"ltp":1.63,"id":40096580}]}]}
{"op":"mcm","clk":"11766789400","pt":1722700505925,"mc":[{"id":"1.231314290","rc":[{"ltp":2.7,"id":40096581},{"ltp":1.59,"id":40096580}]}]}
{"op":"mcm","clk":"11766797734","pt":1722700565875,"mc":[{"id":"1.231314290","rc":[{"ltp":2.0,"id":40096581},{"ltp":2.0,"id":40096580}]}]}
{"op":"mcm","clk":"11766805551","pt":1722700625945,"mc":[{"id":"1.231314290","rc":[{"ltp":1.26,"id":40096581},{"ltp":4.8,"id":40096580}]}]}
{"op":"mcm","clk":"11766813371","pt":1722700685879,"mc":[{"id":"1.231314290","rc":[{"ltp":1.12,"id":40096581},{"ltp":9.4,"id":40096580}]}]}
{"op":"mcm","clk":"11766821463","pt":1722700745915,"mc":[{"id":"1.231314290","rc":[{"ltp":1.13,"id":40096581},{"ltp":8.2,"id":40096580}]}]}
{"op":"mcm","clk":"11766829482","pt":1722700805891,"mc":[{"id":"1.231314290","rc":[{"ltp":1.05,"id":40096581},{"ltp":21.0,"id":40096580}]}]}
{"op":"mcm","clk":"11766838070","pt":1722700865879,"mc":[{"id":"1.231314290","rc":[{"ltp":26.0,"id":40096580}]}]}
{"op":"mcm","clk":"11766846974","pt":1722700925879,"mc":[{"id":"1.231314290","rc":[{"ltp":1.01,"id":40096581},{"ltp":1000.0,"id":40096580}]}]}
{"op":"mcm","clk":"11766856204","pt":1722700983514,"mc":[{"id":"1.231314290","marketDefinition":{"bspMarket":false,"turnInPlayEnabled":true,"persistenceEnabled":true,"marketBaseRate":5.0,"eventId":"33460494","eventTypeId":"4","numberOfWinners":1,"bettingType":"ODDS","marketType":"MATCH_ODDS","marketTime":"2024-08-03T13:30:00.000Z","suspendTime":"2024-08-03T13:30:00.000Z","bspReconciled":false,"complete":true,"inPlay":true,"crossMatching":true,"runnersVoidable":false,"numberOfActiveRunners":2,"betDelay":5,"status":"SUSPENDED","runners":[{"status":"ACTIVE","sortPriority":1,"id":40096580,"name":"Trent Rockets Women"},{"status":"ACTIVE","sortPriority":2,"id":40096581,"name":"Welsh Fire Women"}],"regulators":["MR_INT"],"countryCode":"GB","discountAllowed":true,"timezone":"GMT","openDate":"2024-08-03T13:30:00.000Z","version":6054257352,"name":"Match Odds","eventName":"Trent Rockets Women v Welsh Fire Women"}}]}
{"op":"mcm","clk":"11766890663","pt":1722701209877,"mc":[{"id":"1.231314290","marketDefinition":{"bspMarket":false,"turnInPlayEnabled":true,"persistenceEnabled":true,"marketBaseRate":5.0,"eventId":"33460494","eventTypeId":"4","numberOfWinners":1,"bettingType":"ODDS","marketType":"MATCH_ODDS","marketTime":"2024-08-03T13:30:00.000Z","suspendTime":"2024-08-03T13:30:00.000Z","bspReconciled":false,"complete":true,"inPlay":true,"crossMatching":false,"runnersVoidable":false,"numberOfActiveRunners":0,"betDelay":5,"status":"CLOSED","settledTime":"2024-08-03T16:05:09.000Z","runners":[{"status":"LOSER","sortPriority":1,"id":40096580,"name":"Trent Rockets Women"},{"status":"WINNER","sortPriority":2,"id":40096581,"name":"Welsh Fire Women"}],"regulators":["MR_INT"],"countryCode":"GB","discountAllowed":true,"timezone":"GMT","openDate":"2024-08-03T13:30:00.000Z","version":6054272562,"name":"Match Odds","eventName":"Trent Rockets Women v Welsh Fire Women"}}]}
