{"op":"mcm","clk":"11795214449","pt":1723110359330,"mc":[{"id":"1.231583597","marketDefinition":{"bspMarket":false,"turnInPlayEnabled":true,"persistenceEnabled":true,"marketBaseRate":5.0,"eventId":"33477708","eventTypeId":"4","numberOfWinners":1,"bettingType":"ODDS","marketType":"MATCH_ODDS","marketTime":"2024-08-10T13:30:00.000Z","suspendTime":"2024-08-10T13:30:00.000Z","bspReconciled":false,"complete":true,"inPlay":false,"crossMatching":true,"runnersVoidable":false,"numberOfActiveRunners":2,"betDelay":0,"status":"OPEN","runners":[{"status":"ACTIVE","sortPriority":1,"id":40096581,"name":"Welsh Fire Women"},{"status":"ACTIVE","sortPriority":2,"id":40096575,"name":"Birmingham Phoenix Women"}],"regulators":["MR_INT"],"countryCode":"GB","discountAllowed":true,"timezone":"GMT","openDate":"2024-08-10T13:30:00.000Z","version":6061705720,"name":"Match Odds","eventName":"Welsh Fire Women v Birmingham Phoenix Women"}}]}
{"op":"mcm","clk":"11801296832","pt":1723210258619,"mc":[{"id":"1.231583597","rc":[{"ltp":1.82,"id":40096581}]}]}
{"op":"mcm","clk":"11802681373","pt":1723224598481,"mc":[{"id":"1.231583597","rc":[{"ltp":2.14,"id":40096575},{"ltp":1.87,"id":40096581}]}]}
{"op":"mcm","clk":"11804300406","pt":1723234313225,"mc":[{"id":"1.231583597","rc":[{"ltp":1.79,"id":40096581}]}]}
{"op":"mcm","clk":"11804350097","pt":1723234914828,"mc":[{"id":"1.231583597","rc":[{"ltp":1.75,"id":40096581}]}]}
{"op":"mcm","clk":"11804447019","pt":1723236236717,"mc":[{"id":"1.231583597","rc":[{"ltp":1.77,"id":40096581}]}]}
{"op":"mcm","clk":"11804644721","pt":1723241697169,"mc":[{"id":"1.231583597","rc":[{"ltp":1.84,"id":40096581}]}]}
{"op":"mcm","clk":"11804683076","pt":1723243425941,"mc":[{"id":"1.231583597","rc":[{"ltp":2.18,"id":40096575}]}]}
{"op":"mcm","clk":"11804965058","pt":1723250759785,"mc":[{"id":"1.231583597","rc":[{"ltp":1.78,"id":40096581}]}]}
{"op":"mcm","clk":"11805468853","pt":1723263855335,"mc":[{"id":"1.231583597","rc":[{"ltp":2.28,"id":40096575}]}]}
{"op":"mcm","clk":"11805481475","pt":1723264252545,"mc":[{"id":"1.231583597","rc":[{"ltp":2.22,"id":40096575}]}]}
{"op":"mcm","clk":"11805695149","pt":1723271183256,"mc":[{"id":"1.231583597","rc":[{"ltp":2.2,"id":40096575}]}]}
{"op":"mcm","clk":"11805705601","pt":1723271541804,"mc":[{"id":"1.231583597","rc":[{"ltp":1.79,"id":40096581}]}]}
{"op":"mcm","clk":"11805788789","pt":1723273888628,"mc":[{"id":"1.231583597","rc":[{"ltp":1.78,"id":40096581}]}]}
{"op":"mcm","clk":"11805809396","pt":1723274028710,"mc":[{"id":"1.231583597","rc":[{"ltp":1.8,"id":40096581}]}]}
{"op":"mcm","clk":"11806074730","pt":1723278395606,"mc":[{"id":"1.231583597","rc":[{"ltp":2.22,"id":40096575},{"ltp":1.81,"id":40096581}]}]}
{"op":"mcm","clk":"11806460369","pt":1723282075013,"mc":[{"id":"1.231583597","rc":[{"ltp":1.8,"id":40096581}]}]}
{"op":"mcm","clk":"11806563950","pt":1723282974639,"mc":[{"id":"1.231583597","rc":[{"ltp":2.24,"id":40096575},{"ltp":1.78,"id":40096581}]}]}
{"op":"mcm","clk":"11806594384","pt":1723283213571,"mc":[{"id":"1.231583597","rc":[{"ltp":1.8,"id":40096581}]}]}
{"op":"mcm","clk":"11806701708","pt":1723284223704,"mc":[{"id":"1.231583597","rc":[{"ltp":1.81,"id":40096581}]}]}
{"op":"mcm","clk":"11806717813","pt":1723284345904,"mc":[{"id":"1.231583597","rc":[{"ltp":1.8,"id":40096581}]}]}
{"op":"mcm","clk":"11806780621","pt":1723284771666,"mc":[{"id":"1.231583597","rc":[{"ltp":1.79,"id":40096581}]}]}
{"op":"mcm","clk":"11806813111","pt":1723284894247,"mc":[{"id":"1.231583597","rc":[{"ltp":1.8,"id":40096581}]}]}
{"op":"mcm","clk":"11806927901","pt":1723285599704,"mc":[{"id":"1.231583597","rc":[{"ltp":2.26,"id":40096575}]}]}
{"op":"mcm","clk":"11806980694","pt":1723285949221,"mc":[{"id":"1.231583597","rc":[{"ltp":1.78,"id":40096581}]}]}
{"op":"mcm","clk":"11807383312","pt":1723288592083,"mc":[{"id":"1.231583597","rc":[{"ltp":1.79,"id":40096581}]}]}
{"op":"mcm","clk":"11807407618","pt":1723288729121,"mc":[{"id":"1.231583597","rc":[{"ltp":1.8,"id":40096581}]}]}
{"op":"mcm","clk":"11807414533","pt":1723288769412,"mc":[{"id":"1.231583597","rc":[{"ltp":1.81,"id":40096581}]}]}
{"op":"mcm","clk":"11807567840","pt":1723289634075,"mc":[{"id":"1.231583597","rc":[{"ltp":2.24,"id":40096575},{"ltp":1.82,"id":40096581}]}]}
{"op":"mcm","clk":"11807577758","pt":1723289688980,"mc":[{"id":"1.231583597","rc":[{"ltp":2.2,"id":40096575},{"ltp":1.83,"id":40096581}]}]}
{"op":"mcm","clk":"11807599827","pt":1723289816910,"mc":[{"id":"1.231583597","rc":[{"ltp":1.84,"id":40096581}]}]}
{"op":"mcm","clk":"11807607607","pt":1723289861390,"mc":[{"id":"1.231583597","rc":[{"ltp":1.83,"id":40096581}]}]}
{"op":"mcm","clk":"11807620317","pt":1723289933357,"mc":[{"id":"1.231583597","rc":[{"ltp":1.84,"id":40096581}]}]}
{"op":"mcm","clk":"11807632419","pt":1723289996719,"mc":[{"id":"1.231583597","rc":[{"ltp":1.85,"id":40096581}]}]}
{"op":"mcm","clk":"11807700596","pt":1723290296260,"mc":[{"id":"1.231583597","rc":[{"ltp":1.82,"id":40096581}]}]}
{"op":"mcm","clk":"11807721594","pt":1723290417072,"mc":[{"id":"1.231583597","rc":[{"ltp":1.87,"id":40096581}]}]}
{"op":"mcm","clk":"11807740663","pt":1723290536549,"mc":[{"id":"1.231583597","rc":[{"ltp":2.16,"id":40096575},{"ltp":1.86,"id":40096581}]}]}
{"op":"mcm","clk":"11807758542","pt":1723290653805,"mc":[{"id":"1.231583597","rc":[{"ltp":2.14,"id":40096575},{"ltp":1.88,"id":40096581}]}]}
{"op":"mcm","clk":"11807766962","pt":1723290710662,"mc":[{"id":"1.231583597","rc":[{"ltp":1.89,"id":40096581}]}]}
{"op":"mcm","clk":"11807774718","pt":1723290764449,"mc":[{"id":"1.231583597","rc":[{"ltp":1.88,"id":40096581}]}]}
{"op":"mcm","clk":"11807816879","pt":1723291072937,"mc":[{"id":"1.231583597","rc":[{"ltp":1.87,"id":40096581}]}]}
{"op":"mcm","clk":"11807833713","pt":1723291184072,"mc":[{"id":"1.231583597","rc":[{"ltp":1.88,"id":40096581}]}]}
{"op":"mcm","clk":"11807855966","pt":1723291305536,"mc":[{"id":"1.231583597","rc":[{"ltp":1.87,"id":40096581}]}]}
{"op":"mcm","clk":"11807928864","pt":1723291674312,"mc":[{"id":"1.231583597","rc":[{"ltp":2.12,"id":40096575}]}]}
{"op":"mcm","clk":"11808003258","pt":1723292037106,"mc":[{"id":"1.231583597","rc":[{"ltp":2.16,"id":40096575},{"ltp":1.85,"id":40096581}]}]}
{"op":"mcm","clk":"11808012304","pt":1723292081191,"mc":[{"id":"1.231583597","rc":[{"ltp":2.18,"id":40096575}]}]}
{"op":"mcm","clk":"11808040603","pt":1723292213761,"mc":[{"id":"1.231583597","rc":[{"ltp":1.88,"id":40096581}]}]}
{"op":"mcm","clk":"11808053348","pt":1723292275959,"mc":[{"id":"1.231583597","rc":[{"ltp":2.16,"id":40096575},{"ltp":1.87,"id":40096581}]}]}
{"op":"mcm","clk":"11808061801","pt":1723292316767,"mc":[{"id":"1.231583597","rc":[{"ltp":1.86,"id":40096581}]}]}
{"op":"mcm","clk":"11808087657","pt":1723292438025,"mc":[{"id":"1.231583597","rc":[{"ltp":2.14,"id":40096575}]}]}
{"op":"mcm","clk":"11808137428","pt":1723292697137,"mc":[{"id":"1.231583597","rc":[{"ltp":1.88,"id":40096581}]}]}
{"op":"mcm","clk":"11808150293","pt":1723292756658,"mc":[{"id":"1.231583597","rc":[{"ltp":2.18,"id":40096575},{"ltp":1.85,"id":40096581}]}]}
{"op":"mcm","clk":"11808195658","pt":1723292986299,"mc":[{"id":"1.231583597","rc":[{"ltp":1.86,"id":40096581}]}]}
{"op":"mcm","clk":"11808220872","pt":1723293113014,"mc":[{"id":"1.231583597","rc":[{"ltp":2.14,"id":40096575},{"ltp":1.88,"id":40096581}]}]}
{"op":"mcm","clk":"11808233791","pt":1723293173927,"mc":[{"id":"1.231583597","rc":[{"ltp":2.12,"id":40096575},{"ltp":1.89,"id":40096581}]}]}
{"op":"mcm","clk":"11808258540","pt":1723293288780,"mc":[{"id":"1.231583597","rc":[{"ltp":1.88,"id":40096581}]}]}
{"op":"mcm","clk":"11808309182","pt":1723293535573,"mc":[{"id":"1.231583597","rc":[{"ltp":2.14,"id":40096575},{"ltp":1.87,"id":40096581}]}]}
{"op":"mcm","clk":"11808320046","pt":1723293588454,"mc":[{"id":"1.231583597","rc":[{"ltp":2.16,"id":40096575}]}]}
{"op":"mcm","clk":"11808343772","pt":1723293710710,"mc":[{"id":"1.231583597","rc":[{"ltp":2.14,"id":40096575}]}]}
{"op":"mcm","clk":"11808357003","pt":1723293776674,"mc":[{"id":"1.231583597","rc":[{"ltp":2.16,"id":40096575},{"ltp":1.86,"id":40096581}]}]}
{"op":"mcm","clk":"11808368826","pt":1723293835347,"mc":[{"id":"1.231583597","rc":[{"ltp":1.84,"id":40096581}]}]}
{"op":"mcm","clk":"11808423263","pt":1723294128377,"mc":[{"id":"1.231583597","rc":[{"ltp":1.85,"id":40096581}]}]}
{"op":"mcm","clk":"11808433729","pt":1723294195335,"mc":[{"id":"1.231583597","rc":[{"ltp":2.18,"id":40096575}]}]}
{"op":"mcm","clk":"11808444122","pt":1723294256804,"mc":[{"id":"1.231583597","rc":[{"ltp":2.16,"id":40096575}]}]}
{"op":"mcm","clk":"11808487683","pt":1723294557078,"mc":[{"id":"1.231583597","rc":[{"ltp":2.18,"id":40096575},{"ltp":1.84,"id":40096581}]}]}
{"op":"mcm","clk":"11808500485","pt":1723294655174,"mc":[{"id":"1.231583597","rc":[{"ltp":2.24,"id":40096575}]}]}
{"op":"mcm","clk":"11808517739","pt":1723294784454,"mc":[{"id":"1.231583597","rc":[{"ltp":1.85,"id":40096581}]}]}
{"op":"mcm","clk":"11808524677","pt":1723294830393,"mc":[{"id":"1.231583597","rc":[{"ltp":2.18,"id":40096575},{"ltp":1.84,"id":40096581}]}]}
{"op":"mcm","clk":"11808536999","pt":1723294914162,"mc":[{"id":"1.231583597","rc":[{"ltp":2.2,"id":40096575}]}]}
{"op":"mcm","clk":"11808543829","pt":1723294961329,"mc":[{"id":"1.231583597","rc":[{"ltp":2.18,"id":40096575}]}]}
{"op":"mcm","clk":"11808552742","pt":1723295023208,"mc":[{"id":"1.231583597","rc":[{"ltp":2.2,"id":40096575},{"ltp":1.83,"id":40096581}]}]}
{"op":"mcm","clk":"11808574475","pt":1723295156585,"mc":[{"id":"1.231583597","rc":[{"ltp":1.82,"id":40096581}]}]}
{"op":"mcm","clk":"11808584319","pt":1723295214203,"mc":[{"id":"1.231583597","rc":[{"ltp":2.18,"id":40096575},{"ltp":1.84,"id":40096581}]}]}
{"op":"mcm","clk":"11808594894","pt":1723295274859,"mc":[{"id":"1.231583597","rc":[{"ltp":2.2,"id":40096575},{"ltp":1.83,"id":40096581}]}]}
{"op":"mcm","clk":"11808652121","pt":1723295574483,"mc":[{"id":"1.231583597","rc":[{"ltp":2.22,"id":40096575},{"ltp":1.81,"id":40096581}]}]}
{"op":"mcm","clk":"11808678583","pt":1723295633948,"mc":[{"id":"1.231583597","rc":[{"ltp":2.24,"id":40096575},{"ltp":1.8,"id":40096581}]}]}
{"op":"mcm","clk":"11808691321","pt":1723295695898,"mc":[{"id":"1.231583597","rc":[{"ltp":2.22,"id":40096575},{"ltp":1.79,"id":40096581}]}]}
{"op":"mcm","clk":"11808704821","pt":1723295757237,"mc":[{"id":"1.231583597","rc":[{"ltp":2.32,"id":40096575},{"ltp":1.77,"id":40096581}]}]}
{"op":"mcm","clk":"11808716632","pt":1723295817026,"mc":[{"id":"1.231583597","rc":[{"ltp":1.75,"id":40096581}]}]}
{"op":"mcm","clk":"11808728484","pt":1723295875874,"mc":[{"id":"1.231583597","rc":[{"ltp":2.3,"id":40096575},{"ltp":1.77,"id":40096581}]}]}
{"op":"mcm","clk":"11808740598","pt":1723295936351,"mc":[{"id":"1.231583597","rc":[{"ltp":2.36,"id":40096575},{"ltp":1.73,"id":40096581}]}]}
{"op":"mcm","clk":"11808754138","pt":1723295996447,"mc":[{"id":"1.231583597","rc":[{"ltp":2.4,"id":40096575}]}]}
{"op":"mcm","clk":"11808767321","pt":1723296056902,"mc":[{"id":"1.231583597","rc":[{"ltp":2.44,"id":40096575},{"ltp":1.7,"id":40096581}]}]}
{"op":"mcm","clk":"11808792189","pt":1723296176975,"mc":[{"id":"1.231583597","rc":[{"ltp":2.46,"id":40096575},{"ltp":1.67,"id":40096581}]}]}
{"op":"mcm","clk":"11808814377","pt":1723296297200,"mc":[{"id":"1.231583597","rc":[{"ltp":2.48,"id":40096575},{"ltp":1.66,"id":40096581}]}]}
{"op":"mcm","clk":"11808826070","pt":1723296356994,"mc":[{"id":"1.231583597","rc":[{"ltp":2.56,"id":40096575},{"ltp":1.65,"id":40096581}]}]}
{"op":"mcm","clk":"11808837527","pt":1723296417177,"mc":[{"id":"1.231583597","rc":[{"ltp":1.64,"id":40096581}]}]}
{"op":"mcm","clk":"11808849653","pt":1723296477298,"mc":[{"id":"1.231583597","rc":[{"ltp":2.62,"id":40096575},{"ltp":1.6,"id":40096581}]}]}
{"op":"mcm","clk":"11808861459","pt":1723296536667,"mc":[{"id":"1.231583597","rc":[{"ltp":2.56,"id":40096575},{"ltp":1.63,"id":40096581}]}]}
{"op":"mcm","clk":"11808873178","pt":1723296596434,"mc":[{"id":"1.231583597","marketDefinition":{"bspMarket":false,"turnInPlayEnabled":true,"persistenceEnabled":true,"marketBaseRate":5.0,"eventId":"33477708","eventTypeId":"4","numberOfWinners":1,"bettingType":"ODDS","marketType":"MATCH_ODDS","marketTime":"2024-08-10T13:30:00.000Z","suspendTime":"2024-08-10T13:30:00.000Z","bspReconciled":false,"complete":true,"inPlay":true,"crossMatching":true,"runnersVoidable":false,"numberOfActiveRunners":2,"betDelay":5,"status":"OPEN","runners":[{"status":"ACTIVE","sortPriority":1,"id":40096581,"name":"Welsh Fire Women"},{"status":"ACTIVE","sortPriority":2,"id":40096575,"name":"Birmingham Phoenix Women"}],"regulators":["MR_INT"],"countryCode":"GB","discountAllowed":true,"timezone":"GMT","openDate":"2024-08-10T13:30:00.000Z","version":6066005734,"name":"Match Odds","eventName":"Welsh Fire Women v Birmingham Phoenix Women"},"rc":[{"ltp":2.6,"id":40096575},{"ltp":1.62,"id":40096581}]}]}
{"op":"mcm","clk":"11808886895","pt":1723296656813,"mc":[{"id":"1.231583597","rc":[{"ltp":1.63,"id":40096581}]}]}
{"op":"mcm","clk":"11808899739","pt":1723296717121,"mc":[{"id":"1.231583597","rc":[{"ltp":2.52,"id":40096575},{"ltp":1.69,"id":40096581}]}]}
{"op":"mcm","clk":"11808912470","pt":1723296777231,"mc":[{"id":"1.231583597","rc":[{"ltp":2.32,"id":40096575},{"ltp":1.71,"id":40096581}]}]}
{"op":"mcm","clk":"11808925070","pt":1723296836710,"mc":[{"id":"1.231583597","rc":[{"ltp":2.36,"id":40096575},{"ltp":1.74,"id":40096581}]}]}
{"op":"mcm","clk":"11808938034","pt":1723296896186,"mc":[{"id":"1.231583597","rc":[{"ltp":2.38,"id":40096575},{"ltp":1.72,"id":40096581}]}]}
{"op":"mcm","clk":"11808951331","pt":1723296956061,"mc":[{"id":"1.231583597","rc":[{"ltp":2.44,"id":40096575},{"ltp":1.71,"id":40096581}]}]}
{"op":"mcm","clk":"11808964484","pt":1723297016767,"mc":[{"id":"1.231583597","rc":[{"ltp":2.38,"id":40096575},{"ltp":1.72,"id":40096581}]}]}
{"op":"mcm","clk":"11808977479","pt":1723297076696,"mc":[{"id":"1.231583597","rc":[{"ltp":2.4,"id":40096575},{"ltp":1.71,"id":40096581}]}]}
{"op":"mcm","clk":"11808990973","pt":1723297137022,"mc":[{"id":"1.231583597","rc":[{"ltp":2.44,"id":40096575},{"ltp":1.69,"id":40096581}]}]}
{"op":"mcm","clk":"11809004385","pt":1723297196795,"mc":[{"id":"1.231583597","rc":[{"ltp":2.42,"id":40096575},{"ltp":1.71,"id":40096581}]}]}
{"op":"mcm","clk":"11809017845","pt":1723297256228,"mc":[{"id":"1.231583597","rc":[{"ltp":2.4,"id":40096575}]}]}
{"op":"mcm","clk":"11809054441","pt":1723297436704,"mc":[{"id":"1.231583597","rc":[{"ltp":2.38,"id":40096575},{"ltp":1.7,"id":40096581}]}]}
{"op":"mcm","clk":"11809066303","pt":1723297496254,"mc":[{"id":"1.231583597","rc":[{"ltp":2.44,"id":40096575},{"ltp":1.69,"id":40096581}]}]}
{"op":"mcm","clk":"11809078648","pt":1723297557217,"mc":[{"id":"1.231583597","rc":[{"ltp":2.48,"id":40096575},{"ltp":1.68,"id":40096581}]}]}
{"op":"mcm","clk":"11809090137","pt":1723297617131,"mc":[{"id":"1.231583597","rc":[{"ltp":2.36,"id":40096575},{"ltp":1.73,"id":40096581}]}]}
{"op":"mcm","clk":"11809101095","pt":1723297676994,"mc":[{"id":"1.231583597","rc":[{"ltp":2.42,"id":40096575},{"ltp":1.72,"id":40096581}]}]}
{"op":"mcm","clk":"11809111460","pt":1723297737219,"mc":[{"id":"1.231583597","rc":[{"ltp":2.46,"id":40096575},{"ltp":1.68,"id":40096581}]}]}
{"op":"mcm","clk":"11809121810","pt":1723297796996,"mc":[{"id":"1.231583597","rc":[{"ltp":2.5,"id":40096575},{"ltp":1.67,"id":40096581}]}]}
{"op":"mcm","clk":"11809131933","pt":1723297857181,"mc":[{"id":"1.231583597","rc":[{"ltp":2.44,"id":40096575},{"ltp":1.69,"id":40096581}]}]}
{"op":"mcm","clk":"11809142152","pt":1723297917224,"mc":[{"id":"1.231583597","rc":[{"ltp":1.7,"id":40096581}]}]}
{"op":"mcm","clk":"11809151751","pt":1723297977223,"mc":[{"id":"1.231583597","rc":[{"ltp":2.6,"id":40096575},{"ltp":1.63,"id":40096581}]}]}
{"op":"mcm","clk":"11809160785","pt":1723298037222,"mc":[{"id":"1.231583597","rc":[{"ltp":2.56,"id":40096575},{"ltp":1.61,"id":40096581}]}]}
{"op":"mcm","clk":"11809169406","pt":1723298097250,"mc":[{"id":"1.231583597","rc":[{"ltp":2.74,"id":40096575},{"ltp":1.57,"id":40096581}]}]}
{"op":"mcm","clk":"11809179323","pt":1723298157251,"mc":[{"id":"1.231583597","rc":[{"ltp":2.62,"id":40096575},{"ltp":1.64,"id":40096581}]}]}
{"op":"mcm","clk":"11809188948","pt":1723298216919,"mc":[{"id":"1.231583597","rc":[{"ltp":2.56,"id":40096575},{"ltp":1.63,"id":40096581}]}]}
{"op":"mcm","clk":"11809198667","pt":1723298277304,"mc":[{"id":"1.231583597","rc":[{"ltp":2.34,"id":40096575},{"ltp":1.75,"id":40096581}]}]}
{"op":"mcm","clk":"11809208157","pt":1723298337192,"mc":[{"id":"1.231583597","rc":[{"ltp":2.38,"id":40096575},{"ltp":1.72,"id":40096581}]}]}
{"op":"mcm","clk":"11809218695","pt":1723298397152,"mc":[{"id":"1.231583597","rc":[{"ltp":2.42,"id":40096575},{"ltp":1.7,"id":40096581}]}]}
{"op":"mcm","clk":"11809232123","pt":1723298456840,"mc":[{"id":"1.231583597","rc":[{"ltp":2.5,"id":40096575},{"ltp":1.66,"id":40096581}]}]}
{"op":"mcm","clk":"11809244577","pt":1723298517312,"mc":[{"id":"1.231583597","rc":[{"ltp":2.66,"id":40096575},{"ltp":1.6,"id":40096581}]}]}
{"op":"mcm","clk":"11809258226","pt":1723298577306,"mc":[{"id":"1.231583597","rc":[{"ltp":2.8,"id":40096575},{"ltp":1.53,"id":40096581}]}]}
{"op":"mcm","clk":"11809272615","pt":1723298637194,"mc":[{"id":"1.231583597","rc":[{"ltp":3.0,"id":40096575},{"ltp":1.5,"id":40096581}]}]}
{"op":"mcm","clk":"11809287190","pt":1723298697279,"mc":[{"id":"1.231583597","rc":[{"ltp":3.05,"id":40096575},{"ltp":1.48,"id":40096581}]}]}
{"op":"mcm","clk":"11809302115","pt":1723298757242,"mc":[{"id":"1.231583597","rc":[{"ltp":3.0,"id":40096575},{"ltp":1.5,"id":40096581}]}]}
{"op":"mcm","clk":"11809317723","pt":1723298817272,"mc":[{"id":"1.231583597","rc":[{"ltp":2.6,"id":40096575},{"ltp":1.62,"id":40096581}]}]}
{"op":"mcm","clk":"11809333200","pt":1723298877241,"mc":[{"id":"1.231583597","rc":[{"ltp":1.67,"id":40096581}]}]}
{"op":"mcm","clk":"11809348426","pt":1723298937288,"mc":[{"id":"1.231583597","rc":[{"ltp":2.34,"id":40096575},{"ltp":1.75,"id":40096581}]}]}
{"op":"mcm","clk":"11809364424","pt":1723298997264,"mc":[{"id":"1.231583597","rc":[{"ltp":2.2,"id":40096575},{"ltp":1.82,"id":40096581}]}]}
{"op":"mcm","clk":"11809380670","pt":1723299057247,"mc":[{"id":"1.231583597","rc":[{"ltp":2.28,"id":40096575},{"ltp":1.77,"id":40096581}]}]}
{"op":"mcm","clk":"11809397385","pt":1723299117225,"mc":[{"id":"1.231583597","rc":[{"ltp":2.2,"id":40096575},{"ltp":1.84,"id":40096581}]}]}
{"op":"mcm","clk":"11809413447","pt":1723299177134,"mc":[{"id":"1.231583597","rc":[{"ltp":2.3,"id":40096575},{"ltp":1.75,"id":40096581}]}]}
{"op":"mcm","clk":"11809429430","pt":1723299237280,"mc":[{"id":"1.231583597","rc":[{"ltp":2.1,"id":40096575},{"ltp":1.91,"id":40096581}]}]}
{"op":"mcm","clk":"11809445721","pt":1723299297283,"mc":[{"id":"1.231583597","rc":[{"ltp":1.79,"id":40096575},{"ltp":2.26,"id":40096581}]}]}
{"op":"mcm","clk":"11809462552","pt":1723299357307,"mc":[{"id":"1.231583597","rc":[{"ltp":2.08,"id":40096575},{"ltp":1.92,"id":40096581}]}]}
{"op":"mcm","clk":"11809478588","pt":1723299417268,"mc":[{"id":"1.231583597","rc":[{"ltp":2.18,"id":40096575},{"ltp":1.84,"id":40096581}]}]}
{"op":"mcm","clk":"11809495697","pt":1723299477040,"mc":[{"id":"1.231583597","rc":[{"ltp":2.1,"id":40096575},{"ltp":1.9,"id":40096581}]}]}
{"op":"mcm","clk":"11809512572","pt":1723299537144,"mc":[{"id":"1.231583597","rc":[{"ltp":2.48,"id":40096575},{"ltp":1.67,"id":40096581}]}]}
{"op":"mcm","clk":"11809528548","pt":1723299597201,"mc":[{"id":"1.231583597","rc":[{"ltp":2.5,"id":40096575},{"ltp":1.66,"id":40096581}]}]}
{"op":"mcm","clk":"11809544363","pt":1723299657303,"mc":[{"id":"1.231583597","rc":[{"ltp":2.42,"id":40096575},{"ltp":1.68,"id":40096581}]}]}
{"op":"mcm","clk":"11809560040","pt":1723299717275,"mc":[{"id":"1.231583597","rc":[{"ltp":2.3,"id":40096575},{"ltp":1.77,"id":40096581}]}]}
{"op":"mcm","clk":"11809575812","pt":1723299777031,"mc":[{"id":"1.231583597","rc":[{"ltp":2.2,"id":40096575},{"ltp":1.82,"id":40096581}]}]}
{"op":"mcm","clk":"11809591995","pt":1723299837120,"mc":[{"id":"1.231583597","rc":[{"ltp":2.68,"id":40096575},{"ltp":1.6,"id":40096581}]}]}
{"op":"mcm","clk":"11809608266","pt":1723299897240,"mc":[{"id":"1.231583597","rc":[{"ltp":2.6,"id":40096575},{"ltp":1.62,"id":40096581}]}]}
{"op":"mcm","clk":"11809625670","pt":1723299957223,"mc":[{"id":"1.231583597","rc":[{"ltp":2.92,"id":40096575},{"ltp":1.52,"id":40096581}]}]}
{"op":"mcm","clk":"11809642386","pt":1723300017290,"mc":[{"id":"1.231583597","rc":[{"ltp":3.05,"id":40096575},{"ltp":1.53,"id":40096581}]}]}
{"op":"mcm","clk":"11809658832","pt":1723300076876,"mc":[{"id":"1.231583597","rc":[{"ltp":2.72,"id":40096575},{"ltp":1.58,"id":40096581}]}]}
{"op":"mcm","clk":"11809676082","pt":1723300137309,"mc":[{"id":"1.231583597","rc":[{"ltp":2.78,"id":40096575},{"ltp":1.56,"id":40096581}]}]}
{"op":"mcm","clk":"11809692659","pt":1723300197217,"mc":[{"id":"1.231583597","rc":[{"ltp":2.9,"id":40096575},{"ltp":1.54,"id":40096581}]}]}
{"op":"mcm","clk":"11809710905","pt":1723300257255,"mc":[{"id":"1.231583597","rc":[{"ltp":2.74,"id":40096575},{"ltp":1.57,"id":40096581}]}]}
{"op":"mcm","clk":"11809728191","pt":1723300316935,"mc":[{"id":"1.231583597","rc":[{"ltp":2.8,"id":40096575},{"ltp":1.56,"id":40096581}]}]}
{"op":"mcm","clk":"11809745622","pt":1723300377249,"mc":[{"id":"1.231583597","rc":[{"ltp":3.05,"id":40096575},{"ltp":1.5,"id":40096581}]}]}
{"op":"mcm","clk":"11809763539","pt":1723300437218,"mc":[{"id":"1.231583597","rc":[{"ltp":2.88,"id":40096575},{"ltp":1.53,"id":40096581}]}]}
{"op":"mcm","clk":"11809781247","pt":1723300497145,"mc":[{"id":"1.231583597","rc":[{"ltp":2.84,"id":40096575}]}]}
{"op":"mcm","clk":"11809799434","pt":1723300557225,"mc":[{"id":"1.231583597","rc":[{"ltp":2.88,"id":40096575}]}]}
{"op":"mcm","clk":"11809834744","pt":1723300677305,"mc":[{"id":"1.231583597","rc":[{"ltp":2.92,"id":40096575},{"ltp":1.52,"id":40096581}]}]}
{"op":"mcm","clk":"11809868513","pt":1723300797121,"mc":[{"id":"1.231583597","rc":[{"ltp":2.8,"id":40096575},{"ltp":1.56,"id":40096581}]}]}
{"op":"mcm","clk":"11809886222","pt":1723300857093,"mc":[{"id":"1.231583597","rc":[{"ltp":3.0,"id":40096575},{"ltp":1.55,"id":40096581}]}]}
{"op":"mcm","clk":"11809903210","pt":1723300916435,"mc":[{"id":"1.231583597","rc":[{"ltp":2.68,"id":40096575},{"ltp":1.59,"id":40096581}]}]}
{"op":"mcm","clk":"11809933206","pt":1723300976724,"mc":[{"id":"1.231583597","rc":[{"ltp":2.78,"id":40096575},{"ltp":1.57,"id":40096581}]}]}
{"op":"mcm","clk":"11809950080","pt":1723301037265,"mc":[{"id":"1.231583597","rc":[{"ltp":2.76,"id":40096575},{"ltp":1.58,"id":40096581}]}]}
{"op":"mcm","clk":"11809966410","pt":1723301097311,"mc":[{"id":"1.231583597","rc":[{"ltp":2.56,"id":40096575},{"ltp":1.65,"id":40096581}]}]}
{"op":"mcm","clk":"11809983308","pt":1723301157297,"mc":[{"id":"1.231583597","rc":[{"ltp":3.25,"id":40096575},{"ltp":1.44,"id":40096581}]}]}
{"op":"mcm","clk":"11809999598","pt":1723301217280,"mc":[{"id":"1.231583597","rc":[{"ltp":3.0,"id":40096575},{"ltp":1.51,"id":40096581}]}]}
{"op":"mcm","clk":"11810014808","pt":1723301277237,"mc":[{"id":"1.231583597","rc":[{"ltp":2.7,"id":40096575},{"ltp":1.59,"id":40096581}]}]}
{"op":"mcm","clk":"11810028914","pt":1723301337317,"mc":[{"id":"1.231583597","rc":[{"ltp":2.6,"id":40096575},{"ltp":1.68,"id":40096581}]}]}
{"op":"mcm","clk":"11810042430","pt":1723301397027,"mc":[{"id":"1.231583597","rc":[{"ltp":2.44,"id":40096575},{"ltp":1.69,"id":40096581}]}]}
{"op":"mcm","clk":"11810054708","pt":1723301457287,"mc":[{"id":"1.231583597","rc":[{"ltp":2.52,"id":40096575},{"ltp":1.65,"id":40096581}]}]}
{"op":"mcm","clk":"11810067014","pt":1723301517254,"mc":[{"id":"1.231583597","rc":[{"ltp":2.28,"id":40096575},{"ltp":1.77,"id":40096581}]}]}
{"op":"mcm","clk":"11810078911","pt":1723301577217,"mc":[{"id":"1.231583597","rc":[{"ltp":2.14,"id":40096575},{"ltp":1.9,"id":40096581}]}]}
{"op":"mcm","clk":"11810090851","pt":1723301637287,"mc":[{"id":"1.231583597","rc":[{"ltp":2.36,"id":40096575},{"ltp":1.73,"id":40096581}]}]}
{"op":"mcm","clk":"11810103578","pt":1723301697178,"mc":[{"id":"1.231583597","rc":[{"ltp":2.38,"id":40096575}]}]}
{"op":"mcm","clk":"11810117225","pt":1723301757180,"mc":[{"id":"1.231583597","rc":[{"ltp":1.72,"id":40096581}]}]}
{"op":"mcm","clk":"11810128447","pt":1723301817119,"mc":[{"id":"1.231583597","rc":[{"ltp":2.34,"id":40096575},{"ltp":1.74,"id":40096581}]}]}
{"op":"mcm","clk":"11810138845","pt":1723301877262,"mc":[{"id":"1.231583597","rc":[{"ltp":2.18,"id":40096575},{"ltp":1.86,"id":40096581}]}]}
{"op":"mcm","clk":"11810160312","pt":1723301997287,"mc":[{"id":"1.231583597","rc":[{"ltp":2.22,"id":40096575},{"ltp":1.83,"id":40096581}]}]}
{"op":"mcm","clk":"11810173159","pt":1723302057320,"mc":[{"id":"1.231583597","rc":[{"ltp":2.28,"id":40096575},{"ltp":1.78,"id":40096581}]}]}
{"op":"mcm","clk":"11810186973","pt":1723302117302,"mc":[{"id":"1.231583597","rc":[{"ltp":2.26,"id":40096575},{"ltp":1.81,"id":40096581}]}]}
{"op":"mcm","clk":"11810203500","pt":1723302177265,"mc":[{"id":"1.231583597","rc":[{"ltp":2.38,"id":40096575},{"ltp":1.73,"id":40096581}]}]}
{"op":"mcm","clk":"11810233361","pt":1723302297239,"mc":[{"id":"1.231583597","rc":[{"ltp":2.3,"id":40096575},{"ltp":1.78,"id":40096581}]}]}
{"op":"mcm","clk":"11810250049","pt":1723302356974,"mc":[{"id":"1.231583597","rc":[{"ltp":2.26,"id":40096575}]}]}
{"op":"mcm","clk":"11810266699","pt":1723302417247,"mc":[{"id":"1.231583597","rc":[{"ltp":2.38,"id":40096575},{"ltp":1.71,"id":40096581}]}]}
{"op":"mcm","clk":"11810283840","pt":1723302477223,"mc":[{"id":"1.231583597","rc":[{"ltp":1.73,"id":40096581}]}]}
{"op":"mcm","clk":"11810300569","pt":1723302537112,"mc":[{"id":"1.231583597","rc":[{"ltp":2.4,"id":40096575},{"ltp":1.71,"id":40096581}]}]}
{"op":"mcm","clk":"11810316968","pt":1723302597240,"mc":[{"id":"1.231583597","rc":[{"ltp":2.44,"id":40096575},{"ltp":1.7,"id":40096581}]}]}
{"op":"mcm","clk":"11810333869","pt":1723302657270,"mc":[{"id":"1.231583597","rc":[{"ltp":2.48,"id":40096575},{"ltp":1.67,"id":40096581}]}]}
{"op":"mcm","clk":"11810351626","pt":1723302716736,"mc":[{"id":"1.231583597","rc":[{"ltp":2.44,"id":40096575},{"ltp":1.69,"id":40096581}]}]}
{"op":"mcm","clk":"11810369858","pt":1723302777307,"mc":[{"id":"1.231583597","rc":[{"ltp":1.7,"id":40096581}]}]}
{"op":"mcm","clk":"11810387657","pt":1723302837006,"mc":[{"id":"1.231583597","rc":[{"ltp":2.42,"id":40096575},{"ltp":1.71,"id":40096581}]}]}
{"op":"mcm","clk":"11810405317","pt":1723302896926,"mc":[{"id":"1.231583597","rc":[{"ltp":2.44,"id":40096575}]}]}
{"op":"mcm","clk":"11810423566","pt":1723302957309,"mc":[{"id":"1.231583597","rc":[{"ltp":2.42,"id":40096575},{"ltp":1.7,"id":40096581}]}]}
{"op":"mcm","clk":"11810440989","pt":1723303017175,"mc":[{"id":"1.231583597","rc":[{"ltp":2.52,"id":40096575},{"ltp":1.65,"id":40096581}]}]}
{"op":"mcm","clk":"11810457428","pt":1723303077241,"mc":[{"id":"1.231583597","rc":[{"ltp":2.62,"id":40096575},{"ltp":1.63,"id":40096581}]}]}
{"op":"mcm","clk":"11810473538","pt":1723303137120,"mc":[{"id":"1.231583597","rc":[{"ltp":2.8,"id":40096575},{"ltp":1.55,"id":40096581}]}]}
{"op":"mcm","clk":"11810489295","pt":1723303197316,"mc":[{"id":"1.231583597","rc":[{"ltp":2.66,"id":40096575},{"ltp":1.6,"id":40096581}]}]}
{"op":"mcm","clk":"11810505313","pt":1723303257182,"mc":[{"id":"1.231583597","rc":[{"ltp":2.58,"id":40096575},{"ltp":1.66,"id":40096581}]}]}
{"op":"mcm","clk":"11810521205","pt":1723303317244,"mc":[{"id":"1.231583597","rc":[{"ltp":2.3,"id":40096575},{"ltp":1.79,"id":40096581}]}]}
{"op":"mcm","clk":"11810536656","pt":1723303377249,"mc":[{"id":"1.231583597","rc":[{"ltp":2.5,"id":40096575},{"ltp":1.65,"id":40096581}]}]}
{"op":"mcm","clk":"11810552188","pt":1723303437271,"mc":[{"id":"1.231583597","rc":[{"ltp":1.9,"id":40096575},{"ltp":2.12,"id":40096581}]}]}
{"op":"mcm","clk":"11810568343","pt":1723303497267,"mc":[{"id":"1.231583597","rc":[{"ltp":1.79,"id":40096575},{"ltp":2.26,"id":40096581}]}]}
{"op":"mcm","clk":"11810583982","pt":1723303557305,"mc":[{"id":"1.231583597","rc":[{"ltp":1.97,"id":40096575},{"ltp":2.02,"id":40096581}]}]}
{"op":"mcm","clk":"11810599948","pt":1723303617289,"mc":[{"id":"1.231583597","rc":[{"ltp":1.98,"id":40096575}]}]}
{"op":"mcm","clk":"11810616160","pt":1723303676986,"mc":[{"id":"1.231583597","rc":[{"ltp":2.0,"id":40096575},{"ltp":2.0,"id":40096581}]}]}
{"op":"mcm","clk":"11810631457","pt":1723303737279,"mc":[{"id":"1.231583597","rc":[{"ltp":2.08,"id":40096575},{"ltp":1.91,"id":40096581}]}]}
{"op":"mcm","clk":"11810646647","pt":1723303797278,"mc":[{"id":"1.231583597","rc":[{"ltp":2.02,"id":40096575},{"ltp":1.97,"id":40096581}]}]}
{"op":"mcm","clk":"11810662461","pt":1723303857321,"mc":[{"id":"1.231583597","rc":[{"ltp":2.0,"id":40096575},{"ltp":2.0,"id":40096581}]}]}
{"op":"mcm","clk":"11810677927","pt":1723303917305,"mc":[{"id":"1.231583597","rc":[{"ltp":2.26,"id":40096575},{"ltp":1.79,"id":40096581}]}]}
{"op":"mcm","clk":"11810693942","pt":1723303977274,"mc":[{"id":"1.231583597","rc":[{"ltp":2.84,"id":40096575},{"ltp":1.54,"id":40096581}]}]}
{"op":"mcm","clk":"11810709967","pt":1723304037273,"mc":[{"id":"1.231583597","rc":[{"ltp":2.68,"id":40096575},{"ltp":1.58,"id":40096581}]}]}
{"op":"mcm","clk":"11810725473","pt":1723304097220,"mc":[{"id":"1.231583597","rc":[{"ltp":3.25,"id":40096575},{"ltp":1.44,"id":40096581}]}]}
{"op":"mcm","clk":"11810741097","pt":1723304157282,"mc":[{"id":"1.231583597","rc":[{"ltp":3.15,"id":40096575},{"ltp":1.46,"id":40096581}]}]}
{"op":"mcm","clk":"11810756381","pt":1723304217230,"mc":[{"id":"1.231583597","rc":[{"ltp":2.9,"id":40096575},{"ltp":1.61,"id":40096581}]}]}
{"op":"mcm","clk":"11810772077","pt":1723304277269,"mc":[{"id":"1.231583597","rc":[{"ltp":2.84,"id":40096575},{"ltp":1.55,"id":40096581}]}]}
{"op":"mcm","clk":"11810787985","pt":1723304337294,"mc":[{"id":"1.231583597","rc":[{"ltp":2.8,"id":40096575},{"ltp":1.56,"id":40096581}]}]}
{"op":"mcm","clk":"11810803682","pt":1723304397280,"mc":[{"id":"1.231583597","rc":[{"ltp":1.84,"id":40096575},{"ltp":2.18,"id":40096581}]}]}
{"op":"mcm","clk":"11810819716","pt":1723304457241,"mc":[{"id":"1.231583597","rc":[{"ltp":1.5,"id":40096575},{"ltp":3.0,"id":40096581}]}]}
{"op":"mcm","clk":"11810834968","pt":1723304517297,"mc":[{"id":"1.231583597","rc":[{"ltp":1.55,"id":40096575},{"ltp":2.78,"id":40096581}]}]}
{"op":"mcm","clk":"11810849807","pt":1723304577288,"mc":[{"id":"1.231583597","rc":[{"ltp":1.49,"id":40096575},{"ltp":3.05,"id":40096581}]}]}
{"op":"mcm","clk":"11810865202","pt":1723304637221,"mc":[{"id":"1.231583597","rc":[{"ltp":1.51,"id":40096575},{"ltp":3.0,"id":40096581}]}]}
{"op":"mcm","clk":"11810879991","pt":1723304697277,"mc":[{"id":"1.231583597","rc":[{"ltp":1.48,"id":40096575},{"ltp":3.05,"id":40096581}]}]}
{"op":"mcm","clk":"11810894590","pt":1723304757257,"mc":[{"id":"1.231583597","rc":[{"ltp":1.54,"id":40096575},{"ltp":2.84,"id":40096581}]}]}
{"op":"mcm","clk":"11810908892","pt":1723304817226,"mc":[{"id":"1.231583597","rc":[{"ltp":1.52,"id":40096575},{"ltp":3.0,"id":40096581}]}]}
{"op":"mcm","clk":"11810922398","pt":1723304877193,"mc":[{"id":"1.231583597","rc":[{"ltp":1.49,"id":40096575}]}]}
{"op":"mcm","clk":"11810935947","pt":1723304937253,"mc":[{"id":"1.231583597","rc":[{"ltp":1.52,"id":40096575},{"ltp":2.92,"id":40096581}]}]}
{"op":"mcm","clk":"11810949371","pt":1723304997224,"mc":[{"id":"1.231583597","rc":[{"ltp":1.45,"id":40096575},{"ltp":3.2,"id":40096581}]}]}
{"op":"mcm","clk":"11810975424","pt":1723305117312,"mc":[{"id":"1.231583597","rc":[{"ltp":1.43,"id":40096575},{"ltp":3.3,"id":40096581}]}]}
{"op":"mcm","clk":"11810987842","pt":1723305177226,"mc":[{"id":"1.231583597","rc":[{"ltp":1.4,"id":40096575},{"ltp":3.5,"id":40096581}]}]}
{"op":"mcm","clk":"11810999898","pt":1723305237270,"mc":[{"id":"1.231583597","rc":[{"ltp":1.38,"id":40096575},{"ltp":3.55,"id":40096581}]}]}
{"op":"mcm","clk":"11811011068","pt":1723305297314,"mc":[{"id":"1.231583597","rc":[{"ltp":1.53,"id":40096575},{"ltp":2.98,"id":40096581}]}]}
{"op":"mcm","clk":"11811022395","pt":1723305357214,"mc":[{"id":"1.231583597","rc":[{"ltp":1.67,"id":40096575},{"ltp":2.58,"id":40096581}]}]}
{"op":"mcm","clk":"11811032853","pt":1723305417293,"mc":[{"id":"1.231583597","rc":[{"ltp":1.62,"id":40096575},{"ltp":2.64,"id":40096581}]}]}
{"op":"mcm","clk":"11811042883","pt":1723305477297,"mc":[{"id":"1.231583597","rc":[{"ltp":1.46,"id":40096575},{"ltp":3.15,"id":40096581}]}]}
{"op":"mcm","clk":"11811053068","pt":1723305537294,"mc":[{"id":"1.231583597","rc":[{"ltp":1.4,"id":40096575},{"ltp":3.5,"id":40096581}]}]}
{"op":"mcm","clk":"11811063936","pt":1723305597245,"mc":[{"id":"1.231583597","rc":[{"ltp":1.81,"id":40096575},{"ltp":2.26,"id":40096581}]}]}
{"op":"mcm","clk":"11811076072","pt":1723305657296,"mc":[{"id":"1.231583597","rc":[{"ltp":1.88,"id":40096575},{"ltp":2.14,"id":40096581}]}]}
{"op":"mcm","clk":"11811088681","pt":1723305717296,"mc":[{"id":"1.231583597","rc":[{"ltp":1.9,"id":40096575},{"ltp":2.1,"id":40096581}]}]}
{"op":"mcm","clk":"11811100669","pt":1723305777265,"mc":[{"id":"1.231583597","rc":[{"ltp":2.24,"id":40096575},{"ltp":1.8,"id":40096581}]}]}
{"op":"mcm","clk":"11811113035","pt":1723305837316,"mc":[{"id":"1.231583597","rc":[{"ltp":2.12,"id":40096575},{"ltp":1.88,"id":40096581}]}]}
{"op":"mcm","clk":"11811126193","pt":1723305897228,"mc":[{"id":"1.231583597","rc":[{"ltp":2.8,"id":40096575},{"ltp":1.55,"id":40096581}]}]}
{"op":"mcm","clk":"11811139611","pt":1723305957318,"mc":[{"id":"1.231583597","rc":[{"ltp":2.24,"id":40096575},{"ltp":1.8,"id":40096581}]}]}
{"op":"mcm","clk":"11811153485","pt":1723306017273,"mc":[{"id":"1.231583597","rc":[{"ltp":2.68,"id":40096575},{"ltp":1.59,"id":40096581}]}]}
{"op":"mcm","clk":"11811167413","pt":1723306077259,"mc":[{"id":"1.231583597","rc":[{"ltp":1.71,"id":40096575},{"ltp":2.52,"id":40096581}]}]}
{"op":"mcm","clk":"11811182001","pt":1723306137244,"mc":[{"id":"1.231583597","rc":[{"ltp":1.59,"id":40096575},{"ltp":2.68,"id":40096581}]}]}
{"op":"mcm","clk":"11811196519","pt":1723306197224,"mc":[{"id":"1.231583597","rc":[{"ltp":1.79,"id":40096575},{"ltp":2.28,"id":40096581}]}]}
{"op":"mcm","clk":"11811211934","pt":1723306257268,"mc":[{"id":"1.231583597","rc":[{"ltp":1.54,"id":40096575},{"ltp":2.84,"id":40096581}]}]}
{"op":"mcm","clk":"11811226333","pt":1723306317138,"mc":[{"id":"1.231583597","rc":[{"ltp":1.7,"id":40096575},{"ltp":2.42,"id":40096581}]}]}
{"op":"mcm","clk":"11811253927","pt":1723306377317,"mc":[{"id":"1.231583597","rc":[{"ltp":1.62,"id":40096575},{"ltp":2.58,"id":40096581}]}]}
{"op":"mcm","clk":"11811267938","pt":1723306437284,"mc":[{"id":"1.231583597","rc":[{"ltp":2.24,"id":40096575},{"ltp":1.81,"id":40096581}]}]}
{"op":"mcm","clk":"11811282275","pt":1723306497268,"mc":[{"id":"1.231583597","rc":[{"ltp":2.44,"id":40096575},{"ltp":1.69,"id":40096581}]}]}
{"op":"mcm","clk":"11811296913","pt":1723306557226,"mc":[{"id":"1.231583597","rc":[{"ltp":2.06,"id":40096575},{"ltp":1.94,"id":40096581}]}]}
{"op":"mcm","clk":"11811311463","pt":1723306617309,"mc":[{"id":"1.231583597","rc":[{"ltp":2.16,"id":40096575},{"ltp":1.87,"id":40096581}]}]}
{"op":"mcm","clk":"11811325729","pt":1723306677267,"mc":[{"id":"1.231583597","rc":[{"ltp":2.08,"id":40096575},{"ltp":1.93,"id":40096581}]}]}
{"op":"mcm","clk":"11811340082","pt":1723306737224,"mc":[{"id":"1.231583597","rc":[{"ltp":1.84,"id":40096575},{"ltp":2.14,"id":40096581}]}]}
{"op":"mcm","clk":"11811354061","pt":1723306797318,"mc":[{"id":"1.231583597","rc":[{"ltp":2.28,"id":40096575},{"ltp":1.77,"id":40096581}]}]}
{"op":"mcm","clk":"11811368632","pt":1723306857302,"mc":[{"id":"1.231583597","rc":[{"ltp":2.36,"id":40096575},{"ltp":1.72,"id":40096581}]}]}
{"op":"mcm","clk":"11811382747","pt":1723306917313,"mc":[{"id":"1.231583597","rc":[{"ltp":1.53,"id":40096575},{"ltp":2.88,"id":40096581}]}]}
{"op":"mcm","clk":"11811396852","pt":1723306977268,"mc":[{"id":"1.231583597","rc":[{"ltp":1.56,"id":40096575},{"ltp":2.78,"id":40096581}]}]}
{"op":"mcm","clk":"11811411389","pt":1723307037219,"mc":[{"id":"1.231583597","rc":[{"ltp":1.15,"id":40096575},{"ltp":7.6,"id":40096581}]}]}
{"op":"mcm","clk":"11811425394","pt":1723307097272,"mc":[{"id":"1.231583597","rc":[{"ltp":1.04,"id":40096575},{"ltp":34.0,"id":40096581}]}]}
{"op":"mcm","clk":"11811438974","pt":1723307157308,"mc":[{"id":"1.231583597","rc":[{"ltp":1.05,"id":40096575},{"ltp":21.0,"id":40096581}]}]}
{"op":"mcm","clk":"11811452566","pt":1723307217280,"mc":[{"id":"1.231583597","rc":[{"ltp":1.1,"id":40096575},{"ltp":11.0,"id":40096581}]}]}
{"op":"mcm","clk":"11811466016","pt":1723307277248,"mc":[{"id":"1.231583597","rc":[{"ltp":1.02,"id":40096575},{"ltp":55.0,"id":40096581}]}]}
{"op":"mcm","clk":"11811479104","pt":1723307337307,"mc":[{"id":"1.231583597","rc":[{"ltp":1.01,"id":40096575},{"ltp":200.0,"id":40096581}]}]}
{"op":"mcm","clk":"11811491221","pt":1723307396578,"mc":[{"id":"1.231583597","rc":[{"ltp":110.0,"id":40096581}]}]}
{"op":"mcm","clk":"11811504814","pt":1723307455555,"mc":[{"id":"1.231583597","rc":[{"ltp":1000.0,"id":40096581}]}]}
{"op":"mcm","clk":"11811517590","pt":1723307516326,"mc":[{"id":"1.231583597","marketDefinition":{"bspMarket":false,"turnInPlayEnabled":true,"persistenceEnabled":true,"marketBaseRate":5.0,"eventId":"33477708","eventTypeId":"4","numberOfWinners":1,"bettingType":"ODDS","marketType":"MATCH_ODDS","marketTime":"2024-08-10T13:30:00.000Z","suspendTime":"2024-08-10T13:30:00.000Z","bspReconciled":false,"complete":true,"inPlay":true,"crossMatching":true,"runnersVoidable":false,"numberOfActiveRunners":2,"betDelay":5,"status":"SUSPENDED","runners":[{"status":"ACTIVE","sortPriority":1,"id":40096581,"name":"Welsh Fire Women"},{"status":"ACTIVE","sortPriority":2,"id":40096575,"name":"Birmingham Phoenix Women"}],"regulators":["MR_INT"],"countryCode":"GB","discountAllowed":true,"timezone":"GMT","openDate":"2024-08-10T13:30:00.000Z","version":6067020994,"name":"Match Odds","eventName":"Welsh Fire Women v Birmingham Phoenix Women"}}]}
{"op":"mcm","clk":"11811562758","pt":1723307738787,"mc":[{"id":"1.231583597","marketDefinition":{"bspMarket":false,"turnInPlayEnabled":true,"persistenceEnabled":true,"marketBaseRate":5.0,"eventId":"33477708","eventTypeId":"4","numberOfWinners":1,"bettingType":"ODDS","marketType":"MATCH_ODDS","marketTime":"2024-08-10T13:30:00.000Z","suspendTime":"2024-08-10T13:30:00.000Z","bspReconciled":false,"complete":true,"inPlay":true,"crossMatching":false,"runnersVoidable":false,"numberOfActiveRunners":0,"betDelay":5,"status":"CLOSED","settledTime":"2024-08-10T16:34:40.000Z","runners":[{"status":"LOSER","sortPriority":1,"id":40096581,"name":"Welsh Fire Women"},{"status":"WINNER","sortPriority":2,"id":40096575,"name":"Birmingham Phoenix Women"}],"regulators":["MR_INT"],"countryCode":"GB","discountAllowed":true,"timezone":"GMT","openDate":"2024-08-10T13:30:00.000Z","version":6067038590,"name":"Match Odds","eventName":"Welsh Fire Women v Birmingham Phoenix Women"}}]}
