{"op":"mcm","clk":"11915858286","pt":1724068194958,"mc":[{"id":"1.232011680","marketDefinition":{"bspMarket":false,"turnInPlayEnabled":true,"persistenceEnabled":true,"marketBaseRate":5.0,"eventId":"33507998","eventTypeId":"4","numberOfWinners":1,"bettingType":"ODDS","marketType":"MATCH_ODDS","marketTime":"2024-08-19T18:30:00.000Z","suspendTime":"2024-08-19T18:30:00.000Z","bspReconciled":false,"complete":true,"inPlay":false,"crossMatching":true,"runnersVoidable":false,"numberOfActiveRunners":2,"betDelay":0,"status":"OPEN","runners":[{"status":"ACTIVE","sortPriority":1,"id":72857114,"name":"Boca Raton Trailblazers"},{"status":"ACTIVE","sortPriority":2,"id":72857116,"name":"Grand Cayman Stingrays"}],"regulators":["MR_INT"],"countryCode":"GB","discountAllowed":true,"timezone":"GMT","openDate":"2024-08-19T18:30:00.000Z","version":6086344306,"name":"Match Odds","eventName":"Boca Raton Trailblazers v Grand Cayman Stingrays"}}]}
{"op":"mcm","clk":"11916053439","pt":1724071825143,"mc":[{"id":"1.232011680","rc":[{"ltp":1.79,"id":72857114},{"ltp":2.28,"id":72857116}]}]}
{"op":"mcm","clk":"11916282469","pt":1724075502713,"mc":[{"id":"1.232011680","rc":[{"ltp":1.71,"id":72857114}]}]}
{"op":"mcm","clk":"11916950396","pt":1724083546088,"mc":[{"id":"1.232011680","rc":[{"ltp":1.75,"id":72857114}]}]}
{"op":"mcm","clk":"11917024160","pt":1724084076811,"mc":[{"id":"1.232011680","rc":[{"ltp":1.77,"id":72857114},{"ltp":2.3,"id":72857116}]}]}
{"op":"mcm","clk":"11917032619","pt":1724084139852,"mc":[{"id":"1.232011680","rc":[{"ltp":1.76,"id":72857114}]}]}
{"op":"mcm","clk":"11917046515","pt":1724084240035,"mc":[{"id":"1.232011680","rc":[{"ltp":1.77,"id":72857114}]}]}
{"op":"mcm","clk":"11917074062","pt":1724084448026,"mc":[{"id":"1.232011680","rc":[{"ltp":1.75,"id":72857114}]}]}
{"op":"mcm","clk":"11917090145","pt":1724084566995,"mc":[{"id":"1.232011680","rc":[{"ltp":1.73,"id":72857114}]}]}
{"op":"mcm","clk":"11917099024","pt":1724084628764,"mc":[{"id":"1.232011680","rc":[{"ltp":1.71,"id":72857114},{"ltp":2.28,"id":72857116}]}]}
{"op":"mcm","clk":"11917107203","pt":1724084686024,"mc":[{"id":"1.232011680","rc":[{"ltp":1.58,"id":72857114},{"ltp":2.5,"id":72857116}]}]}
{"op":"mcm","clk":"11917114145","pt":1724084740392,"mc":[{"id":"1.232011680","rc":[{"ltp":1.67,"id":72857114}]}]}
{"op":"mcm","clk":"11917122284","pt":1724084805345,"mc":[{"id":"1.232011680","rc":[{"ltp":1.68,"id":72857114}]}]}
{"op":"mcm","clk":"11917129558","pt":1724084858939,"mc":[{"id":"1.232011680","rc":[{"ltp":1.56,"id":72857114}]}]}
{"op":"mcm","clk":"11917137424","pt":1724084917009,"mc":[{"id":"1.232011680","rc":[{"ltp":1.69,"id":72857114}]}]}
{"op":"mcm","clk":"11917147253","pt":1724084987999,"mc":[{"id":"1.232011680","rc":[{"ltp":1.7,"id":72857114}]}]}
{"op":"mcm","clk":"11917155521","pt":1724085044860,"mc":[{"id":"1.232011680","rc":[{"ltp":1.69,"id":72857114}]}]}
{"op":"mcm","clk":"11917164018","pt":1724085108207,"mc":[{"id":"1.232011680","rc":[{"ltp":1.65,"id":72857114}]}]}
{"op":"mcm","clk":"11917179756","pt":1724085228697,"mc":[{"id":"1.232011680","rc":[{"ltp":1.68,"id":72857114},{"ltp":2.48,"id":72857116}]}]}
{"op":"mcm","clk":"11917187640","pt":1724085286602,"mc":[{"id":"1.232011680","rc":[{"ltp":1.67,"id":72857114}]}]}
{"op":"mcm","clk":"11917193765","pt":1724085329825,"mc":[{"id":"1.232011680","rc":[{"ltp":2.54,"id":72857116}]}]}
{"op":"mcm","clk":"11917201342","pt":1724085383711,"mc":[{"id":"1.232011680","rc":[{"ltp":2.52,"id":72857116}]}]}
{"op":"mcm","clk":"11917222073","pt":1724085522837,"mc":[{"id":"1.232011680","rc":[{"ltp":1.72,"id":72857114},{"ltp":2.46,"id":72857116}]}]}
{"op":"mcm","clk":"11917229964","pt":1724085585271,"mc":[{"id":"1.232011680","rc":[{"ltp":1.33,"id":72857114},{"ltp":2.28,"id":72857116}]}]}
{"op":"mcm","clk":"11917237482","pt":1724085647329,"mc":[{"id":"1.232011680","rc":[{"ltp":2.48,"id":72857116}]}]}
{"op":"mcm","clk":"11917252644","pt":1724085764978,"mc":[{"id":"1.232011680","rc":[{"ltp":1.58,"id":72857114}]}]}
{"op":"mcm","clk":"11917260844","pt":1724085828736,"mc":[{"id":"1.232011680","rc":[{"ltp":2.5,"id":72857116}]}]}
{"op":"mcm","clk":"11917268336","pt":1724085885613,"mc":[{"id":"1.232011680","rc":[{"ltp":1.6,"id":72857114}]}]}
{"op":"mcm","clk":"11917275937","pt":1724085942380,"mc":[{"id":"1.232011680","rc":[{"ltp":1.61,"id":72857114},{"ltp":2.48,"id":72857116}]}]}
{"op":"mcm","clk":"11917292425","pt":1724086067159,"mc":[{"id":"1.232011680","rc":[{"ltp":1.67,"id":72857114}]}]}
{"op":"mcm","clk":"11917308233","pt":1724086188806,"mc":[{"id":"1.232011680","rc":[{"ltp":1.61,"id":72857114},{"ltp":2.5,"id":72857116}]}]}
{"op":"mcm","clk":"11917312556","pt":1724086228561,"mc":[{"id":"1.232011680","rc":[{"ltp":1.65,"id":72857114},{"ltp":2.52,"id":72857116}]}]}
{"op":"mcm","clk":"11917326882","pt":1724086367539,"mc":[{"id":"1.232011680","rc":[{"ltp":1.64,"id":72857114},{"ltp":2.54,"id":72857116}]}]}
{"op":"mcm","clk":"11917333734","pt":1724086428390,"mc":[{"id":"1.232011680","rc":[{"ltp":1.65,"id":72857114},{"ltp":2.52,"id":72857116}]}]}
{"op":"mcm","clk":"11917340196","pt":1724086488880,"mc":[{"id":"1.232011680","rc":[{"ltp":1.73,"id":72857114},{"ltp":2.42,"id":72857116}]}]}
{"op":"mcm","clk":"11917347041","pt":1724086545734,"mc":[{"id":"1.232011680","rc":[{"ltp":1.74,"id":72857114},{"ltp":2.34,"id":72857116}]}]}
{"op":"mcm","clk":"11917353951","pt":1724086608510,"mc":[{"id":"1.232011680","rc":[{"ltp":2.4,"id":72857116}]}]}
{"op":"mcm","clk":"11917360027","pt":1724086668497,"mc":[{"id":"1.232011680","rc":[{"ltp":1.71,"id":72857114}]}]}
{"op":"mcm","clk":"11917365762","pt":1724086727570,"mc":[{"id":"1.232011680","rc":[{"ltp":1.76,"id":72857114}]}]}
{"op":"mcm","clk":"11917371323","pt":1724086782772,"mc":[{"id":"1.232011680","rc":[{"ltp":2.38,"id":72857116}]}]}
{"op":"mcm","clk":"11917378535","pt":1724086846247,"mc":[{"id":"1.232011680","rc":[{"ltp":1.75,"id":72857114},{"ltp":2.3,"id":72857116}]}]}
{"op":"mcm","clk":"11917385645","pt":1724086906693,"mc":[{"id":"1.232011680","rc":[{"ltp":1.66,"id":72857114},{"ltp":2.42,"id":72857116}]}]}
{"op":"mcm","clk":"11917392505","pt":1724086962682,"mc":[{"id":"1.232011680","rc":[{"ltp":1.77,"id":72857114},{"ltp":2.38,"id":72857116}]}]}
{"op":"mcm","clk":"11917401700","pt":1724087028286,"mc":[{"id":"1.232011680","rc":[{"ltp":1.72,"id":72857114},{"ltp":2.3,"id":72857116}]}]}
{"op":"mcm","clk":"11917409294","pt":1724087082569,"mc":[{"id":"1.232011680","rc":[{"ltp":1.77,"id":72857114}]}]}
{"op":"mcm","clk":"11917418752","pt":1724087147814,"mc":[{"id":"1.232011680","rc":[{"ltp":2.42,"id":72857116}]}]}
{"op":"mcm","clk":"11917437174","pt":1724087265905,"mc":[{"id":"1.232011680","rc":[{"ltp":2.34,"id":72857116}]}]}
{"op":"mcm","clk":"11917447553","pt":1724087328774,"mc":[{"id":"1.232011680","rc":[{"ltp":2.3,"id":72857116}]}]}
{"op":"mcm","clk":"11917497772","pt":1724087591626,"mc":[{"id":"1.232011680","rc":[{"ltp":2.32,"id":72857116}]}]}
{"op":"mcm","clk":"11917527659","pt":1724087807186,"mc":[{"id":"1.232011680","rc":[{"ltp":1.75,"id":72857114},{"ltp":2.3,"id":72857116}]}]}
{"op":"mcm","clk":"11917532485","pt":1724087840017,"mc":[{"id":"1.232011680","rc":[{"ltp":1.77,"id":72857114}]}]}
{"op":"mcm","clk":"11917560456","pt":1724088047242,"mc":[{"id":"1.232011680","rc":[{"ltp":1.75,"id":72857114},{"ltp":2.28,"id":72857116}]}]}
{"op":"mcm","clk":"11917566605","pt":1724088088397,"mc":[{"id":"1.232011680","rc":[{"ltp":1.77,"id":72857114},{"ltp":2.3,"id":72857116}]}]}
{"op":"mcm","clk":"11917634617","pt":1724088540483,"mc":[{"id":"1.232011680","rc":[{"ltp":1.75,"id":72857114}]}]}
{"op":"mcm","clk":"11917693037","pt":1724088939785,"mc":[{"id":"1.232011680","rc":[{"ltp":1.74,"id":72857114}]}]}
{"op":"mcm","clk":"11917736580","pt":1724089227291,"mc":[{"id":"1.232011680","rc":[{"ltp":1.77,"id":72857114}]}]}
{"op":"mcm","clk":"11917769901","pt":1724089440476,"mc":[{"id":"1.232011680","rc":[{"ltp":2.28,"id":72857116}]}]}
{"op":"mcm","clk":"11917794887","pt":1724089603387,"mc":[{"id":"1.232011680","rc":[{"ltp":1.79,"id":72857114}]}]}
{"op":"mcm","clk":"11917819402","pt":1724089763008,"mc":[{"id":"1.232011680","rc":[{"ltp":1.75,"id":72857114},{"ltp":2.32,"id":72857116}]}]}
{"op":"mcm","clk":"11917828985","pt":1724089836221,"mc":[{"id":"1.232011680","rc":[{"ltp":1.74,"id":72857114},{"ltp":2.34,"id":72857116}]}]}
{"op":"mcm","clk":"11917838615","pt":1724089906870,"mc":[{"id":"1.232011680","rc":[{"ltp":1.72,"id":72857114}]}]}
{"op":"mcm","clk":"11917859564","pt":1724090068982,"mc":[{"id":"1.232011680","rc":[{"ltp":1.74,"id":72857114}]}]}
{"op":"mcm","clk":"11917868471","pt":1724090140187,"mc":[{"id":"1.232011680","rc":[{"ltp":1.72,"id":72857114},{"ltp":2.38,"id":72857116}]}]}
{"op":"mcm","clk":"11917882818","pt":1724090256023,"mc":[{"id":"1.232011680","rc":[{"ltp":1.73,"id":72857114},{"ltp":2.52,"id":72857116}]}]}
{"op":"mcm","clk":"11917925200","pt":1724090568918,"mc":[{"id":"1.232011680","rc":[{"ltp":2.36,"id":72857116}]}]}
{"op":"mcm","clk":"11917933748","pt":1724090628550,"mc":[{"id":"1.232011680","rc":[{"ltp":1.74,"id":72857114},{"ltp":2.5,"id":72857116}]}]}
{"op":"mcm","clk":"11917942224","pt":1724090688904,"mc":[{"id":"1.232011680","rc":[{"ltp":1.78,"id":72857114},{"ltp":2.28,"id":72857116}]}]}
{"op":"mcm","clk":"11917950245","pt":1724090748672,"mc":[{"id":"1.232011680","rc":[{"ltp":1.77,"id":72857114},{"ltp":2.3,"id":72857116}]}]}
{"op":"mcm","clk":"11917958146","pt":1724090808551,"mc":[{"id":"1.232011680","rc":[{"ltp":1.75,"id":72857114},{"ltp":2.28,"id":72857116}]}]}
{"op":"mcm","clk":"11917974370","pt":1724090926905,"mc":[{"id":"1.232011680","rc":[{"ltp":1.83,"id":72857114},{"ltp":2.2,"id":72857116}]}]}
{"op":"mcm","clk":"11917982442","pt":1724090988208,"mc":[{"id":"1.232011680","rc":[{"ltp":1.8,"id":72857114},{"ltp":2.26,"id":72857116}]}]}
{"op":"mcm","clk":"11917990643","pt":1724091048670,"mc":[{"id":"1.232011680","rc":[{"ltp":1.86,"id":72857114},{"ltp":2.16,"id":72857116}]}]}
{"op":"mcm","clk":"11917999178","pt":1724091108231,"mc":[{"id":"1.232011680","rc":[{"ltp":1.92,"id":72857114},{"ltp":2.06,"id":72857116}]}]}
{"op":"mcm","clk":"11918007796","pt":1724091168770,"mc":[{"id":"1.232011680","rc":[{"ltp":2.02,"id":72857114},{"ltp":1.99,"id":72857116}]}]}
{"op":"mcm","clk":"11918017157","pt":1724091228761,"mc":[{"id":"1.232011680","rc":[{"ltp":2.18,"id":72857114},{"ltp":1.84,"id":72857116}]}]}
{"op":"mcm","clk":"11918026305","pt":1724091288684,"mc":[{"id":"1.232011680","rc":[{"ltp":2.16,"id":72857114},{"ltp":1.81,"id":72857116}]}]}
{"op":"mcm","clk":"11918035997","pt":1724091348906,"mc":[{"id":"1.232011680","rc":[{"ltp":2.28,"id":72857114},{"ltp":1.78,"id":72857116}]}]}
{"op":"mcm","clk":"11918045244","pt":1724091408490,"mc":[{"id":"1.232011680","rc":[{"ltp":2.42,"id":72857114},{"ltp":1.72,"id":72857116}]}]}
{"op":"mcm","clk":"11918054256","pt":1724091468803,"mc":[{"id":"1.232011680","rc":[{"ltp":2.2,"id":72857114},{"ltp":1.83,"id":72857116}]}]}
{"op":"mcm","clk":"11918062014","pt":1724091520632,"mc":[{"id":"1.232011680","rc":[{"ltp":2.26,"id":72857114},{"ltp":1.79,"id":72857116}]}]}
{"op":"mcm","clk":"11918072312","pt":1724091586381,"mc":[{"id":"1.232011680","rc":[{"ltp":2.24,"id":72857114},{"ltp":1.82,"id":72857116}]}]}
{"op":"mcm","clk":"11918082398","pt":1724091648391,"mc":[{"id":"1.232011680","rc":[{"ltp":2.2,"id":72857114},{"ltp":1.83,"id":72857116}]}]}
{"op":"mcm","clk":"11918092044","pt":1724091706788,"mc":[{"id":"1.232011680","rc":[{"ltp":2.12,"id":72857114},{"ltp":1.88,"id":72857116}]}]}
{"op":"mcm","clk":"11918101665","pt":1724091767190,"mc":[{"id":"1.232011680","rc":[{"ltp":2.2,"id":72857114},{"ltp":1.82,"id":72857116}]}]}
{"op":"mcm","clk":"11918112319","pt":1724091828851,"mc":[{"id":"1.232011680","rc":[{"ltp":1.79,"id":72857116}]}]}
{"op":"mcm","clk":"11918121799","pt":1724091888087,"mc":[{"id":"1.232011680","rc":[{"ltp":2.26,"id":72857114},{"ltp":1.76,"id":72857116}]}]}
{"op":"mcm","clk":"11918130818","pt":1724091947959,"mc":[{"id":"1.232011680","rc":[{"ltp":1.79,"id":72857116}]}]}
{"op":"mcm","clk":"11918139919","pt":1724092006600,"mc":[{"id":"1.232011680","rc":[{"ltp":2.2,"id":72857114},{"ltp":1.8,"id":72857116}]}]}
{"op":"mcm","clk":"11918148016","pt":1724092059140,"mc":[{"id":"1.232011680","rc":[{"ltp":2.24,"id":72857114}]}]}
{"op":"mcm","clk":"11918159151","pt":1724092128557,"mc":[{"id":"1.232011680","rc":[{"ltp":2.26,"id":72857114},{"ltp":1.79,"id":72857116}]}]}
{"op":"mcm","clk":"11918168911","pt":1724092188571,"mc":[{"id":"1.232011680","rc":[{"ltp":2.3,"id":72857114},{"ltp":1.75,"id":72857116}]}]}
{"op":"mcm","clk":"11918179121","pt":1724092248182,"mc":[{"id":"1.232011680","marketDefinition":{"bspMarket":false,"turnInPlayEnabled":true,"persistenceEnabled":true,"marketBaseRate":5.0,"eventId":"33507998","eventTypeId":"4","numberOfWinners":1,"bettingType":"ODDS","marketType":"MATCH_ODDS","marketTime":"2024-08-19T18:30:00.000Z","suspendTime":"2024-08-19T18:30:00.000Z","bspReconciled":false,"complete":true,"inPlay":true,"crossMatching":true,"runnersVoidable":false,"numberOfActiveRunners":2,"betDelay":5,"status":"OPEN","runners":[{"status":"ACTIVE","sortPriority":1,"id":72857114,"name":"Boca Raton Trailblazers"},{"status":"ACTIVE","sortPriority":2,"id":72857116,"name":"Grand Cayman Stingrays"}],"regulators":["MR_INT"],"countryCode":"GB","discountAllowed":true,"timezone":"GMT","openDate":"2024-08-19T18:30:00.000Z","version":6086777901,"name":"Match Odds","eventName":"Boca Raton Trailblazers v Grand Cayman Stingrays"},"rc":[{"ltp":2.2,"id":72857114},{"ltp":1.8,"id":72857116}]}]}
{"op":"mcm","clk":"11918189948","pt":1724092308761,"mc":[{"id":"1.232011680","rc":[{"ltp":1.9,"id":72857114},{"ltp":2.06,"id":72857116}]}]}
{"op":"mcm","clk":"11918200277","pt":1724092368310,"mc":[{"id":"1.232011680","rc":[{"ltp":1.84,"id":72857114},{"ltp":2.12,"id":72857116}]}]}
{"op":"mcm","clk":"11918210358","pt":1724092428270,"mc":[{"id":"1.232011680","rc":[{"ltp":1.96,"id":72857114},{"ltp":2.04,"id":72857116}]}]}
{"op":"mcm","clk":"11918219804","pt":1724092488136,"mc":[{"id":"1.232011680","rc":[{"ltp":2.14,"id":72857114},{"ltp":1.88,"id":72857116}]}]}
{"op":"mcm","clk":"11918229069","pt":1724092548896,"mc":[{"id":"1.232011680","rc":[{"ltp":1.92,"id":72857114},{"ltp":2.08,"id":72857116}]}]}
{"op":"mcm","clk":"11918237909","pt":1724092607853,"mc":[{"id":"1.232011680","rc":[{"ltp":2.02,"id":72857114},{"ltp":1.98,"id":72857116}]}]}
{"op":"mcm","clk":"11918247565","pt":1724092668897,"mc":[{"id":"1.232011680","rc":[{"ltp":1.94,"id":72857114},{"ltp":2.06,"id":72857116}]}]}
{"op":"mcm","clk":"11918257857","pt":1724092728937,"mc":[{"id":"1.232011680","rc":[{"ltp":2.22,"id":72857114},{"ltp":2.0,"id":72857116}]}]}
{"op":"mcm","clk":"11918267895","pt":1724092788597,"mc":[{"id":"1.232011680","rc":[{"ltp":1.91,"id":72857114},{"ltp":2.02,"id":72857116}]}]}
{"op":"mcm","clk":"11918278064","pt":1724092848415,"mc":[{"id":"1.232011680","rc":[{"ltp":1.92,"id":72857114},{"ltp":2.08,"id":72857116}]}]}
{"op":"mcm","clk":"11918288563","pt":1724092908854,"mc":[{"id":"1.232011680","rc":[{"ltp":1.91,"id":72857114},{"ltp":2.12,"id":72857116}]}]}
{"op":"mcm","clk":"11918298486","pt":1724092968063,"mc":[{"id":"1.232011680","rc":[{"ltp":1.95,"id":72857114},{"ltp":2.06,"id":72857116}]}]}
{"op":"mcm","clk":"11918318389","pt":1724093028455,"mc":[{"id":"1.232011680","rc":[{"ltp":1.96,"id":72857114},{"ltp":2.04,"id":72857116}]}]}
{"op":"mcm","clk":"11918328388","pt":1724093088895,"mc":[{"id":"1.232011680","rc":[{"ltp":2.26,"id":72857114},{"ltp":1.8,"id":72857116}]}]}
{"op":"mcm","clk":"11918338760","pt":1724093148415,"mc":[{"id":"1.232011680","rc":[{"ltp":2.48,"id":72857114},{"ltp":1.66,"id":72857116}]}]}
{"op":"mcm","clk":"11918350804","pt":1724093207864,"mc":[{"id":"1.232011680","rc":[{"ltp":2.52,"id":72857114},{"ltp":1.65,"id":72857116}]}]}
{"op":"mcm","clk":"11918360886","pt":1724093268920,"mc":[{"id":"1.232011680","rc":[{"ltp":2.6,"id":72857114},{"ltp":1.62,"id":72857116}]}]}
{"op":"mcm","clk":"11918370302","pt":1724093328834,"mc":[{"id":"1.232011680","rc":[{"ltp":2.82,"id":72857114},{"ltp":1.55,"id":72857116}]}]}
{"op":"mcm","clk":"11918379925","pt":1724093388698,"mc":[{"id":"1.232011680","rc":[{"ltp":2.66,"id":72857114},{"ltp":1.65,"id":72857116}]}]}
{"op":"mcm","clk":"11918389031","pt":1724093448336,"mc":[{"id":"1.232011680","rc":[{"ltp":2.32,"id":72857114},{"ltp":1.77,"id":72857116}]}]}
{"op":"mcm","clk":"11918398528","pt":1724093508593,"mc":[{"id":"1.232011680","rc":[{"ltp":2.38,"id":72857114},{"ltp":1.72,"id":72857116}]}]}
{"op":"mcm","clk":"11918407465","pt":1724093568794,"mc":[{"id":"1.232011680","rc":[{"ltp":1.74,"id":72857116}]}]}
{"op":"mcm","clk":"11918416364","pt":1724093628773,"mc":[{"id":"1.232011680","rc":[{"ltp":3.0,"id":72857114},{"ltp":1.53,"id":72857116}]}]}
{"op":"mcm","clk":"11918424736","pt":1724093688616,"mc":[{"id":"1.232011680","rc":[{"ltp":3.1,"id":72857114},{"ltp":1.47,"id":72857116}]}]}
{"op":"mcm","clk":"11918432906","pt":1724093748263,"mc":[{"id":"1.232011680","rc":[{"ltp":3.0,"id":72857114},{"ltp":1.5,"id":72857116}]}]}
{"op":"mcm","clk":"11918440881","pt":1724093808194,"mc":[{"id":"1.232011680","rc":[{"ltp":2.9,"id":72857114},{"ltp":1.53,"id":72857116}]}]}
{"op":"mcm","clk":"11918448667","pt":1724093868469,"mc":[{"id":"1.232011680","rc":[{"ltp":3.05,"id":72857114},{"ltp":1.48,"id":72857116}]}]}
{"op":"mcm","clk":"11918456346","pt":1724093928931,"mc":[{"id":"1.232011680","rc":[{"ltp":1.53,"id":72857116}]}]}
{"op":"mcm","clk":"11918463811","pt":1724093988106,"mc":[{"id":"1.232011680","rc":[{"ltp":2.78,"id":72857114},{"ltp":1.56,"id":72857116}]}]}
{"op":"mcm","clk":"11918470811","pt":1724094048795,"mc":[{"id":"1.232011680","rc":[{"ltp":2.74,"id":72857114},{"ltp":1.57,"id":72857116}]}]}
{"op":"mcm","clk":"11918478145","pt":1724094108941,"mc":[{"id":"1.232011680","rc":[{"ltp":3.3,"id":72857114},{"ltp":1.43,"id":72857116}]}]}
{"op":"mcm","clk":"11918485251","pt":1724094168908,"mc":[{"id":"1.232011680","rc":[{"ltp":3.05,"id":72857114},{"ltp":1.48,"id":72857116}]}]}
{"op":"mcm","clk":"11918499411","pt":1724094288917,"mc":[{"id":"1.232011680","rc":[{"ltp":2.78,"id":72857114},{"ltp":1.56,"id":72857116}]}]}
{"op":"mcm","clk":"11918507069","pt":1724094348847,"mc":[{"id":"1.232011680","rc":[{"ltp":2.28,"id":72857114},{"ltp":1.76,"id":72857116}]}]}
{"op":"mcm","clk":"11918514464","pt":1724094408912,"mc":[{"id":"1.232011680","rc":[{"ltp":2.26,"id":72857114},{"ltp":1.82,"id":72857116}]}]}
{"op":"mcm","clk":"11918521446","pt":1724094467862,"mc":[{"id":"1.232011680","rc":[{"ltp":2.24,"id":72857114},{"ltp":1.8,"id":72857116}]}]}
{"op":"mcm","clk":"11918528997","pt":1724094528733,"mc":[{"id":"1.232011680","rc":[{"ltp":2.2,"id":72857114},{"ltp":1.86,"id":72857116}]}]}
{"op":"mcm","clk":"11918536818","pt":1724094588786,"mc":[{"id":"1.232011680","rc":[{"ltp":2.0,"id":72857114},{"ltp":2.0,"id":72857116}]}]}
{"op":"mcm","clk":"11918545570","pt":1724094648883,"mc":[{"id":"1.232011680","rc":[{"ltp":1.93,"id":72857114},{"ltp":2.08,"id":72857116}]}]}
{"op":"mcm","clk":"11918554124","pt":1724094708845,"mc":[{"id":"1.232011680","rc":[{"ltp":2.06,"id":72857114},{"ltp":1.89,"id":72857116}]}]}
{"op":"mcm","clk":"11918562704","pt":1724094767995,"mc":[{"id":"1.232011680","rc":[{"ltp":2.12,"id":72857114},{"ltp":1.88,"id":72857116}]}]}
{"op":"mcm","clk":"11918571081","pt":1724094828276,"mc":[{"id":"1.232011680","rc":[{"ltp":2.04,"id":72857114},{"ltp":1.91,"id":72857116}]}]}
{"op":"mcm","clk":"11918579624","pt":1724094888612,"mc":[{"id":"1.232011680","rc":[{"ltp":2.14,"id":72857114},{"ltp":1.87,"id":72857116}]}]}
{"op":"mcm","clk":"11918588520","pt":1724094948504,"mc":[{"id":"1.232011680","rc":[{"ltp":1.86,"id":72857116}]}]}
{"op":"mcm","clk":"11918596944","pt":1724095008189,"mc":[{"id":"1.232011680","rc":[{"ltp":1.9,"id":72857116}]}]}
{"op":"mcm","clk":"11918605375","pt":1724095068768,"mc":[{"id":"1.232011680","rc":[{"ltp":1.86,"id":72857116}]}]}
{"op":"mcm","clk":"11918613974","pt":1724095128933,"mc":[{"id":"1.232011680","rc":[{"ltp":2.16,"id":72857114},{"ltp":1.84,"id":72857116}]}]}
{"op":"mcm","clk":"11918622129","pt":1724095188662,"mc":[{"id":"1.232011680","rc":[{"ltp":2.2,"id":72857114}]}]}
{"op":"mcm","clk":"11918630594","pt":1724095248456,"mc":[{"id":"1.232011680","rc":[{"ltp":1.82,"id":72857116}]}]}
{"op":"mcm","clk":"11918638790","pt":1724095308675,"mc":[{"id":"1.232011680","rc":[{"ltp":1.8,"id":72857116}]}]}
{"op":"mcm","clk":"11918647311","pt":1724095368547,"mc":[{"id":"1.232011680","rc":[{"ltp":1.83,"id":72857116}]}]}
{"op":"mcm","clk":"11918656378","pt":1724095428039,"mc":[{"id":"1.232011680","rc":[{"ltp":1.82,"id":72857116}]}]}
{"op":"mcm","clk":"11918665242","pt":1724095488581,"mc":[{"id":"1.232011680","rc":[{"ltp":2.16,"id":72857114},{"ltp":1.85,"id":72857116}]}]}
{"op":"mcm","clk":"11918673226","pt":1724095544762,"mc":[{"id":"1.232011680","rc":[{"ltp":1.84,"id":72857116}]}]}
{"op":"mcm","clk":"11918682016","pt":1724095606121,"mc":[{"id":"1.232011680","rc":[{"ltp":2.18,"id":72857114}]}]}
{"op":"mcm","clk":"11918690629","pt":1724095665913,"mc":[{"id":"1.232011680","rc":[{"ltp":2.16,"id":72857114}]}]}
{"op":"mcm","clk":"11918699454","pt":1724095725764,"mc":[{"id":"1.232011680","rc":[{"ltp":2.18,"id":72857114},{"ltp":1.82,"id":72857116}]}]}
{"op":"mcm","clk":"11918708261","pt":1724095788861,"mc":[{"id":"1.232011680","rc":[{"ltp":2.16,"id":72857114},{"ltp":1.83,"id":72857116}]}]}
{"op":"mcm","clk":"11918717154","pt":1724095847340,"mc":[{"id":"1.232011680","rc":[{"ltp":2.2,"id":72857114},{"ltp":1.79,"id":72857116}]}]}
{"op":"mcm","clk":"11918725976","pt":1724095908899,"mc":[{"id":"1.232011680","rc":[{"ltp":2.28,"id":72857114},{"ltp":1.78,"id":72857116}]}]}
{"op":"mcm","clk":"11918734579","pt":1724095968537,"mc":[{"id":"1.232011680","rc":[{"ltp":2.24,"id":72857114},{"ltp":1.82,"id":72857116}]}]}
{"op":"mcm","clk":"11918743623","pt":1724096028115,"mc":[{"id":"1.232011680","rc":[{"ltp":2.2,"id":72857114},{"ltp":1.83,"id":72857116}]}]}
{"op":"mcm","clk":"11918751285","pt":1724096083852,"mc":[{"id":"1.232011680","rc":[{"ltp":1.82,"id":72857116}]}]}
{"op":"mcm","clk":"11918767603","pt":1724096208363,"mc":[{"id":"1.232011680","rc":[{"ltp":2.16,"id":72857114},{"ltp":1.86,"id":72857116}]}]}
{"op":"mcm","clk":"11918783688","pt":1724096328578,"mc":[{"id":"1.232011680","rc":[{"ltp":1.83,"id":72857116}]}]}
{"op":"mcm","clk":"11918791628","pt":1724096387521,"mc":[{"id":"1.232011680","rc":[{"ltp":2.18,"id":72857114},{"ltp":1.84,"id":72857116}]}]}
{"op":"mcm","clk":"11918799984","pt":1724096447684,"mc":[{"id":"1.232011680","rc":[{"ltp":2.2,"id":72857114},{"ltp":1.83,"id":72857116}]}]}
{"op":"mcm","clk":"11918808636","pt":1724096508788,"mc":[{"id":"1.232011680","rc":[{"ltp":2.22,"id":72857114}]}]}
{"op":"mcm","clk":"11918816928","pt":1724096568871,"mc":[{"id":"1.232011680","rc":[{"ltp":1.79,"id":72857116}]}]}
{"op":"mcm","clk":"11918825617","pt":1724096628458,"mc":[{"id":"1.232011680","rc":[{"ltp":2.16,"id":72857114},{"ltp":1.85,"id":72857116}]}]}
{"op":"mcm","clk":"11918842331","pt":1724096747687,"mc":[{"id":"1.232011680","rc":[{"ltp":2.18,"id":72857114}]}]}
{"op":"mcm","clk":"11918850272","pt":1724096807558,"mc":[{"id":"1.232011680","rc":[{"ltp":2.16,"id":72857114},{"ltp":1.82,"id":72857116}]}]}
{"op":"mcm","clk":"11918859659","pt":1724096865452,"mc":[{"id":"1.232011680","rc":[{"ltp":2.18,"id":72857114},{"ltp":1.84,"id":72857116}]}]}
{"op":"mcm","clk":"11918868373","pt":1724096926278,"mc":[{"id":"1.232011680","rc":[{"ltp":2.16,"id":72857114},{"ltp":1.82,"id":72857116}]}]}
{"op":"mcm","clk":"11918877391","pt":1724096988566,"mc":[{"id":"1.232011680","rc":[{"ltp":1.84,"id":72857116}]}]}
{"op":"mcm","clk":"11918885417","pt":1724097048858,"mc":[{"id":"1.232011680","rc":[{"ltp":2.26,"id":72857114},{"ltp":1.8,"id":72857116}]}]}
{"op":"mcm","clk":"11918893945","pt":1724097107022,"mc":[{"id":"1.232011680","rc":[{"ltp":1.75,"id":72857116}]}]}
{"op":"mcm","clk":"11918902093","pt":1724097168892,"mc":[{"id":"1.232011680","rc":[{"ltp":2.34,"id":72857114},{"ltp":1.6,"id":72857116}]}]}
{"op":"mcm","clk":"11918909685","pt":1724097228047,"mc":[{"id":"1.232011680","rc":[{"ltp":1.74,"id":72857116}]}]}
{"op":"mcm","clk":"11918916651","pt":1724097288130,"mc":[{"id":"1.232011680","rc":[{"ltp":2.42,"id":72857114},{"ltp":1.73,"id":72857116}]}]}
{"op":"mcm","clk":"11918923950","pt":1724097348204,"mc":[{"id":"1.232011680","rc":[{"ltp":1.71,"id":72857116}]}]}
{"op":"mcm","clk":"11918930754","pt":1724097405076,"mc":[{"id":"1.232011680","rc":[{"ltp":1.66,"id":72857116}]}]}
{"op":"mcm","clk":"11918938242","pt":1724097467355,"mc":[{"id":"1.232011680","rc":[{"ltp":2.46,"id":72857114},{"ltp":1.68,"id":72857116}]}]}
{"op":"mcm","clk":"11918951310","pt":1724097584819,"mc":[{"id":"1.232011680","rc":[{"ltp":1.65,"id":72857116}]}]}
{"op":"mcm","clk":"11918963870","pt":1724097708171,"mc":[{"id":"1.232011680","rc":[{"ltp":2.5,"id":72857114},{"ltp":1.66,"id":72857116}]}]}
{"op":"mcm","clk":"11918969592","pt":1724097768521,"mc":[{"id":"1.232011680","rc":[{"ltp":2.76,"id":72857114},{"ltp":1.57,"id":72857116}]}]}
{"op":"mcm","clk":"11918974950","pt":1724097827787,"mc":[{"id":"1.232011680","rc":[{"ltp":2.5,"id":72857114},{"ltp":1.53,"id":72857116}]}]}
{"op":"mcm","clk":"11918984760","pt":1724097947142,"mc":[{"id":"1.232011680","rc":[{"ltp":1.66,"id":72857116}]}]}
{"op":"mcm","clk":"11918999103","pt":1724098128346,"mc":[{"id":"1.232011680","rc":[{"ltp":2.56,"id":72857114},{"ltp":1.63,"id":72857116}]}]}
{"op":"mcm","clk":"11919007615","pt":1724098241444,"mc":[{"id":"1.232011680","rc":[{"ltp":2.58,"id":72857114}]}]}
{"op":"mcm","clk":"11919012446","pt":1724098304437,"mc":[{"id":"1.232011680","rc":[{"ltp":2.82,"id":72857114},{"ltp":1.55,"id":72857116}]}]}
{"op":"mcm","clk":"11919017132","pt":1724098357202,"mc":[{"id":"1.232011680","rc":[{"ltp":2.58,"id":72857114},{"ltp":1.64,"id":72857116}]}]}
{"op":"mcm","clk":"11919032960","pt":1724098428682,"mc":[{"id":"1.232011680","rc":[{"ltp":2.72,"id":72857114},{"ltp":1.58,"id":72857116}]}]}
{"op":"mcm","clk":"11919038197","pt":1724098488935,"mc":[{"id":"1.232011680","rc":[{"ltp":1.66,"id":72857116}]}]}
{"op":"mcm","clk":"11919042438","pt":1724098535886,"mc":[{"id":"1.232011680","rc":[{"ltp":1.68,"id":72857116}]}]}
{"op":"mcm","clk":"11919048562","pt":1724098608450,"mc":[{"id":"1.232011680","rc":[{"ltp":2.46,"id":72857114}]}]}
{"op":"mcm","clk":"11919052639","pt":1724098657711,"mc":[{"id":"1.232011680","rc":[{"ltp":1.65,"id":72857116}]}]}
{"op":"mcm","clk":"11919060561","pt":1724098749017,"mc":[{"id":"1.232011680","rc":[{"ltp":1.68,"id":72857116}]}]}
{"op":"mcm","clk":"11919070096","pt":1724098847108,"mc":[{"id":"1.232011680","rc":[{"ltp":1.65,"id":72857116}]}]}
{"op":"mcm","clk":"11919076331","pt":1724098908380,"mc":[{"id":"1.232011680","rc":[{"ltp":1.64,"id":72857116}]}]}
{"op":"mcm","clk":"11919082509","pt":1724098968831,"mc":[{"id":"1.232011680","rc":[{"ltp":2.52,"id":72857114},{"ltp":1.65,"id":72857116}]}]}
{"op":"mcm","clk":"11919088493","pt":1724099028707,"mc":[{"id":"1.232011680","rc":[{"ltp":1.64,"id":72857116}]}]}
{"op":"mcm","clk":"11919094330","pt":1724099088294,"mc":[{"id":"1.232011680","rc":[{"ltp":1.87,"id":72857116}]}]}
{"op":"mcm","clk":"11919099819","pt":1724099147037,"mc":[{"id":"1.232011680","rc":[{"ltp":1.7,"id":72857116}]}]}
{"op":"mcm","clk":"11919105477","pt":1724099208500,"mc":[{"id":"1.232011680","rc":[{"ltp":2.14,"id":72857114},{"ltp":1.87,"id":72857116}]}]}
{"op":"mcm","clk":"11919110709","pt":1724099267297,"mc":[{"id":"1.232011680","rc":[{"ltp":1.7,"id":72857116}]}]}
{"op":"mcm","clk":"11919114556","pt":1724099310727,"mc":[{"id":"1.232011680","rc":[{"ltp":1.71,"id":72857116}]}]}
{"op":"mcm","clk":"11919126387","pt":1724099444958,"mc":[{"id":"1.232011680","marketDefinition":{"bspMarket":false,"turnInPlayEnabled":true,"persistenceEnabled":true,"marketBaseRate":5.0,"eventId":"33507998","eventTypeId":"4","numberOfWinners":1,"bettingType":"ODDS","marketType":"MATCH_ODDS","marketTime":"2024-08-19T18:30:00.000Z","suspendTime":"2024-08-19T18:30:00.000Z","bspReconciled":false,"complete":true,"inPlay":true,"crossMatching":true,"runnersVoidable":false,"numberOfActiveRunners":2,"betDelay":5,"status":"SUSPENDED","runners":[{"status":"ACTIVE","sortPriority":1,"id":72857114,"name":"Boca Raton Trailblazers"},{"status":"ACTIVE","sortPriority":2,"id":72857116,"name":"Grand Cayman Stingrays"}],"regulators":["MR_INT"],"countryCode":"GB","discountAllowed":true,"timezone":"GMT","openDate":"2024-08-19T18:30:00.000Z","version":6086985578,"name":"Match Odds","eventName":"Boca Raton Trailblazers v Grand Cayman Stingrays"}}]}
{"op":"mcm","clk":"11919138839","pt":1724099596431,"mc":[{"id":"1.232011680","marketDefinition":{"bspMarket":false,"turnInPlayEnabled":true,"persistenceEnabled":true,"marketBaseRate":5.0,"eventId":"33507998","eventTypeId":"4","numberOfWinners":1,"bettingType":"ODDS","marketType":"MATCH_ODDS","marketTime":"2024-08-19T18:30:00.000Z","suspendTime":"2024-08-19T18:30:00.000Z","bspReconciled":false,"complete":true,"inPlay":true,"crossMatching":false,"runnersVoidable":false,"numberOfActiveRunners":0,"betDelay":5,"status":"CLOSED","settledTime":"2024-08-19T20:33:10.000Z","runners":[{"status":"REMOVED","sortPriority":1,"removalDate":"2024-08-19T20:33:10.000Z","id":72857114,"name":"Boca Raton Trailblazers"},{"status":"REMOVED","sortPriority":2,"removalDate":"2024-08-19T20:33:10.000Z","id":72857116,"name":"Grand Cayman Stingrays"}],"regulators":["MR_INT"],"countryCode":"GB","discountAllowed":true,"timezone":"GMT","openDate":"2024-08-19T18:30:00.000Z","version":6086988824,"name":"Match Odds","eventName":"Boca Raton Trailblazers v Grand Cayman Stingrays"}}]}
