{"op":"mcm","clk":"11784360437","pt":1722792447795,"mc":[{"id":"1.231453171","marketDefinition":{"bspMarket":false,"turnInPlayEnabled":true,"persistenceEnabled":true,"marketBaseRate":5.0,"eventId":"33468214","eventTypeId":"4","numberOfWinners":1,"bettingType":"ODDS","marketType":"MATCH_ODDS","marketTime":"2024-08-07T09:00:00.000Z","suspendTime":"2024-08-07T09:00:00.000Z","bspReconciled":false,"complete":true,"inPlay":false,"crossMatching":true,"runnersVoidable":false,"numberOfActiveRunners":2,"betDelay":0,"status":"OPEN","runners":[{"status":"ACTIVE","sortPriority":1,"id":7337,"name":"Sri Lanka"},{"status":"ACTIVE","sortPriority":2,"id":414464,"name":"India"}],"regulators":["MR_INT"],"countryCode":"GB","discountAllowed":true,"timezone":"GMT","openDate":"2024-08-07T09:00:00.000Z","version":6057248097,"name":"Match Odds","eventName":"Sri Lanka v India"}}]}
{"op":"mcm","clk":"11785758217","pt":1722801628676,"mc":[{"id":"1.231453171","rc":[{"ltp":1.32,"id":414464},{"ltp":4.2,"id":7337}]}]}
{"op":"mcm","clk":"11785820763","pt":1722802113439,"mc":[{"id":"1.231453171","rc":[{"ltp":1.33,"id":414464}]}]}
{"op":"mcm","clk":"11785893572","pt":1722802580805,"mc":[{"id":"1.231453171","rc":[{"ltp":1.32,"id":414464}]}]}
{"op":"mcm","clk":"11785927495","pt":1722802795918,"mc":[{"id":"1.231453171","rc":[{"ltp":4.1,"id":7337}]}]}
{"op":"mcm","clk":"11786083599","pt":1722803848438,"mc":[{"id":"1.231453171","rc":[{"ltp":1.33,"id":414464}]}]}
{"op":"mcm","clk":"11786931535","pt":1722818024724,"mc":[{"id":"1.231453171","rc":[{"ltp":1.34,"id":414464},{"ltp":4.0,"id":7337}]}]}
{"op":"mcm","clk":"11787090705","pt":1722822889143,"mc":[{"id":"1.231453171","rc":[{"ltp":1.33,"id":414464},{"ltp":4.1,"id":7337}]}]}
{"op":"mcm","clk":"11787258529","pt":1722829443282,"mc":[{"id":"1.231453171","rc":[{"ltp":3.9,"id":7337}]}]}
{"op":"mcm","clk":"11787591789","pt":1722844528383,"mc":[{"id":"1.231453171","rc":[{"ltp":4.0,"id":7337}]}]}
{"op":"mcm","clk":"11787604962","pt":1722844987248,"mc":[{"id":"1.231453171","rc":[{"ltp":1.34,"id":414464}]}]}
{"op":"mcm","clk":"11787743798","pt":1722848540412,"mc":[{"id":"1.231453171","rc":[{"ltp":1.33,"id":414464}]}]}
{"op":"mcm","clk":"11787748848","pt":1722848667084,"mc":[{"id":"1.231453171","rc":[{"ltp":3.9,"id":7337}]}]}
{"op":"mcm","clk":"11787812339","pt":1722849801895,"mc":[{"id":"1.231453171","rc":[{"ltp":1.34,"id":414464}]}]}
{"op":"mcm","clk":"11787829378","pt":1722850091252,"mc":[{"id":"1.231453171","rc":[{"ltp":3.95,"id":7337}]}]}
{"op":"mcm","clk":"11787839362","pt":1722850264764,"mc":[{"id":"1.231453171","rc":[{"ltp":4.0,"id":7337}]}]}
{"op":"mcm","clk":"11788025768","pt":1722853325208,"mc":[{"id":"1.231453171","rc":[{"ltp":1.33,"id":414464}]}]}
{"op":"mcm","clk":"11788038728","pt":1722853527124,"mc":[{"id":"1.231453171","rc":[{"ltp":1.34,"id":414464}]}]}
{"op":"mcm","clk":"11788234897","pt":1722856618898,"mc":[{"id":"1.231453171","rc":[{"ltp":1.33,"id":414464}]}]}
{"op":"mcm","clk":"11788610909","pt":1722862919095,"mc":[{"id":"1.231453171","rc":[{"ltp":1.34,"id":414464}]}]}
{"op":"mcm","clk":"11789133381","pt":1722870067966,"mc":[{"id":"1.231453171","rc":[{"ltp":1.33,"id":414464}]}]}
{"op":"mcm","clk":"11789152672","pt":1722870322231,"mc":[{"id":"1.231453171","rc":[{"ltp":3.95,"id":7337}]}]}
{"op":"mcm","clk":"11789188164","pt":1722870752623,"mc":[{"id":"1.231453171","rc":[{"ltp":1.34,"id":414464}]}]}
{"op":"mcm","clk":"11789215877","pt":1722870982484,"mc":[{"id":"1.231453171","rc":[{"ltp":3.9,"id":7337}]}]}
{"op":"mcm","clk":"11789330060","pt":1722872168607,"mc":[{"id":"1.231453171","rc":[{"ltp":1.33,"id":414464}]}]}
{"op":"mcm","clk":"11790849770","pt":1722886383649,"mc":[{"id":"1.231453171","rc":[{"ltp":1.34,"id":414464}]}]}
{"op":"mcm","clk":"11791021115","pt":1722888432633,"mc":[{"id":"1.231453171","rc":[{"ltp":1.35,"id":414464}]}]}
{"op":"mcm","clk":"11791162334","pt":1722890692096,"mc":[{"id":"1.231453171","rc":[{"ltp":1.34,"id":414464}]}]}
{"op":"mcm","clk":"11791571506","pt":1722901860001,"mc":[{"id":"1.231453171","rc":[{"ltp":1.35,"id":414464}]}]}
{"op":"mcm","clk":"11791659714","pt":1722903611354,"mc":[{"id":"1.231453171","rc":[{"ltp":1.34,"id":414464}]}]}
{"op":"mcm","clk":"11792525936","pt":1722927791135,"mc":[{"id":"1.231453171","rc":[{"ltp":3.95,"id":7337}]}]}
{"op":"mcm","clk":"11792555779","pt":1722929096720,"mc":[{"id":"1.231453171","rc":[{"ltp":3.9,"id":7337}]}]}
{"op":"mcm","clk":"11792609655","pt":1722931224643,"mc":[{"id":"1.231453171","rc":[{"ltp":1.33,"id":414464}]}]}
{"op":"mcm","clk":"11792701432","pt":1722934206528,"mc":[{"id":"1.231453171","rc":[{"ltp":4.0,"id":7337}]}]}
{"op":"mcm","clk":"11792900498","pt":1722938324759,"mc":[{"id":"1.231453171","rc":[{"ltp":1.34,"id":414464}]}]}
{"op":"mcm","clk":"11793319537","pt":1722944106258,"mc":[{"id":"1.231453171","rc":[{"ltp":3.9,"id":7337}]}]}
{"op":"mcm","clk":"11793443063","pt":1722945863548,"mc":[{"id":"1.231453171","rc":[{"ltp":1.33,"id":414464}]}]}
{"op":"mcm","clk":"11794076222","pt":1722957618215,"mc":[{"id":"1.231453171","rc":[{"ltp":1.34,"id":414464}]}]}
{"op":"mcm","clk":"11794230881","pt":1722960207817,"mc":[{"id":"1.231453171","rc":[{"ltp":1.33,"id":414464}]}]}
{"op":"mcm","clk":"11794234378","pt":1722960263817,"mc":[{"id":"1.231453171","rc":[{"ltp":1.34,"id":414464},{"ltp":4.0,"id":7337}]}]}
{"op":"mcm","clk":"11794274689","pt":1722960908427,"mc":[{"id":"1.231453171","rc":[{"ltp":3.9,"id":7337}]}]}
{"op":"mcm","clk":"11794410302","pt":1722962908888,"mc":[{"id":"1.231453171","rc":[{"ltp":1.33,"id":414464},{"ltp":4.0,"id":7337}]}]}
{"op":"mcm","clk":"11794417474","pt":1722963019683,"mc":[{"id":"1.231453171","rc":[{"ltp":4.2,"id":7337}]}]}
{"op":"mcm","clk":"11794507807","pt":1722964264919,"mc":[{"id":"1.231453171","rc":[{"ltp":4.0,"id":7337}]}]}
{"op":"mcm","clk":"11794580504","pt":1722965278023,"mc":[{"id":"1.231453171","rc":[{"ltp":1.32,"id":414464}]}]}
{"op":"mcm","clk":"11794599273","pt":1722965545133,"mc":[{"id":"1.231453171","rc":[{"ltp":1.33,"id":414464}]}]}
{"op":"mcm","clk":"11794676899","pt":1722966433382,"mc":[{"id":"1.231453171","rc":[{"ltp":1.32,"id":414464}]}]}
{"op":"mcm","clk":"11795010891","pt":1722969731036,"mc":[{"id":"1.231453171","rc":[{"ltp":1.33,"id":414464}]}]}
{"op":"mcm","clk":"11795099619","pt":1722970708914,"mc":[{"id":"1.231453171","rc":[{"ltp":1.32,"id":414464}]}]}
{"op":"mcm","clk":"11795158766","pt":1722971368056,"mc":[{"id":"1.231453171","rc":[{"ltp":4.2,"id":7337}]}]}
{"op":"mcm","clk":"11795210409","pt":1722971876854,"mc":[{"id":"1.231453171","rc":[{"ltp":1.33,"id":414464}]}]}
{"op":"mcm","clk":"11795223128","pt":1722971993589,"mc":[{"id":"1.231453171","rc":[{"ltp":1.32,"id":414464}]}]}
{"op":"mcm","clk":"11795237039","pt":1722972126533,"mc":[{"id":"1.231453171","rc":[{"ltp":4.0,"id":7337}]}]}
{"op":"mcm","clk":"11795251467","pt":1722972266729,"mc":[{"id":"1.231453171","rc":[{"ltp":1.33,"id":414464}]}]}
{"op":"mcm","clk":"11795284908","pt":1722972624141,"mc":[{"id":"1.231453171","rc":[{"ltp":1.32,"id":414464}]}]}
{"op":"mcm","clk":"11795325078","pt":1722973048578,"mc":[{"id":"1.231453171","rc":[{"ltp":1.31,"id":414464}]}]}
{"op":"mcm","clk":"11795412139","pt":1722973824098,"mc":[{"id":"1.231453171","rc":[{"ltp":1.33,"id":414464},{"ltp":4.1,"id":7337}]}]}
{"op":"mcm","clk":"11795442388","pt":1722974177184,"mc":[{"id":"1.231453171","rc":[{"ltp":4.0,"id":7337}]}]}
{"op":"mcm","clk":"11795447597","pt":1722974241646,"mc":[{"id":"1.231453171","rc":[{"ltp":1.32,"id":414464},{"ltp":4.1,"id":7337}]}]}
{"op":"mcm","clk":"11795481629","pt":1722974682291,"mc":[{"id":"1.231453171","rc":[{"ltp":4.0,"id":7337}]}]}
{"op":"mcm","clk":"11795550364","pt":1722975666215,"mc":[{"id":"1.231453171","rc":[{"ltp":1.33,"id":414464}]}]}
{"op":"mcm","clk":"11795622851","pt":1722976808036,"mc":[{"id":"1.231453171","rc":[{"ltp":4.1,"id":7337}]}]}
{"op":"mcm","clk":"11795661964","pt":1722977466210,"mc":[{"id":"1.231453171","rc":[{"ltp":1.32,"id":414464}]}]}
{"op":"mcm","clk":"11795694198","pt":1722977998633,"mc":[{"id":"1.231453171","rc":[{"ltp":1.33,"id":414464}]}]}
{"op":"mcm","clk":"11795751675","pt":1722979030793,"mc":[{"id":"1.231453171","rc":[{"ltp":1.32,"id":414464}]}]}
{"op":"mcm","clk":"11795763334","pt":1722979266011,"mc":[{"id":"1.231453171","rc":[{"ltp":1.33,"id":414464}]}]}
{"op":"mcm","clk":"11795797182","pt":1722980007730,"mc":[{"id":"1.231453171","rc":[{"ltp":1.32,"id":414464}]}]}
{"op":"mcm","clk":"11795856834","pt":1722981233777,"mc":[{"id":"1.231453171","rc":[{"ltp":1.31,"id":414464}]}]}
{"op":"mcm","clk":"11795991455","pt":1722984725873,"mc":[{"id":"1.231453171","rc":[{"ltp":1.32,"id":414464}]}]}
{"op":"mcm","clk":"11796093899","pt":1722987148614,"mc":[{"id":"1.231453171","rc":[{"ltp":1.31,"id":414464}]}]}
{"op":"mcm","clk":"11796119262","pt":1722987680390,"mc":[{"id":"1.231453171","rc":[{"ltp":1.32,"id":414464}]}]}
{"op":"mcm","clk":"11796159598","pt":1722988482217,"mc":[{"id":"1.231453171","rc":[{"ltp":1.31,"id":414464}]}]}
{"op":"mcm","clk":"11796185635","pt":1722989061848,"mc":[{"id":"1.231453171","rc":[{"ltp":1.32,"id":414464}]}]}
{"op":"mcm","clk":"11796242451","pt":1722990138279,"mc":[{"id":"1.231453171","rc":[{"ltp":1.31,"id":414464}]}]}
{"op":"mcm","clk":"11796318451","pt":1722992212256,"mc":[{"id":"1.231453171","rc":[{"ltp":1.32,"id":414464}]}]}
{"op":"mcm","clk":"11796405096","pt":1722994189731,"mc":[{"id":"1.231453171","rc":[{"ltp":4.2,"id":7337}]}]}
{"op":"mcm","clk":"11796421529","pt":1722994614984,"mc":[{"id":"1.231453171","rc":[{"ltp":4.1,"id":7337}]}]}
{"op":"mcm","clk":"11796427091","pt":1722994793211,"mc":[{"id":"1.231453171","rc":[{"ltp":1.31,"id":414464}]}]}
{"op":"mcm","clk":"11796432040","pt":1722994943186,"mc":[{"id":"1.231453171","rc":[{"ltp":4.2,"id":7337}]}]}
{"op":"mcm","clk":"11796446274","pt":1722995152928,"mc":[{"id":"1.231453171","rc":[{"ltp":4.1,"id":7337}]}]}
{"op":"mcm","clk":"11796464951","pt":1722995676066,"mc":[{"id":"1.231453171","rc":[{"ltp":1.32,"id":414464}]}]}
{"op":"mcm","clk":"11796485674","pt":1722996264710,"mc":[{"id":"1.231453171","rc":[{"ltp":1.31,"id":414464}]}]}
{"op":"mcm","clk":"11796561736","pt":1722998572608,"mc":[{"id":"1.231453171","rc":[{"ltp":1.32,"id":414464}]}]}
{"op":"mcm","clk":"11796591291","pt":1722999560493,"mc":[{"id":"1.231453171","rc":[{"ltp":1.31,"id":414464}]}]}
{"op":"mcm","clk":"11796605717","pt":1723000139045,"mc":[{"id":"1.231453171","rc":[{"ltp":1.32,"id":414464}]}]}
{"op":"mcm","clk":"11796622739","pt":1723000559200,"mc":[{"id":"1.231453171","rc":[{"ltp":1.31,"id":414464}]}]}
{"op":"mcm","clk":"11796658471","pt":1723002559214,"mc":[{"id":"1.231453171","rc":[{"ltp":4.2,"id":7337}]}]}
{"op":"mcm","clk":"11796659167","pt":1723002626272,"mc":[{"id":"1.231453171","rc":[{"ltp":4.1,"id":7337}]}]}
{"op":"mcm","clk":"11796665212","pt":1723003101442,"mc":[{"id":"1.231453171","rc":[{"ltp":1.32,"id":414464}]}]}
{"op":"mcm","clk":"11796681814","pt":1723003801100,"mc":[{"id":"1.231453171","rc":[{"ltp":1.31,"id":414464}]}]}
{"op":"mcm","clk":"11796684880","pt":1723004005652,"mc":[{"id":"1.231453171","rc":[{"ltp":1.32,"id":414464},{"ltp":4.3,"id":7337}]}]}
{"op":"mcm","clk":"11796689838","pt":1723004328898,"mc":[{"id":"1.231453171","rc":[{"ltp":4.1,"id":7337}]}]}
{"op":"mcm","clk":"11796691011","pt":1723004388186,"mc":[{"id":"1.231453171","rc":[{"ltp":1.31,"id":414464}]}]}
{"op":"mcm","clk":"11796693958","pt":1723004534232,"mc":[{"id":"1.231453171","rc":[{"ltp":1.32,"id":414464}]}]}
{"op":"mcm","clk":"11796699672","pt":1723004888938,"mc":[{"id":"1.231453171","rc":[{"ltp":1.31,"id":414464}]}]}
{"op":"mcm","clk":"11796709472","pt":1723005368484,"mc":[{"id":"1.231453171","rc":[{"ltp":1.32,"id":414464}]}]}
{"op":"mcm","clk":"11796717459","pt":1723005738078,"mc":[{"id":"1.231453171","rc":[{"ltp":1.31,"id":414464}]}]}
{"op":"mcm","clk":"11796748017","pt":1723007038789,"mc":[{"id":"1.231453171","rc":[{"ltp":1.32,"id":414464}]}]}
{"op":"mcm","clk":"11796754668","pt":1723007243945,"mc":[{"id":"1.231453171","rc":[{"ltp":1.31,"id":414464}]}]}
{"op":"mcm","clk":"11796760799","pt":1723007521137,"mc":[{"id":"1.231453171","rc":[{"ltp":1.32,"id":414464}]}]}
{"op":"mcm","clk":"11796762592","pt":1723007602925,"mc":[{"id":"1.231453171","rc":[{"ltp":1.31,"id":414464}]}]}
{"op":"mcm","clk":"11796763515","pt":1723007648192,"mc":[{"id":"1.231453171","rc":[{"ltp":4.2,"id":7337}]}]}
{"op":"mcm","clk":"11796796018","pt":1723009139687,"mc":[{"id":"1.231453171","rc":[{"ltp":1.32,"id":414464}]}]}
{"op":"mcm","clk":"11796801874","pt":1723009406233,"mc":[{"id":"1.231453171","rc":[{"ltp":1.31,"id":414464},{"ltp":4.3,"id":7337}]}]}
{"op":"mcm","clk":"11796802915","pt":1723009455173,"mc":[{"id":"1.231453171","rc":[{"ltp":1.32,"id":414464},{"ltp":4.2,"id":7337}]}]}
{"op":"mcm","clk":"11796804648","pt":1723009517541,"mc":[{"id":"1.231453171","rc":[{"ltp":4.1,"id":7337}]}]}
{"op":"mcm","clk":"11796812307","pt":1723009761675,"mc":[{"id":"1.231453171","rc":[{"ltp":1.31,"id":414464}]}]}
{"op":"mcm","clk":"11796822752","pt":1723010339608,"mc":[{"id":"1.231453171","rc":[{"ltp":1.32,"id":414464}]}]}
{"op":"mcm","clk":"11796834405","pt":1723010965808,"mc":[{"id":"1.231453171","rc":[{"ltp":1.31,"id":414464}]}]}
{"op":"mcm","clk":"11796837324","pt":1723011113003,"mc":[{"id":"1.231453171","rc":[{"ltp":1.32,"id":414464}]}]}
{"op":"mcm","clk":"11796849126","pt":1723011324757,"mc":[{"id":"1.231453171","rc":[{"ltp":1.31,"id":414464}]}]}
{"op":"mcm","clk":"11796854414","pt":1723011558998,"mc":[{"id":"1.231453171","rc":[{"ltp":1.32,"id":414464}]}]}
{"op":"mcm","clk":"11796856057","pt":1723011624140,"mc":[{"id":"1.231453171","rc":[{"ltp":1.31,"id":414464}]}]}
{"op":"mcm","clk":"11796864406","pt":1723011917528,"mc":[{"id":"1.231453171","rc":[{"ltp":4.2,"id":7337}]}]}
{"op":"mcm","clk":"11796865651","pt":1723011973311,"mc":[{"id":"1.231453171","rc":[{"ltp":4.1,"id":7337}]}]}
{"op":"mcm","clk":"11796869614","pt":1723012218303,"mc":[{"id":"1.231453171","rc":[{"ltp":1.33,"id":414464}]}]}
{"op":"mcm","clk":"11796878575","pt":1723012633419,"mc":[{"id":"1.231453171","rc":[{"ltp":4.0,"id":7337}]}]}
{"op":"mcm","clk":"11796890461","pt":1723013211365,"mc":[{"id":"1.231453171","rc":[{"ltp":1.32,"id":414464},{"ltp":4.1,"id":7337}]}]}
{"op":"mcm","clk":"11796893623","pt":1723013351423,"mc":[{"id":"1.231453171","rc":[{"ltp":4.2,"id":7337}]}]}
{"op":"mcm","clk":"11796895282","pt":1723013423214,"mc":[{"id":"1.231453171","rc":[{"ltp":4.1,"id":7337}]}]}
{"op":"mcm","clk":"11796906085","pt":1723013847465,"mc":[{"id":"1.231453171","rc":[{"ltp":1.31,"id":414464}]}]}
{"op":"mcm","clk":"11796907637","pt":1723013897693,"mc":[{"id":"1.231453171","rc":[{"ltp":1.32,"id":414464}]}]}
{"op":"mcm","clk":"11796909545","pt":1723013956632,"mc":[{"id":"1.231453171","rc":[{"ltp":1.31,"id":414464}]}]}
{"op":"mcm","clk":"11796918394","pt":1723014205786,"mc":[{"id":"1.231453171","rc":[{"ltp":4.2,"id":7337}]}]}
{"op":"mcm","clk":"11796920115","pt":1723014259155,"mc":[{"id":"1.231453171","rc":[{"ltp":1.32,"id":414464}]}]}
{"op":"mcm","clk":"11796921806","pt":1723014307705,"mc":[{"id":"1.231453171","rc":[{"ltp":1.31,"id":414464}]}]}
{"op":"mcm","clk":"11796925010","pt":1723014413389,"mc":[{"id":"1.231453171","rc":[{"ltp":4.1,"id":7337}]}]}
{"op":"mcm","clk":"11796931336","pt":1723014623774,"mc":[{"id":"1.231453171","rc":[{"ltp":4.2,"id":7337}]}]}
{"op":"mcm","clk":"11796931954","pt":1723014642279,"mc":[{"id":"1.231453171","rc":[{"ltp":4.1,"id":7337}]}]}
{"op":"mcm","clk":"11796943396","pt":1723015038956,"mc":[{"id":"1.231453171","rc":[{"ltp":4.2,"id":7337}]}]}
{"op":"mcm","clk":"11796946393","pt":1723015132957,"mc":[{"id":"1.231453171","rc":[{"ltp":4.1,"id":7337}]}]}
{"op":"mcm","clk":"11796949973","pt":1723015237651,"mc":[{"id":"1.231453171","rc":[{"ltp":4.2,"id":7337}]}]}
{"op":"mcm","clk":"11796953276","pt":1723015321946,"mc":[{"id":"1.231453171","rc":[{"ltp":4.1,"id":7337}]}]}
{"op":"mcm","clk":"11796958481","pt":1723015458343,"mc":[{"id":"1.231453171","rc":[{"ltp":1.32,"id":414464}]}]}
{"op":"mcm","clk":"11796960230","pt":1723015507931,"mc":[{"id":"1.231453171","rc":[{"ltp":1.31,"id":414464}]}]}
{"op":"mcm","clk":"11796973820","pt":1723015887131,"mc":[{"id":"1.231453171","rc":[{"ltp":1.32,"id":414464}]}]}
{"op":"mcm","clk":"11796975806","pt":1723015944424,"mc":[{"id":"1.231453171","rc":[{"ltp":4.2,"id":7337}]}]}
{"op":"mcm","clk":"11796978584","pt":1723016016974,"mc":[{"id":"1.231453171","rc":[{"ltp":4.1,"id":7337}]}]}
{"op":"mcm","clk":"11796984780","pt":1723016181254,"mc":[{"id":"1.231453171","rc":[{"ltp":1.31,"id":414464}]}]}
{"op":"mcm","clk":"11796987010","pt":1723016238684,"mc":[{"id":"1.231453171","rc":[{"ltp":1.32,"id":414464}]}]}
{"op":"mcm","clk":"11796992754","pt":1723016410977,"mc":[{"id":"1.231453171","rc":[{"ltp":4.2,"id":7337}]}]}
{"op":"mcm","clk":"11796995153","pt":1723016483679,"mc":[{"id":"1.231453171","rc":[{"ltp":4.1,"id":7337}]}]}
{"op":"mcm","clk":"11797008384","pt":1723016697010,"mc":[{"id":"1.231453171","rc":[{"ltp":1.31,"id":414464}]}]}
{"op":"mcm","clk":"11797011008","pt":1723016788393,"mc":[{"id":"1.231453171","rc":[{"ltp":1.32,"id":414464}]}]}
{"op":"mcm","clk":"11797016244","pt":1723016960957,"mc":[{"id":"1.231453171","rc":[{"ltp":1.31,"id":414464},{"ltp":4.2,"id":7337}]}]}
{"op":"mcm","clk":"11797017762","pt":1723017000632,"mc":[{"id":"1.231453171","rc":[{"ltp":1.32,"id":414464}]}]}
{"op":"mcm","clk":"11797020871","pt":1723017084397,"mc":[{"id":"1.231453171","rc":[{"ltp":1.31,"id":414464},{"ltp":4.1,"id":7337}]}]}
{"op":"mcm","clk":"11797022810","pt":1723017138874,"mc":[{"id":"1.231453171","rc":[{"ltp":4.2,"id":7337}]}]}
{"op":"mcm","clk":"11797025536","pt":1723017206539,"mc":[{"id":"1.231453171","rc":[{"ltp":4.1,"id":7337}]}]}
{"op":"mcm","clk":"11797026937","pt":1723017239904,"mc":[{"id":"1.231453171","rc":[{"ltp":1.32,"id":414464},{"ltp":4.2,"id":7337}]}]}
{"op":"mcm","clk":"11797035689","pt":1723017447987,"mc":[{"id":"1.231453171","rc":[{"ltp":1.31,"id":414464}]}]}
{"op":"mcm","clk":"11797038162","pt":1723017495016,"mc":[{"id":"1.231453171","rc":[{"ltp":1.32,"id":414464},{"ltp":4.1,"id":7337}]}]}
{"op":"mcm","clk":"11797044174","pt":1723017627964,"mc":[{"id":"1.231453171","rc":[{"ltp":4.2,"id":7337}]}]}
{"op":"mcm","clk":"11797048879","pt":1723017732676,"mc":[{"id":"1.231453171","rc":[{"ltp":1.31,"id":414464},{"ltp":4.1,"id":7337}]}]}
{"op":"mcm","clk":"11797051189","pt":1723017793549,"mc":[{"id":"1.231453171","rc":[{"ltp":4.2,"id":7337}]}]}
{"op":"mcm","clk":"11797053827","pt":1723017860400,"mc":[{"id":"1.231453171","rc":[{"ltp":1.32,"id":414464}]}]}
{"op":"mcm","clk":"11797056756","pt":1723017928919,"mc":[{"id":"1.231453171","rc":[{"ltp":4.1,"id":7337}]}]}
{"op":"mcm","clk":"11797066294","pt":1723018165983,"mc":[{"id":"1.231453171","rc":[{"ltp":4.2,"id":7337}]}]}
{"op":"mcm","clk":"11797068634","pt":1723018225828,"mc":[{"id":"1.231453171","rc":[{"ltp":4.1,"id":7337}]}]}
{"op":"mcm","clk":"11797072581","pt":1723018343267,"mc":[{"id":"1.231453171","rc":[{"ltp":1.31,"id":414464}]}]}
{"op":"mcm","clk":"11797074627","pt":1723018407052,"mc":[{"id":"1.231453171","rc":[{"ltp":1.32,"id":414464}]}]}
{"op":"mcm","clk":"11797076549","pt":1723018460522,"mc":[{"id":"1.231453171","rc":[{"ltp":1.31,"id":414464}]}]}
{"op":"mcm","clk":"11797078659","pt":1723018523358,"mc":[{"id":"1.231453171","rc":[{"ltp":4.2,"id":7337}]}]}
{"op":"mcm","clk":"11797080839","pt":1723018580998,"mc":[{"id":"1.231453171","rc":[{"ltp":4.1,"id":7337}]}]}
{"op":"mcm","clk":"11797085322","pt":1723018704588,"mc":[{"id":"1.231453171","rc":[{"ltp":1.32,"id":414464}]}]}
{"op":"mcm","clk":"11797087583","pt":1723018764561,"mc":[{"id":"1.231453171","rc":[{"ltp":1.31,"id":414464}]}]}
{"op":"mcm","clk":"11797092276","pt":1723018889077,"mc":[{"id":"1.231453171","rc":[{"ltp":1.32,"id":414464}]}]}
{"op":"mcm","clk":"11797095830","pt":1723018997423,"mc":[{"id":"1.231453171","rc":[{"ltp":4.2,"id":7337}]}]}
{"op":"mcm","clk":"11797098229","pt":1723019068161,"mc":[{"id":"1.231453171","rc":[{"ltp":4.1,"id":7337}]}]}
{"op":"mcm","clk":"11797110859","pt":1723019367925,"mc":[{"id":"1.231453171","rc":[{"ltp":1.31,"id":414464}]}]}
{"op":"mcm","clk":"11797117284","pt":1723019489252,"mc":[{"id":"1.231453171","rc":[{"ltp":4.3,"id":7337}]}]}
{"op":"mcm","clk":"11797120188","pt":1723019549067,"mc":[{"id":"1.231453171","rc":[{"ltp":1.33,"id":414464},{"ltp":4.1,"id":7337}]}]}
{"op":"mcm","clk":"11797122933","pt":1723019609324,"mc":[{"id":"1.231453171","rc":[{"ltp":1.34,"id":414464},{"ltp":3.9,"id":7337}]}]}
{"op":"mcm","clk":"11797125278","pt":1723019665561,"mc":[{"id":"1.231453171","rc":[{"ltp":1.33,"id":414464}]}]}
{"op":"mcm","clk":"11797128183","pt":1723019729254,"mc":[{"id":"1.231453171","rc":[{"ltp":1.34,"id":414464},{"ltp":3.95,"id":7337}]}]}
{"op":"mcm","clk":"11797130782","pt":1723019789430,"mc":[{"id":"1.231453171","rc":[{"ltp":1.33,"id":414464}]}]}
{"op":"mcm","clk":"11797133804","pt":1723019848705,"mc":[{"id":"1.231453171","rc":[{"ltp":1.34,"id":414464},{"ltp":4.0,"id":7337}]}]}
{"op":"mcm","clk":"11797136611","pt":1723019909297,"mc":[{"id":"1.231453171","rc":[{"ltp":1.32,"id":414464}]}]}
{"op":"mcm","clk":"11797139245","pt":1723019968968,"mc":[{"id":"1.231453171","rc":[{"ltp":1.33,"id":414464}]}]}
{"op":"mcm","clk":"11797142101","pt":1723020027629,"mc":[{"id":"1.231453171","rc":[{"ltp":1.32,"id":414464}]}]}
{"op":"mcm","clk":"11797145146","pt":1723020089398,"mc":[{"id":"1.231453171","rc":[{"ltp":1.33,"id":414464}]}]}
{"op":"mcm","clk":"11797150056","pt":1723020208817,"mc":[{"id":"1.231453171","rc":[{"ltp":4.1,"id":7337}]}]}
{"op":"mcm","clk":"11797152729","pt":1723020267722,"mc":[{"id":"1.231453171","rc":[{"ltp":1.32,"id":414464},{"ltp":4.0,"id":7337}]}]}
{"op":"mcm","clk":"11797155395","pt":1723020327700,"mc":[{"id":"1.231453171","rc":[{"ltp":1.33,"id":414464}]}]}
{"op":"mcm","clk":"11797161414","pt":1723020449133,"mc":[{"id":"1.231453171","rc":[{"ltp":1.32,"id":414464}]}]}
{"op":"mcm","clk":"11797168081","pt":1723020569319,"mc":[{"id":"1.231453171","rc":[{"ltp":1.33,"id":414464}]}]}
{"op":"mcm","clk":"11797175155","pt":1723020689352,"mc":[{"id":"1.231453171","rc":[{"ltp":1.32,"id":414464}]}]}
{"op":"mcm","clk":"11797178827","pt":1723020748085,"mc":[{"id":"1.231453171","rc":[{"ltp":1.33,"id":414464}]}]}
{"op":"mcm","clk":"11797189524","pt":1723020929355,"mc":[{"id":"1.231453171","rc":[{"ltp":4.1,"id":7337}]}]}
{"op":"mcm","clk":"11797192908","pt":1723020989218,"mc":[{"id":"1.231453171","rc":[{"ltp":1.32,"id":414464}]}]}
{"op":"mcm","clk":"11797199975","pt":1723021109196,"mc":[{"id":"1.231453171","rc":[{"ltp":1.31,"id":414464},{"ltp":4.2,"id":7337}]}]}
{"op":"mcm","clk":"11797208031","pt":1723021229405,"mc":[{"id":"1.231453171","marketDefinition":{"bspMarket":false,"turnInPlayEnabled":true,"persistenceEnabled":true,"marketBaseRate":5.0,"eventId":"33468214","eventTypeId":"4","numberOfWinners":1,"bettingType":"ODDS","marketType":"MATCH_ODDS","marketTime":"2024-08-07T09:00:00.000Z","suspendTime":"2024-08-07T09:00:00.000Z","bspReconciled":false,"complete":true,"inPlay":true,"crossMatching":true,"runnersVoidable":false,"numberOfActiveRunners":2,"betDelay":5,"status":"OPEN","runners":[{"status":"ACTIVE","sortPriority":1,"id":7337,"name":"Sri Lanka"},{"status":"ACTIVE","sortPriority":2,"id":414464,"name":"India"}],"regulators":["MR_INT"],"countryCode":"GB","discountAllowed":true,"timezone":"GMT","openDate":"2024-08-07T09:00:00.000Z","version":6060454198,"name":"Match Odds","eventName":"Sri Lanka v India"},"rc":[{"ltp":1.34,"id":414464},{"ltp":3.9,"id":7337}]}]}
{"op":"mcm","clk":"11797220616","pt":1723021409438,"mc":[{"id":"1.231453171","rc":[{"ltp":1.36,"id":414464},{"ltp":3.8,"id":7337}]}]}
{"op":"mcm","clk":"11797224340","pt":1723021469486,"mc":[{"id":"1.231453171","rc":[{"ltp":1.35,"id":414464},{"ltp":3.85,"id":7337}]}]}
{"op":"mcm","clk":"11797228225","pt":1723021529384,"mc":[{"id":"1.231453171","rc":[{"ltp":1.37,"id":414464},{"ltp":3.7,"id":7337}]}]}
{"op":"mcm","clk":"11797237481","pt":1723021709454,"mc":[{"id":"1.231453171","rc":[{"ltp":1.36,"id":414464},{"ltp":3.75,"id":7337}]}]}
{"op":"mcm","clk":"11797240771","pt":1723021769252,"mc":[{"id":"1.231453171","rc":[{"ltp":1.39,"id":414464},{"ltp":3.55,"id":7337}]}]}
{"op":"mcm","clk":"11797244390","pt":1723021829444,"mc":[{"id":"1.231453171","rc":[{"ltp":1.41,"id":414464},{"ltp":3.4,"id":7337}]}]}
{"op":"mcm","clk":"11797248082","pt":1723021889282,"mc":[{"id":"1.231453171","rc":[{"ltp":1.4,"id":414464}]}]}
{"op":"mcm","clk":"11797251604","pt":1723021949443,"mc":[{"id":"1.231453171","rc":[{"ltp":1.43,"id":414464}]}]}
{"op":"mcm","clk":"11797262161","pt":1723022009420,"mc":[{"id":"1.231453171","rc":[{"ltp":1.42,"id":414464},{"ltp":3.3,"id":7337}]}]}
{"op":"mcm","clk":"11797268771","pt":1723022129470,"mc":[{"id":"1.231453171","rc":[{"ltp":1.4,"id":414464},{"ltp":3.4,"id":7337}]}]}
{"op":"mcm","clk":"11797272342","pt":1723022189330,"mc":[{"id":"1.231453171","rc":[{"ltp":3.5,"id":7337}]}]}
{"op":"mcm","clk":"11797279292","pt":1723022309354,"mc":[{"id":"1.231453171","rc":[{"ltp":1.41,"id":414464},{"ltp":3.45,"id":7337}]}]}
{"op":"mcm","clk":"11797282178","pt":1723022369474,"mc":[{"id":"1.231453171","rc":[{"ltp":1.4,"id":414464},{"ltp":3.5,"id":7337}]}]}
{"op":"mcm","clk":"11797288905","pt":1723022489446,"mc":[{"id":"1.231453171","rc":[{"ltp":1.41,"id":414464},{"ltp":3.4,"id":7337}]}]}
{"op":"mcm","clk":"11797292812","pt":1723022549102,"mc":[{"id":"1.231453171","rc":[{"ltp":1.4,"id":414464},{"ltp":3.45,"id":7337}]}]}
{"op":"mcm","clk":"11797296477","pt":1723022609450,"mc":[{"id":"1.231453171","rc":[{"ltp":1.38,"id":414464},{"ltp":3.6,"id":7337}]}]}
{"op":"mcm","clk":"11797300436","pt":1723022669429,"mc":[{"id":"1.231453171","rc":[{"ltp":1.39,"id":414464},{"ltp":3.55,"id":7337}]}]}
{"op":"mcm","clk":"11797304682","pt":1723022729411,"mc":[{"id":"1.231453171","rc":[{"ltp":1.38,"id":414464}]}]}
{"op":"mcm","clk":"11797309066","pt":1723022789473,"mc":[{"id":"1.231453171","rc":[{"ltp":1.37,"id":414464},{"ltp":3.7,"id":7337}]}]}
{"op":"mcm","clk":"11797316506","pt":1723022909091,"mc":[{"id":"1.231453171","rc":[{"ltp":1.36,"id":414464}]}]}
{"op":"mcm","clk":"11797320503","pt":1723022969359,"mc":[{"id":"1.231453171","rc":[{"ltp":1.37,"id":414464}]}]}
{"op":"mcm","clk":"11797325388","pt":1723023029414,"mc":[{"id":"1.231453171","rc":[{"ltp":1.38,"id":414464}]}]}
{"op":"mcm","clk":"11797330334","pt":1723023089242,"mc":[{"id":"1.231453171","rc":[{"ltp":3.55,"id":7337}]}]}
{"op":"mcm","clk":"11797335273","pt":1723023149399,"mc":[{"id":"1.231453171","rc":[{"ltp":1.39,"id":414464}]}]}
{"op":"mcm","clk":"11797343629","pt":1723023269336,"mc":[{"id":"1.231453171","rc":[{"ltp":1.38,"id":414464},{"ltp":3.6,"id":7337}]}]}
{"op":"mcm","clk":"11797347380","pt":1723023329461,"mc":[{"id":"1.231453171","rc":[{"ltp":1.37,"id":414464},{"ltp":3.7,"id":7337}]}]}
{"op":"mcm","clk":"11797351956","pt":1723023389435,"mc":[{"id":"1.231453171","rc":[{"ltp":3.8,"id":7337}]}]}
{"op":"mcm","clk":"11797356141","pt":1723023449442,"mc":[{"id":"1.231453171","rc":[{"ltp":1.4,"id":414464},{"ltp":3.5,"id":7337}]}]}
{"op":"mcm","clk":"11797360142","pt":1723023509297,"mc":[{"id":"1.231453171","rc":[{"ltp":1.39,"id":414464},{"ltp":3.55,"id":7337}]}]}
{"op":"mcm","clk":"11797367979","pt":1723023629099,"mc":[{"id":"1.231453171","rc":[{"ltp":1.4,"id":414464},{"ltp":3.5,"id":7337}]}]}
{"op":"mcm","clk":"11797372175","pt":1723023689475,"mc":[{"id":"1.231453171","rc":[{"ltp":1.46,"id":414464},{"ltp":3.1,"id":7337}]}]}
{"op":"mcm","clk":"11797376346","pt":1723023749408,"mc":[{"id":"1.231453171","rc":[{"ltp":1.47,"id":414464},{"ltp":3.15,"id":7337}]}]}
{"op":"mcm","clk":"11797380433","pt":1723023809484,"mc":[{"id":"1.231453171","rc":[{"ltp":3.05,"id":7337}]}]}
{"op":"mcm","clk":"11797384413","pt":1723023869455,"mc":[{"id":"1.231453171","rc":[{"ltp":1.46,"id":414464},{"ltp":3.15,"id":7337}]}]}
{"op":"mcm","clk":"11797388489","pt":1723023929432,"mc":[{"id":"1.231453171","rc":[{"ltp":1.44,"id":414464},{"ltp":3.2,"id":7337}]}]}
{"op":"mcm","clk":"11797392480","pt":1723023989479,"mc":[{"id":"1.231453171","rc":[{"ltp":1.46,"id":414464},{"ltp":3.1,"id":7337}]}]}
{"op":"mcm","clk":"11797396531","pt":1723024049422,"mc":[{"id":"1.231453171","rc":[{"ltp":1.52,"id":414464},{"ltp":2.92,"id":7337}]}]}
{"op":"mcm","clk":"11797400556","pt":1723024109419,"mc":[{"id":"1.231453171","rc":[{"ltp":1.53,"id":414464},{"ltp":2.9,"id":7337}]}]}
{"op":"mcm","clk":"11797404647","pt":1723024169361,"mc":[{"id":"1.231453171","rc":[{"ltp":1.51,"id":414464},{"ltp":2.92,"id":7337}]}]}
{"op":"mcm","clk":"11797413123","pt":1723024289369,"mc":[{"id":"1.231453171","rc":[{"ltp":1.52,"id":414464},{"ltp":2.9,"id":7337}]}]}
{"op":"mcm","clk":"11797417232","pt":1723024349454,"mc":[{"id":"1.231453171","rc":[{"ltp":1.51,"id":414464},{"ltp":2.96,"id":7337}]}]}
{"op":"mcm","clk":"11797421652","pt":1723024409456,"mc":[{"id":"1.231453171","rc":[{"ltp":1.5,"id":414464},{"ltp":3.0,"id":7337}]}]}
{"op":"mcm","clk":"11797431687","pt":1723024529415,"mc":[{"id":"1.231453171","rc":[{"ltp":1.53,"id":414464},{"ltp":2.92,"id":7337}]}]}
{"op":"mcm","clk":"11797437356","pt":1723024589263,"mc":[{"id":"1.231453171","rc":[{"ltp":1.52,"id":414464},{"ltp":2.88,"id":7337}]}]}
{"op":"mcm","clk":"11797443054","pt":1723024649429,"mc":[{"id":"1.231453171","rc":[{"ltp":1.58,"id":414464},{"ltp":2.74,"id":7337}]}]}
{"op":"mcm","clk":"11797449153","pt":1723024709376,"mc":[{"id":"1.231453171","rc":[{"ltp":2.72,"id":7337}]}]}
{"op":"mcm","clk":"11797461186","pt":1723024829097,"mc":[{"id":"1.231453171","rc":[{"ltp":1.59,"id":414464},{"ltp":2.68,"id":7337}]}]}
{"op":"mcm","clk":"11797467845","pt":1723024889484,"mc":[{"id":"1.231453171","rc":[{"ltp":1.58,"id":414464},{"ltp":2.74,"id":7337}]}]}
{"op":"mcm","clk":"11797473937","pt":1723024949469,"mc":[{"id":"1.231453171","rc":[{"ltp":2.7,"id":7337}]}]}
{"op":"mcm","clk":"11797479999","pt":1723025009384,"mc":[{"id":"1.231453171","rc":[{"ltp":1.6,"id":414464},{"ltp":2.64,"id":7337}]}]}
{"op":"mcm","clk":"11797485830","pt":1723025069449,"mc":[{"id":"1.231453171","rc":[{"ltp":1.66,"id":414464},{"ltp":2.5,"id":7337}]}]}
{"op":"mcm","clk":"11797501425","pt":1723025249296,"mc":[{"id":"1.231453171","rc":[{"ltp":1.65,"id":414464},{"ltp":2.52,"id":7337}]}]}
{"op":"mcm","clk":"11797506288","pt":1723025309458,"mc":[{"id":"1.231453171","rc":[{"ltp":2.54,"id":7337}]}]}
{"op":"mcm","clk":"11797511096","pt":1723025369443,"mc":[{"id":"1.231453171","rc":[{"ltp":1.61,"id":414464},{"ltp":2.62,"id":7337}]}]}
{"op":"mcm","clk":"11797516534","pt":1723025429425,"mc":[{"id":"1.231453171","rc":[{"ltp":1.45,"id":414464},{"ltp":3.2,"id":7337}]}]}
{"op":"mcm","clk":"11797521791","pt":1723025489448,"mc":[{"id":"1.231453171","rc":[{"ltp":1.43,"id":414464},{"ltp":3.3,"id":7337}]}]}
{"op":"mcm","clk":"11797526877","pt":1723025549401,"mc":[{"id":"1.231453171","rc":[{"ltp":1.45,"id":414464},{"ltp":3.2,"id":7337}]}]}
{"op":"mcm","clk":"11797537924","pt":1723025669416,"mc":[{"id":"1.231453171","rc":[{"ltp":1.44,"id":414464},{"ltp":3.25,"id":7337}]}]}
{"op":"mcm","clk":"11797548997","pt":1723025789163,"mc":[{"id":"1.231453171","rc":[{"ltp":1.43,"id":414464}]}]}
{"op":"mcm","clk":"11797554925","pt":1723025849435,"mc":[{"id":"1.231453171","rc":[{"ltp":1.44,"id":414464}]}]}
{"op":"mcm","clk":"11797561121","pt":1723025909315,"mc":[{"id":"1.231453171","rc":[{"ltp":1.43,"id":414464},{"ltp":3.3,"id":7337}]}]}
{"op":"mcm","clk":"11797566343","pt":1723025969395,"mc":[{"id":"1.231453171","rc":[{"ltp":3.35,"id":7337}]}]}
{"op":"mcm","clk":"11797571856","pt":1723026029171,"mc":[{"id":"1.231453171","rc":[{"ltp":3.3,"id":7337}]}]}
{"op":"mcm","clk":"11797577388","pt":1723026089407,"mc":[{"id":"1.231453171","rc":[{"ltp":1.42,"id":414464}]}]}
{"op":"mcm","clk":"11797582511","pt":1723026149422,"mc":[{"id":"1.231453171","rc":[{"ltp":1.44,"id":414464},{"ltp":3.35,"id":7337}]}]}
{"op":"mcm","clk":"11797587507","pt":1723026209307,"mc":[{"id":"1.231453171","rc":[{"ltp":1.43,"id":414464},{"ltp":3.25,"id":7337}]}]}
{"op":"mcm","clk":"11797592445","pt":1723026269413,"mc":[{"id":"1.231453171","rc":[{"ltp":1.44,"id":414464}]}]}
{"op":"mcm","clk":"11797597705","pt":1723026329452,"mc":[{"id":"1.231453171","rc":[{"ltp":1.46,"id":414464},{"ltp":3.2,"id":7337}]}]}
{"op":"mcm","clk":"11797602818","pt":1723026389348,"mc":[{"id":"1.231453171","rc":[{"ltp":1.48,"id":414464},{"ltp":3.1,"id":7337}]}]}
{"op":"mcm","clk":"11797607778","pt":1723026449375,"mc":[{"id":"1.231453171","rc":[{"ltp":1.49,"id":414464},{"ltp":3.0,"id":7337}]}]}
{"op":"mcm","clk":"11797612754","pt":1723026509475,"mc":[{"id":"1.231453171","rc":[{"ltp":1.54,"id":414464},{"ltp":2.88,"id":7337}]}]}
{"op":"mcm","clk":"11797618305","pt":1723026569182,"mc":[{"id":"1.231453171","rc":[{"ltp":1.55,"id":414464},{"ltp":2.82,"id":7337}]}]}
{"op":"mcm","clk":"11797624462","pt":1723026629438,"mc":[{"id":"1.231453171","rc":[{"ltp":2.84,"id":7337}]}]}
{"op":"mcm","clk":"11797630473","pt":1723026689446,"mc":[{"id":"1.231453171","rc":[{"ltp":1.53,"id":414464}]}]}
{"op":"mcm","clk":"11797636520","pt":1723026749315,"mc":[{"id":"1.231453171","rc":[{"ltp":1.54,"id":414464}]}]}
{"op":"mcm","clk":"11797642848","pt":1723026809330,"mc":[{"id":"1.231453171","rc":[{"ltp":1.53,"id":414464}]}]}
{"op":"mcm","clk":"11797649061","pt":1723026869429,"mc":[{"id":"1.231453171","rc":[{"ltp":1.5,"id":414464},{"ltp":2.98,"id":7337}]}]}
{"op":"mcm","clk":"11797654524","pt":1723026929483,"mc":[{"id":"1.231453171","rc":[{"ltp":1.51,"id":414464}]}]}
{"op":"mcm","clk":"11797660371","pt":1723026989400,"mc":[{"id":"1.231453171","rc":[{"ltp":1.52,"id":414464},{"ltp":2.94,"id":7337}]}]}
{"op":"mcm","clk":"11797666413","pt":1723027049468,"mc":[{"id":"1.231453171","rc":[{"ltp":1.5,"id":414464},{"ltp":2.96,"id":7337}]}]}
{"op":"mcm","clk":"11797672812","pt":1723027109294,"mc":[{"id":"1.231453171","rc":[{"ltp":1.53,"id":414464},{"ltp":2.9,"id":7337}]}]}
{"op":"mcm","clk":"11797678728","pt":1723027169390,"mc":[{"id":"1.231453171","rc":[{"ltp":1.54,"id":414464},{"ltp":2.84,"id":7337}]}]}
{"op":"mcm","clk":"11797684671","pt":1723027229471,"mc":[{"id":"1.231453171","rc":[{"ltp":1.59,"id":414464},{"ltp":2.74,"id":7337}]}]}
{"op":"mcm","clk":"11797690520","pt":1723027289414,"mc":[{"id":"1.231453171","rc":[{"ltp":1.6,"id":414464},{"ltp":2.66,"id":7337}]}]}
{"op":"mcm","clk":"11797696057","pt":1723027349348,"mc":[{"id":"1.231453171","rc":[{"ltp":1.67,"id":414464},{"ltp":2.48,"id":7337}]}]}
{"op":"mcm","clk":"11797708909","pt":1723027409472,"mc":[{"id":"1.231453171","rc":[{"ltp":1.71,"id":414464},{"ltp":2.4,"id":7337}]}]}
{"op":"mcm","clk":"11797714237","pt":1723027469369,"mc":[{"id":"1.231453171","rc":[{"ltp":1.67,"id":414464},{"ltp":2.5,"id":7337}]}]}
{"op":"mcm","clk":"11797720273","pt":1723027529469,"mc":[{"id":"1.231453171","rc":[{"ltp":2.52,"id":7337}]}]}
{"op":"mcm","clk":"11797725813","pt":1723027589394,"mc":[{"id":"1.231453171","rc":[{"ltp":1.64,"id":414464},{"ltp":2.56,"id":7337}]}]}
{"op":"mcm","clk":"11797737311","pt":1723027709227,"mc":[{"id":"1.231453171","rc":[{"ltp":1.63,"id":414464},{"ltp":2.58,"id":7337}]}]}
{"op":"mcm","clk":"11797743189","pt":1723027769466,"mc":[{"id":"1.231453171","rc":[{"ltp":1.64,"id":414464},{"ltp":2.54,"id":7337}]}]}
{"op":"mcm","clk":"11797749057","pt":1723027829446,"mc":[{"id":"1.231453171","rc":[{"ltp":1.66,"id":414464},{"ltp":2.5,"id":7337}]}]}
{"op":"mcm","clk":"11797755122","pt":1723027889486,"mc":[{"id":"1.231453171","rc":[{"ltp":1.71,"id":414464},{"ltp":2.44,"id":7337}]}]}
{"op":"mcm","clk":"11797760993","pt":1723027949395,"mc":[{"id":"1.231453171","rc":[{"ltp":1.67,"id":414464},{"ltp":2.46,"id":7337}]}]}
{"op":"mcm","clk":"11797766359","pt":1723028009322,"mc":[{"id":"1.231453171","rc":[{"ltp":1.66,"id":414464},{"ltp":2.5,"id":7337}]}]}
{"op":"mcm","clk":"11797771669","pt":1723028069397,"mc":[{"id":"1.231453171","rc":[{"ltp":1.64,"id":414464},{"ltp":2.58,"id":7337}]}]}
{"op":"mcm","clk":"11797782680","pt":1723028189441,"mc":[{"id":"1.231453171","rc":[{"ltp":1.61,"id":414464},{"ltp":2.62,"id":7337}]}]}
{"op":"mcm","clk":"11797787996","pt":1723028249465,"mc":[{"id":"1.231453171","rc":[{"ltp":1.6,"id":414464},{"ltp":2.66,"id":7337}]}]}
{"op":"mcm","clk":"11797793264","pt":1723028309457,"mc":[{"id":"1.231453171","rc":[{"ltp":1.63,"id":414464},{"ltp":2.6,"id":7337}]}]}
{"op":"mcm","clk":"11797798309","pt":1723028369315,"mc":[{"id":"1.231453171","rc":[{"ltp":1.61,"id":414464},{"ltp":2.62,"id":7337}]}]}
{"op":"mcm","clk":"11797804209","pt":1723028429476,"mc":[{"id":"1.231453171","rc":[{"ltp":1.6,"id":414464},{"ltp":2.68,"id":7337}]}]}
{"op":"mcm","clk":"11797810310","pt":1723028489402,"mc":[{"id":"1.231453171","rc":[{"ltp":1.62,"id":414464},{"ltp":2.6,"id":7337}]}]}
{"op":"mcm","clk":"11797816154","pt":1723028549391,"mc":[{"id":"1.231453171","rc":[{"ltp":1.63,"id":414464},{"ltp":2.58,"id":7337}]}]}
{"op":"mcm","clk":"11797821955","pt":1723028609447,"mc":[{"id":"1.231453171","rc":[{"ltp":1.7,"id":414464},{"ltp":2.44,"id":7337}]}]}
{"op":"mcm","clk":"11797828042","pt":1723028669329,"mc":[{"id":"1.231453171","rc":[{"ltp":1.66,"id":414464},{"ltp":2.5,"id":7337}]}]}
{"op":"mcm","clk":"11797833976","pt":1723028729295,"mc":[{"id":"1.231453171","rc":[{"ltp":2.52,"id":7337}]}]}
{"op":"mcm","clk":"11797840003","pt":1723028789465,"mc":[{"id":"1.231453171","rc":[{"ltp":1.67,"id":414464},{"ltp":2.5,"id":7337}]}]}
{"op":"mcm","clk":"11797846165","pt":1723028849470,"mc":[{"id":"1.231453171","rc":[{"ltp":1.55,"id":414464},{"ltp":2.8,"id":7337}]}]}
{"op":"mcm","clk":"11797852760","pt":1723028909428,"mc":[{"id":"1.231453171","rc":[{"ltp":1.56,"id":414464}]}]}
{"op":"mcm","clk":"11797858868","pt":1723028969417,"mc":[{"id":"1.231453171","rc":[{"ltp":1.59,"id":414464},{"ltp":2.66,"id":7337}]}]}
{"op":"mcm","clk":"11797864780","pt":1723029029381,"mc":[{"id":"1.231453171","rc":[{"ltp":2.68,"id":7337}]}]}
{"op":"mcm","clk":"11797870161","pt":1723029089458,"mc":[{"id":"1.231453171","rc":[{"ltp":1.63,"id":414464},{"ltp":2.58,"id":7337}]}]}
{"op":"mcm","clk":"11797875158","pt":1723029149431,"mc":[{"id":"1.231453171","rc":[{"ltp":2.56,"id":7337}]}]}
{"op":"mcm","clk":"11797880103","pt":1723029209403,"mc":[{"id":"1.231453171","rc":[{"ltp":1.64,"id":414464}]}]}
{"op":"mcm","clk":"11797885334","pt":1723029269423,"mc":[{"id":"1.231453171","rc":[{"ltp":1.63,"id":414464},{"ltp":2.58,"id":7337}]}]}
{"op":"mcm","clk":"11797891414","pt":1723029329470,"mc":[{"id":"1.231453171","rc":[{"ltp":1.73,"id":414464},{"ltp":2.36,"id":7337}]}]}
{"op":"mcm","clk":"11797896937","pt":1723029389404,"mc":[{"id":"1.231453171","rc":[{"ltp":1.7,"id":414464},{"ltp":2.44,"id":7337}]}]}
{"op":"mcm","clk":"11797902531","pt":1723029449460,"mc":[{"id":"1.231453171","rc":[{"ltp":1.58,"id":414464},{"ltp":2.76,"id":7337}]}]}
{"op":"mcm","clk":"11797908410","pt":1723029509421,"mc":[{"id":"1.231453171","rc":[{"ltp":1.54,"id":414464},{"ltp":2.84,"id":7337}]}]}
{"op":"mcm","clk":"11797914317","pt":1723029569266,"mc":[{"id":"1.231453171","rc":[{"ltp":1.53,"id":414464},{"ltp":2.88,"id":7337}]}]}
{"op":"mcm","clk":"11797926543","pt":1723029689456,"mc":[{"id":"1.231453171","rc":[{"ltp":1.54,"id":414464},{"ltp":2.84,"id":7337}]}]}
{"op":"mcm","clk":"11797933054","pt":1723029749476,"mc":[{"id":"1.231453171","rc":[{"ltp":2.8,"id":7337}]}]}
{"op":"mcm","clk":"11797939082","pt":1723029809479,"mc":[{"id":"1.231453171","rc":[{"ltp":1.53,"id":414464},{"ltp":2.84,"id":7337}]}]}
{"op":"mcm","clk":"11797945154","pt":1723029869436,"mc":[{"id":"1.231453171","rc":[{"ltp":1.52,"id":414464},{"ltp":2.88,"id":7337}]}]}
{"op":"mcm","clk":"11797951663","pt":1723029929436,"mc":[{"id":"1.231453171","rc":[{"ltp":1.49,"id":414464},{"ltp":3.0,"id":7337}]}]}
{"op":"mcm","clk":"11797957860","pt":1723029989398,"mc":[{"id":"1.231453171","rc":[{"ltp":1.45,"id":414464},{"ltp":3.2,"id":7337}]}]}
{"op":"mcm","clk":"11797963533","pt":1723030049345,"mc":[{"id":"1.231453171","rc":[{"ltp":1.42,"id":414464},{"ltp":3.4,"id":7337}]}]}
{"op":"mcm","clk":"11797970080","pt":1723030109412,"mc":[{"id":"1.231453171","rc":[{"ltp":1.45,"id":414464},{"ltp":3.25,"id":7337}]}]}
{"op":"mcm","clk":"11797976083","pt":1723030169454,"mc":[{"id":"1.231453171","rc":[{"ltp":1.44,"id":414464}]}]}
{"op":"mcm","clk":"11797981759","pt":1723030229317,"mc":[{"id":"1.231453171","rc":[{"ltp":1.45,"id":414464},{"ltp":3.2,"id":7337}]}]}
{"op":"mcm","clk":"11797987344","pt":1723030289408,"mc":[{"id":"1.231453171","rc":[{"ltp":1.46,"id":414464},{"ltp":3.15,"id":7337}]}]}
{"op":"mcm","clk":"11797997571","pt":1723030409421,"mc":[{"id":"1.231453171","rc":[{"ltp":1.41,"id":414464},{"ltp":3.4,"id":7337}]}]}
{"op":"mcm","clk":"11798002630","pt":1723030469357,"mc":[{"id":"1.231453171","rc":[{"ltp":1.4,"id":414464},{"ltp":3.5,"id":7337}]}]}
{"op":"mcm","clk":"11798007831","pt":1723030529441,"mc":[{"id":"1.231453171","rc":[{"ltp":1.44,"id":414464},{"ltp":3.25,"id":7337}]}]}
{"op":"mcm","clk":"11798013362","pt":1723030589475,"mc":[{"id":"1.231453171","rc":[{"ltp":3.2,"id":7337}]}]}
{"op":"mcm","clk":"11798018912","pt":1723030649394,"mc":[{"id":"1.231453171","rc":[{"ltp":1.46,"id":414464},{"ltp":3.15,"id":7337}]}]}
{"op":"mcm","clk":"11798025058","pt":1723030709430,"mc":[{"id":"1.231453171","rc":[{"ltp":1.45,"id":414464},{"ltp":3.2,"id":7337}]}]}
{"op":"mcm","clk":"11798031129","pt":1723030769417,"mc":[{"id":"1.231453171","rc":[{"ltp":1.44,"id":414464},{"ltp":3.25,"id":7337}]}]}
{"op":"mcm","clk":"11798037269","pt":1723030829396,"mc":[{"id":"1.231453171","rc":[{"ltp":1.38,"id":414464},{"ltp":3.6,"id":7337}]}]}
{"op":"mcm","clk":"11798049188","pt":1723030949485,"mc":[{"id":"1.231453171","rc":[{"ltp":1.3,"id":414464},{"ltp":4.3,"id":7337}]}]}
{"op":"mcm","clk":"11798054670","pt":1723031009253,"mc":[{"id":"1.231453171","rc":[{"ltp":1.31,"id":414464},{"ltp":4.2,"id":7337}]}]}
{"op":"mcm","clk":"11798059542","pt":1723031069430,"mc":[{"id":"1.231453171","rc":[{"ltp":1.35,"id":414464},{"ltp":3.9,"id":7337}]}]}
{"op":"mcm","clk":"11798064594","pt":1723031129392,"mc":[{"id":"1.231453171","rc":[{"ltp":1.33,"id":414464},{"ltp":4.0,"id":7337}]}]}
{"op":"mcm","clk":"11798069568","pt":1723031189399,"mc":[{"id":"1.231453171","rc":[{"ltp":1.36,"id":414464},{"ltp":3.85,"id":7337}]}]}
{"op":"mcm","clk":"11798074189","pt":1723031249432,"mc":[{"id":"1.231453171","rc":[{"ltp":1.28,"id":414464},{"ltp":4.5,"id":7337}]}]}
{"op":"mcm","clk":"11798078903","pt":1723031309446,"mc":[{"id":"1.231453171","rc":[{"ltp":1.3,"id":414464},{"ltp":4.4,"id":7337}]}]}
{"op":"mcm","clk":"11798083663","pt":1723031369472,"mc":[{"id":"1.231453171","rc":[{"ltp":1.29,"id":414464}]}]}
{"op":"mcm","clk":"11798088891","pt":1723031429472,"mc":[{"id":"1.231453171","rc":[{"ltp":1.31,"id":414464},{"ltp":4.2,"id":7337}]}]}
{"op":"mcm","clk":"11798098765","pt":1723031549429,"mc":[{"id":"1.231453171","rc":[{"ltp":1.3,"id":414464},{"ltp":4.3,"id":7337}]}]}
{"op":"mcm","clk":"11798103888","pt":1723031609387,"mc":[{"id":"1.231453171","rc":[{"ltp":1.31,"id":414464}]}]}
{"op":"mcm","clk":"11798109652","pt":1723031669466,"mc":[{"id":"1.231453171","rc":[{"ltp":4.1,"id":7337}]}]}
{"op":"mcm","clk":"11798115076","pt":1723031729418,"mc":[{"id":"1.231453171","rc":[{"ltp":1.34,"id":414464},{"ltp":3.9,"id":7337}]}]}
{"op":"mcm","clk":"11798120787","pt":1723031789464,"mc":[{"id":"1.231453171","rc":[{"ltp":1.35,"id":414464},{"ltp":3.8,"id":7337}]}]}
{"op":"mcm","clk":"11798126451","pt":1723031849119,"mc":[{"id":"1.231453171","rc":[{"ltp":3.9,"id":7337}]}]}
{"op":"mcm","clk":"11798132266","pt":1723031909309,"mc":[{"id":"1.231453171","rc":[{"ltp":1.34,"id":414464}]}]}
{"op":"mcm","clk":"11798138153","pt":1723031969371,"mc":[{"id":"1.231453171","rc":[{"ltp":1.35,"id":414464}]}]}
{"op":"mcm","clk":"11798143124","pt":1723032029237,"mc":[{"id":"1.231453171","rc":[{"ltp":3.85,"id":7337}]}]}
{"op":"mcm","clk":"11798148509","pt":1723032089420,"mc":[{"id":"1.231453171","rc":[{"ltp":1.33,"id":414464},{"ltp":4.0,"id":7337}]}]}
{"op":"mcm","clk":"11798153585","pt":1723032149402,"mc":[{"id":"1.231453171","rc":[{"ltp":1.34,"id":414464},{"ltp":3.9,"id":7337}]}]}
{"op":"mcm","clk":"11798158149","pt":1723032209446,"mc":[{"id":"1.231453171","rc":[{"ltp":1.33,"id":414464},{"ltp":4.0,"id":7337}]}]}
{"op":"mcm","clk":"11798162697","pt":1723032269417,"mc":[{"id":"1.231453171","rc":[{"ltp":1.37,"id":414464},{"ltp":3.75,"id":7337}]}]}
{"op":"mcm","clk":"11798167143","pt":1723032329469,"mc":[{"id":"1.231453171","rc":[{"ltp":1.35,"id":414464}]}]}
{"op":"mcm","clk":"11798171298","pt":1723032389326,"mc":[{"id":"1.231453171","rc":[{"ltp":1.39,"id":414464},{"ltp":3.7,"id":7337}]}]}
{"op":"mcm","clk":"11798175472","pt":1723032449392,"mc":[{"id":"1.231453171","rc":[{"ltp":1.43,"id":414464},{"ltp":3.4,"id":7337}]}]}
{"op":"mcm","clk":"11798179478","pt":1723032509373,"mc":[{"id":"1.231453171","rc":[{"ltp":3.35,"id":7337}]}]}
{"op":"mcm","clk":"11798183460","pt":1723032569338,"mc":[{"id":"1.231453171","rc":[{"ltp":3.3,"id":7337}]}]}
{"op":"mcm","clk":"11798187630","pt":1723032629402,"mc":[{"id":"1.231453171","rc":[{"ltp":1.38,"id":414464},{"ltp":3.55,"id":7337}]}]}
{"op":"mcm","clk":"11798191474","pt":1723032689392,"mc":[{"id":"1.231453171","rc":[{"ltp":1.37,"id":414464},{"ltp":3.7,"id":7337}]}]}
{"op":"mcm","clk":"11798195835","pt":1723032749463,"mc":[{"id":"1.231453171","rc":[{"ltp":1.35,"id":414464},{"ltp":3.85,"id":7337}]}]}
{"op":"mcm","clk":"11798208608","pt":1723032809411,"mc":[{"id":"1.231453171","rc":[{"ltp":1.33,"id":414464},{"ltp":4.0,"id":7337}]}]}
{"op":"mcm","clk":"11798213636","pt":1723032869475,"mc":[{"id":"1.231453171","rc":[{"ltp":1.34,"id":414464}]}]}
{"op":"mcm","clk":"11798218580","pt":1723032929447,"mc":[{"id":"1.231453171","rc":[{"ltp":3.95,"id":7337}]}]}
{"op":"mcm","clk":"11798223841","pt":1723032989224,"mc":[{"id":"1.231453171","rc":[{"ltp":1.36,"id":414464},{"ltp":3.8,"id":7337}]}]}
{"op":"mcm","clk":"11798232956","pt":1723033109412,"mc":[{"id":"1.231453171","rc":[{"ltp":1.41,"id":414464},{"ltp":3.5,"id":7337}]}]}
{"op":"mcm","clk":"11798237861","pt":1723033169454,"mc":[{"id":"1.231453171","rc":[{"ltp":1.39,"id":414464}]}]}
{"op":"mcm","clk":"11798242138","pt":1723033229212,"mc":[{"id":"1.231453171","rc":[{"ltp":1.37,"id":414464},{"ltp":3.75,"id":7337}]}]}
{"op":"mcm","clk":"11798246224","pt":1723033289376,"mc":[{"id":"1.231453171","rc":[{"ltp":3.65,"id":7337}]}]}
{"op":"mcm","clk":"11798250033","pt":1723033349341,"mc":[{"id":"1.231453171","rc":[{"ltp":1.39,"id":414464},{"ltp":3.55,"id":7337}]}]}
{"op":"mcm","clk":"11798253916","pt":1723033409422,"mc":[{"id":"1.231453171","rc":[{"ltp":1.41,"id":414464},{"ltp":3.4,"id":7337}]}]}
{"op":"mcm","clk":"11798257493","pt":1723033469455,"mc":[{"id":"1.231453171","rc":[{"ltp":1.4,"id":414464},{"ltp":3.55,"id":7337}]}]}
{"op":"mcm","clk":"11798260576","pt":1723033529124,"mc":[{"id":"1.231453171","rc":[{"ltp":1.39,"id":414464}]}]}
{"op":"mcm","clk":"11798263926","pt":1723033589106,"mc":[{"id":"1.231453171","rc":[{"ltp":3.6,"id":7337}]}]}
{"op":"mcm","clk":"11798267338","pt":1723033648778,"mc":[{"id":"1.231453171","rc":[{"ltp":1.38,"id":414464}]}]}
{"op":"mcm","clk":"11798275737","pt":1723033768691,"mc":[{"id":"1.231453171","rc":[{"ltp":1.39,"id":414464},{"ltp":3.55,"id":7337}]}]}
{"op":"mcm","clk":"11798280545","pt":1723033829462,"mc":[{"id":"1.231453171","rc":[{"ltp":1.38,"id":414464}]}]}
{"op":"mcm","clk":"11798285124","pt":1723033889300,"mc":[{"id":"1.231453171","rc":[{"ltp":3.6,"id":7337}]}]}
{"op":"mcm","clk":"11798289851","pt":1723033949377,"mc":[{"id":"1.231453171","rc":[{"ltp":3.55,"id":7337}]}]}
{"op":"mcm","clk":"11798294569","pt":1723034009272,"mc":[{"id":"1.231453171","rc":[{"ltp":1.39,"id":414464}]}]}
{"op":"mcm","clk":"11798303329","pt":1723034129132,"mc":[{"id":"1.231453171","rc":[{"ltp":3.6,"id":7337}]}]}
{"op":"mcm","clk":"11798307187","pt":1723034189462,"mc":[{"id":"1.231453171","rc":[{"ltp":1.38,"id":414464}]}]}
{"op":"mcm","clk":"11798310963","pt":1723034249457,"mc":[{"id":"1.231453171","rc":[{"ltp":1.39,"id":414464}]}]}
{"op":"mcm","clk":"11798314832","pt":1723034309404,"mc":[{"id":"1.231453171","rc":[{"ltp":1.36,"id":414464},{"ltp":3.7,"id":7337}]}]}
{"op":"mcm","clk":"11798318140","pt":1723034369267,"mc":[{"id":"1.231453171","rc":[{"ltp":1.37,"id":414464}]}]}
{"op":"mcm","clk":"11798321187","pt":1723034429131,"mc":[{"id":"1.231453171","rc":[{"ltp":3.65,"id":7337}]}]}
{"op":"mcm","clk":"11798323963","pt":1723034489432,"mc":[{"id":"1.231453171","rc":[{"ltp":1.38,"id":414464},{"ltp":3.7,"id":7337}]}]}
{"op":"mcm","clk":"11798326893","pt":1723034549075,"mc":[{"id":"1.231453171","rc":[{"ltp":3.65,"id":7337}]}]}
{"op":"mcm","clk":"11798332296","pt":1723034669408,"mc":[{"id":"1.231453171","rc":[{"ltp":1.36,"id":414464},{"ltp":3.7,"id":7337}]}]}
{"op":"mcm","clk":"11798335088","pt":1723034728974,"mc":[{"id":"1.231453171","rc":[{"ltp":1.37,"id":414464}]}]}
{"op":"mcm","clk":"11798344914","pt":1723034908752,"mc":[{"id":"1.231453171","rc":[{"ltp":3.65,"id":7337}]}]}
{"op":"mcm","clk":"11798352220","pt":1723035029455,"mc":[{"id":"1.231453171","rc":[{"ltp":1.38,"id":414464},{"ltp":3.7,"id":7337}]}]}
{"op":"mcm","clk":"11798356234","pt":1723035089423,"mc":[{"id":"1.231453171","rc":[{"ltp":1.35,"id":414464},{"ltp":3.9,"id":7337}]}]}
{"op":"mcm","clk":"11798359388","pt":1723035149481,"mc":[{"id":"1.231453171","rc":[{"ltp":3.85,"id":7337}]}]}
{"op":"mcm","clk":"11798362627","pt":1723035209460,"mc":[{"id":"1.231453171","rc":[{"ltp":1.36,"id":414464},{"ltp":3.8,"id":7337}]}]}
{"op":"mcm","clk":"11798365926","pt":1723035269466,"mc":[{"id":"1.231453171","rc":[{"ltp":3.7,"id":7337}]}]}
{"op":"mcm","clk":"11798368549","pt":1723035329306,"mc":[{"id":"1.231453171","rc":[{"ltp":1.37,"id":414464}]}]}
{"op":"mcm","clk":"11798377000","pt":1723035509425,"mc":[{"id":"1.231453171","rc":[{"ltp":1.31,"id":414464},{"ltp":4.2,"id":7337}]}]}
{"op":"mcm","clk":"11798380106","pt":1723035569378,"mc":[{"id":"1.231453171","rc":[{"ltp":4.3,"id":7337}]}]}
{"op":"mcm","clk":"11798387158","pt":1723035689365,"mc":[{"id":"1.231453171","rc":[{"ltp":4.2,"id":7337}]}]}
{"op":"mcm","clk":"11798391037","pt":1723035749480,"mc":[{"id":"1.231453171","rc":[{"ltp":1.33,"id":414464},{"ltp":4.0,"id":7337}]}]}
{"op":"mcm","clk":"11798395235","pt":1723035809431,"mc":[{"id":"1.231453171","rc":[{"ltp":1.34,"id":414464},{"ltp":3.9,"id":7337}]}]}
{"op":"mcm","clk":"11798399242","pt":1723035869485,"mc":[{"id":"1.231453171","rc":[{"ltp":1.32,"id":414464},{"ltp":4.1,"id":7337}]}]}
{"op":"mcm","clk":"11798403302","pt":1723035929463,"mc":[{"id":"1.231453171","rc":[{"ltp":1.3,"id":414464},{"ltp":4.3,"id":7337}]}]}
{"op":"mcm","clk":"11798407884","pt":1723035989403,"mc":[{"id":"1.231453171","rc":[{"ltp":1.25,"id":414464},{"ltp":5.0,"id":7337}]}]}
{"op":"mcm","clk":"11798412373","pt":1723036049462,"mc":[{"id":"1.231453171","rc":[{"ltp":1.17,"id":414464},{"ltp":6.8,"id":7337}]}]}
{"op":"mcm","clk":"11798416141","pt":1723036109472,"mc":[{"id":"1.231453171","rc":[{"ltp":1.16,"id":414464},{"ltp":7.2,"id":7337}]}]}
{"op":"mcm","clk":"11798419765","pt":1723036169468,"mc":[{"id":"1.231453171","rc":[{"ltp":1.15,"id":414464},{"ltp":7.6,"id":7337}]}]}
{"op":"mcm","clk":"11798423513","pt":1723036229435,"mc":[{"id":"1.231453171","rc":[{"ltp":1.16,"id":414464},{"ltp":7.2,"id":7337}]}]}
{"op":"mcm","clk":"11798427088","pt":1723036289476,"mc":[{"id":"1.231453171","rc":[{"ltp":1.33,"id":414464},{"ltp":4.1,"id":7337}]}]}
{"op":"mcm","clk":"11798430228","pt":1723036349443,"mc":[{"id":"1.231453171","rc":[{"ltp":1.34,"id":414464},{"ltp":3.9,"id":7337}]}]}
{"op":"mcm","clk":"11798433371","pt":1723036409439,"mc":[{"id":"1.231453171","rc":[{"ltp":1.31,"id":414464},{"ltp":4.2,"id":7337}]}]}
{"op":"mcm","clk":"11798436610","pt":1723036469422,"mc":[{"id":"1.231453171","rc":[{"ltp":1.26,"id":414464},{"ltp":4.9,"id":7337}]}]}
{"op":"mcm","clk":"11798440022","pt":1723036529383,"mc":[{"id":"1.231453171","rc":[{"ltp":4.8,"id":7337}]}]}
{"op":"mcm","clk":"11798443682","pt":1723036589452,"mc":[{"id":"1.231453171","rc":[{"ltp":1.3,"id":414464},{"ltp":4.6,"id":7337}]}]}
{"op":"mcm","clk":"11798446781","pt":1723036649460,"mc":[{"id":"1.231453171","rc":[{"ltp":4.5,"id":7337}]}]}
{"op":"mcm","clk":"11798450189","pt":1723036709398,"mc":[{"id":"1.231453171","rc":[{"ltp":1.29,"id":414464}]}]}
{"op":"mcm","clk":"11798453457","pt":1723036769392,"mc":[{"id":"1.231453171","rc":[{"ltp":1.3,"id":414464},{"ltp":4.3,"id":7337}]}]}
{"op":"mcm","clk":"11798460500","pt":1723036889416,"mc":[{"id":"1.231453171","rc":[{"ltp":1.26,"id":414464},{"ltp":4.4,"id":7337}]}]}
{"op":"mcm","clk":"11798464083","pt":1723036949353,"mc":[{"id":"1.231453171","rc":[{"ltp":1.19,"id":414464},{"ltp":6.2,"id":7337}]}]}
{"op":"mcm","clk":"11798468208","pt":1723037009414,"mc":[{"id":"1.231453171","rc":[{"ltp":1.47,"id":414464},{"ltp":3.2,"id":7337}]}]}
{"op":"mcm","clk":"11798472209","pt":1723037069401,"mc":[{"id":"1.231453171","rc":[{"ltp":1.5,"id":414464},{"ltp":3.0,"id":7337}]}]}
{"op":"mcm","clk":"11798476391","pt":1723037129410,"mc":[{"id":"1.231453171","rc":[{"ltp":1.47,"id":414464},{"ltp":3.05,"id":7337}]}]}
{"op":"mcm","clk":"11798479987","pt":1723037189482,"mc":[{"id":"1.231453171","rc":[{"ltp":1.39,"id":414464},{"ltp":3.55,"id":7337}]}]}
{"op":"mcm","clk":"11798483465","pt":1723037249458,"mc":[{"id":"1.231453171","rc":[{"ltp":1.4,"id":414464},{"ltp":3.5,"id":7337}]}]}
{"op":"mcm","clk":"11798486872","pt":1723037309208,"mc":[{"id":"1.231453171","rc":[{"ltp":1.39,"id":414464}]}]}
{"op":"mcm","clk":"11798490163","pt":1723037369392,"mc":[{"id":"1.231453171","rc":[{"ltp":1.4,"id":414464},{"ltp":3.4,"id":7337}]}]}
{"op":"mcm","clk":"11798493451","pt":1723037429281,"mc":[{"id":"1.231453171","rc":[{"ltp":3.5,"id":7337}]}]}
{"op":"mcm","clk":"11798496744","pt":1723037489447,"mc":[{"id":"1.231453171","rc":[{"ltp":3.4,"id":7337}]}]}
{"op":"mcm","clk":"11798500036","pt":1723037549311,"mc":[{"id":"1.231453171","rc":[{"ltp":1.35,"id":414464},{"ltp":3.85,"id":7337}]}]}
{"op":"mcm","clk":"11798503240","pt":1723037609390,"mc":[{"id":"1.231453171","rc":[{"ltp":1.37,"id":414464},{"ltp":3.6,"id":7337}]}]}
{"op":"mcm","clk":"11798506928","pt":1723037669409,"mc":[{"id":"1.231453171","rc":[{"ltp":1.39,"id":414464},{"ltp":3.55,"id":7337}]}]}
{"op":"mcm","clk":"11798510687","pt":1723037729394,"mc":[{"id":"1.231453171","rc":[{"ltp":1.74,"id":414464},{"ltp":2.34,"id":7337}]}]}
{"op":"mcm","clk":"11798514728","pt":1723037789464,"mc":[{"id":"1.231453171","rc":[{"ltp":1.7,"id":414464},{"ltp":2.42,"id":7337}]}]}
{"op":"mcm","clk":"11798518508","pt":1723037849405,"mc":[{"id":"1.231453171","rc":[{"ltp":1.53,"id":414464},{"ltp":2.88,"id":7337}]}]}
{"op":"mcm","clk":"11798522458","pt":1723037909464,"mc":[{"id":"1.231453171","rc":[{"ltp":1.54,"id":414464},{"ltp":2.84,"id":7337}]}]}
{"op":"mcm","clk":"11798526226","pt":1723037969459,"mc":[{"id":"1.231453171","rc":[{"ltp":1.57,"id":414464},{"ltp":2.72,"id":7337}]}]}
{"op":"mcm","clk":"11798530149","pt":1723038029452,"mc":[{"id":"1.231453171","rc":[{"ltp":1.55,"id":414464},{"ltp":2.82,"id":7337}]}]}
{"op":"mcm","clk":"11798533863","pt":1723038089448,"mc":[{"id":"1.231453171","rc":[{"ltp":2.3,"id":414464},{"ltp":1.76,"id":7337}]}]}
{"op":"mcm","clk":"11798537870","pt":1723038149473,"mc":[{"id":"1.231453171","rc":[{"ltp":2.5,"id":414464},{"ltp":1.66,"id":7337}]}]}
{"op":"mcm","clk":"11798550302","pt":1723038209454,"mc":[{"id":"1.231453171","rc":[{"ltp":2.38,"id":414464},{"ltp":1.72,"id":7337}]}]}
{"op":"mcm","clk":"11798554276","pt":1723038269413,"mc":[{"id":"1.231453171","rc":[{"ltp":2.2,"id":414464},{"ltp":1.84,"id":7337}]}]}
{"op":"mcm","clk":"11798558480","pt":1723038329470,"mc":[{"id":"1.231453171","rc":[{"ltp":2.22,"id":414464},{"ltp":1.82,"id":7337}]}]}
{"op":"mcm","clk":"11798563068","pt":1723038389442,"mc":[{"id":"1.231453171","rc":[{"ltp":2.42,"id":414464},{"ltp":1.7,"id":7337}]}]}
{"op":"mcm","clk":"11798567715","pt":1723038449399,"mc":[{"id":"1.231453171","rc":[{"ltp":2.34,"id":414464},{"ltp":1.74,"id":7337}]}]}
{"op":"mcm","clk":"11798572504","pt":1723038509398,"mc":[{"id":"1.231453171","rc":[{"ltp":3.5,"id":414464},{"ltp":1.39,"id":7337}]}]}
{"op":"mcm","clk":"11798576807","pt":1723038569448,"mc":[{"id":"1.231453171","rc":[{"ltp":3.55,"id":414464}]}]}
{"op":"mcm","clk":"11798581181","pt":1723038629410,"mc":[{"id":"1.231453171","rc":[{"ltp":3.25,"id":414464},{"ltp":1.44,"id":7337}]}]}
{"op":"mcm","clk":"11798585596","pt":1723038689390,"mc":[{"id":"1.231453171","rc":[{"ltp":2.9,"id":414464},{"ltp":1.52,"id":7337}]}]}
{"op":"mcm","clk":"11798589939","pt":1723038749451,"mc":[{"id":"1.231453171","rc":[{"ltp":4.3,"id":414464},{"ltp":1.3,"id":7337}]}]}
{"op":"mcm","clk":"11798594504","pt":1723038809417,"mc":[{"id":"1.231453171","rc":[{"ltp":6.0,"id":414464},{"ltp":1.2,"id":7337}]}]}
{"op":"mcm","clk":"11798602988","pt":1723038929484,"mc":[{"id":"1.231453171","rc":[{"ltp":6.8,"id":414464},{"ltp":1.17,"id":7337}]}]}
{"op":"mcm","clk":"11798606344","pt":1723038989407,"mc":[{"id":"1.231453171","rc":[{"ltp":6.2,"id":414464},{"ltp":1.19,"id":7337}]}]}
{"op":"mcm","clk":"11798609971","pt":1723039049403,"mc":[{"id":"1.231453171","rc":[{"ltp":6.4,"id":414464},{"ltp":1.18,"id":7337}]}]}
{"op":"mcm","clk":"11798613323","pt":1723039109464,"mc":[{"id":"1.231453171","rc":[{"ltp":5.7,"id":414464},{"ltp":1.21,"id":7337}]}]}
{"op":"mcm","clk":"11798616720","pt":1723039169438,"mc":[{"id":"1.231453171","rc":[{"ltp":6.2,"id":414464},{"ltp":1.2,"id":7337}]}]}
{"op":"mcm","clk":"11798620924","pt":1723039229475,"mc":[{"id":"1.231453171","rc":[{"ltp":5.8,"id":414464},{"ltp":1.21,"id":7337}]}]}
{"op":"mcm","clk":"11798625375","pt":1723039289465,"mc":[{"id":"1.231453171","rc":[{"ltp":5.5,"id":414464},{"ltp":1.22,"id":7337}]}]}
{"op":"mcm","clk":"11798629628","pt":1723039349290,"mc":[{"id":"1.231453171","rc":[{"ltp":5.3,"id":414464},{"ltp":1.23,"id":7337}]}]}
{"op":"mcm","clk":"11798642890","pt":1723039529455,"mc":[{"id":"1.231453171","rc":[{"ltp":5.5,"id":414464},{"ltp":1.22,"id":7337}]}]}
{"op":"mcm","clk":"11798647202","pt":1723039589403,"mc":[{"id":"1.231453171","rc":[{"ltp":5.3,"id":414464},{"ltp":1.23,"id":7337}]}]}
{"op":"mcm","clk":"11798651401","pt":1723039649477,"mc":[{"id":"1.231453171","rc":[{"ltp":4.9,"id":414464},{"ltp":1.26,"id":7337}]}]}
{"op":"mcm","clk":"11798655428","pt":1723039709435,"mc":[{"id":"1.231453171","rc":[{"ltp":13.5,"id":414464},{"ltp":1.08,"id":7337}]}]}
{"op":"mcm","clk":"11798659696","pt":1723039769481,"mc":[{"id":"1.231453171","rc":[{"ltp":18.0,"id":414464},{"ltp":1.06,"id":7337}]}]}
{"op":"mcm","clk":"11798663987","pt":1723039829467,"mc":[{"id":"1.231453171","rc":[{"ltp":22.0,"id":414464},{"ltp":1.05,"id":7337}]}]}
{"op":"mcm","clk":"11798668134","pt":1723039889408,"mc":[{"id":"1.231453171","rc":[{"ltp":21.0,"id":414464}]}]}
{"op":"mcm","clk":"11798679496","pt":1723040069392,"mc":[{"id":"1.231453171","rc":[{"ltp":100.0,"id":414464},{"ltp":1.01,"id":7337}]}]}
{"op":"mcm","clk":"11798683379","pt":1723040129442,"mc":[{"id":"1.231453171","rc":[{"ltp":130.0,"id":414464}]}]}
{"op":"mcm","clk":"11798687704","pt":1723040189432,"mc":[{"id":"1.231453171","rc":[{"ltp":180.0,"id":414464}]}]}
{"op":"mcm","clk":"11798691801","pt":1723040249290,"mc":[{"id":"1.231453171","rc":[{"ltp":130.0,"id":414464}]}]}
{"op":"mcm","clk":"11798696182","pt":1723040309437,"mc":[{"id":"1.231453171","rc":[{"ltp":150.0,"id":414464}]}]}
{"op":"mcm","clk":"11798700428","pt":1723040369384,"mc":[{"id":"1.231453171","rc":[{"ltp":160.0,"id":414464}]}]}
{"op":"mcm","clk":"11798704616","pt":1723040429472,"mc":[{"id":"1.231453171","rc":[{"ltp":120.0,"id":414464}]}]}
{"op":"mcm","clk":"11798709044","pt":1723040489217,"mc":[{"id":"1.231453171","rc":[{"ltp":130.0,"id":414464}]}]}
{"op":"mcm","clk":"11798718471","pt":1723040609329,"mc":[{"id":"1.231453171","rc":[{"ltp":150.0,"id":414464}]}]}
{"op":"mcm","clk":"11798723073","pt":1723040669021,"mc":[{"id":"1.231453171","rc":[{"ltp":180.0,"id":414464}]}]}
{"op":"mcm","clk":"11798727909","pt":1723040729264,"mc":[{"id":"1.231453171","rc":[{"ltp":140.0,"id":414464}]}]}
{"op":"mcm","clk":"11798732063","pt":1723040789033,"mc":[{"id":"1.231453171","rc":[{"ltp":170.0,"id":414464}]}]}
{"op":"mcm","clk":"11798739042","pt":1723040909474,"mc":[{"id":"1.231453171","rc":[{"ltp":110.0,"id":414464}]}]}
{"op":"mcm","clk":"11798742817","pt":1723040969343,"mc":[{"id":"1.231453171","rc":[{"ltp":70.0,"id":414464},{"ltp":1.02,"id":7337}]}]}
{"op":"mcm","clk":"11798747037","pt":1723041029414,"mc":[{"id":"1.231453171","rc":[{"ltp":34.0,"id":414464},{"ltp":1.03,"id":7337}]}]}
{"op":"mcm","clk":"11798751801","pt":1723041089436,"mc":[{"id":"1.231453171","rc":[{"ltp":50.0,"id":414464},{"ltp":1.02,"id":7337}]}]}
{"op":"mcm","clk":"11798756324","pt":1723041149419,"mc":[{"id":"1.231453171","rc":[{"ltp":34.0,"id":414464},{"ltp":1.03,"id":7337}]}]}
{"op":"mcm","clk":"11798760860","pt":1723041209473,"mc":[{"id":"1.231453171","rc":[{"ltp":30.0,"id":414464},{"ltp":1.04,"id":7337}]}]}
{"op":"mcm","clk":"11798765508","pt":1723041269483,"mc":[{"id":"1.231453171","rc":[{"ltp":34.0,"id":414464},{"ltp":1.03,"id":7337}]}]}
{"op":"mcm","clk":"11798770436","pt":1723041329314,"mc":[{"id":"1.231453171","rc":[{"ltp":36.0,"id":414464}]}]}
{"op":"mcm","clk":"11798775346","pt":1723041389374,"mc":[{"id":"1.231453171","rc":[{"ltp":22.0,"id":414464},{"ltp":1.04,"id":7337}]}]}
{"op":"mcm","clk":"11798780217","pt":1723041449435,"mc":[{"id":"1.231453171","rc":[{"ltp":26.0,"id":414464}]}]}
{"op":"mcm","clk":"11798785623","pt":1723041509427,"mc":[{"id":"1.231453171","rc":[{"ltp":27.0,"id":414464}]}]}
{"op":"mcm","clk":"11798790817","pt":1723041569449,"mc":[{"id":"1.231453171","rc":[{"ltp":34.0,"id":414464},{"ltp":1.03,"id":7337}]}]}
{"op":"mcm","clk":"11798795857","pt":1723041629436,"mc":[{"id":"1.231453171","rc":[{"ltp":28.0,"id":414464},{"ltp":1.04,"id":7337}]}]}
{"op":"mcm","clk":"11798800417","pt":1723041689300,"mc":[{"id":"1.231453171","rc":[{"ltp":32.0,"id":414464}]}]}
{"op":"mcm","clk":"11798805039","pt":1723041749266,"mc":[{"id":"1.231453171","rc":[{"ltp":34.0,"id":414464},{"ltp":1.03,"id":7337}]}]}
{"op":"mcm","clk":"11798810412","pt":1723041809451,"mc":[{"id":"1.231453171","rc":[{"ltp":30.0,"id":414464}]}]}
{"op":"mcm","clk":"11798815444","pt":1723041869411,"mc":[{"id":"1.231453171","rc":[{"ltp":1.04,"id":7337}]}]}
{"op":"mcm","clk":"11798820021","pt":1723041929382,"mc":[{"id":"1.231453171","rc":[{"ltp":36.0,"id":414464},{"ltp":1.03,"id":7337}]}]}
{"op":"mcm","clk":"11798824522","pt":1723041988840,"mc":[{"id":"1.231453171","rc":[{"ltp":300.0,"id":414464},{"ltp":1.01,"id":7337}]}]}
{"op":"mcm","clk":"11798829099","pt":1723042049473,"mc":[{"id":"1.231453171","rc":[{"ltp":1000.0,"id":414464}]}]}
{"op":"mcm","clk":"11798847136","pt":1723042289430,"mc":[{"id":"1.231453171","marketDefinition":{"bspMarket":false,"turnInPlayEnabled":true,"persistenceEnabled":true,"marketBaseRate":5.0,"eventId":"33468214","eventTypeId":"4","numberOfWinners":1,"bettingType":"ODDS","marketType":"MATCH_ODDS","marketTime":"2024-08-07T09:00:00.000Z","suspendTime":"2024-08-07T09:00:00.000Z","bspReconciled":false,"complete":true,"inPlay":true,"crossMatching":true,"runnersVoidable":false,"numberOfActiveRunners":2,"betDelay":5,"status":"SUSPENDED","runners":[{"status":"ACTIVE","sortPriority":1,"id":7337,"name":"Sri Lanka"},{"status":"ACTIVE","sortPriority":2,"id":414464,"name":"India"}],"regulators":["MR_INT"],"countryCode":"GB","discountAllowed":true,"timezone":"GMT","openDate":"2024-08-07T09:00:00.000Z","version":6060691170,"name":"Match Odds","eventName":"Sri Lanka v India"}}]}
{"op":"mcm","clk":"11798860902","pt":1723042467030,"mc":[{"id":"1.231453171","marketDefinition":{"bspMarket":false,"turnInPlayEnabled":true,"persistenceEnabled":true,"marketBaseRate":5.0,"eventId":"33468214","eventTypeId":"4","numberOfWinners":1,"bettingType":"ODDS","marketType":"MATCH_ODDS","marketTime":"2024-08-07T09:00:00.000Z","suspendTime":"2024-08-07T09:00:00.000Z","bspReconciled":false,"complete":true,"inPlay":true,"crossMatching":false,"runnersVoidable":false,"numberOfActiveRunners":0,"betDelay":5,"status":"CLOSED","settledTime":"2024-08-07T14:52:26.000Z","runners":[{"status":"WINNER","sortPriority":1,"id":7337,"name":"Sri Lanka"},{"status":"LOSER","sortPriority":2,"id":414464,"name":"India"}],"regulators":["MR_INT"],"countryCode":"GB","discountAllowed":true,"timezone":"GMT","openDate":"2024-08-07T09:00:00.000Z","version":6060693227,"name":"Match Odds","eventName":"Sri Lanka v India"}}]}
