{"op":"mcm","clk":"11833623590","pt":1723117225019,"mc":[{"id":"1.231583502","marketDefinition":{"bspMarket":false,"turnInPlayEnabled":true,"persistenceEnabled":true,"marketBaseRate":5.0,"eventId":"33477704","eventTypeId":"4","numberOfWinners":1,"bettingType":"ODDS","marketType":"MATCH_ODDS","marketTime":"2024-08-10T10:00:00.000Z","suspendTime":"2024-08-10T10:00:00.000Z","bspReconciled":false,"complete":true,"inPlay":false,"crossMatching":true,"runnersVoidable":false,"numberOfActiveRunners":2,"betDelay":0,"status":"OPEN","runners":[{"status":"ACTIVE","sortPriority":1,"id":40096579,"name":"Southern Brave Women"},{"status":"ACTIVE","sortPriority":2,"id":40096580,"name":"Trent Rockets Women"}],"regulators":["MR_INT"],"countryCode":"GB","discountAllowed":true,"timezone":"GMT","openDate":"2024-08-10T10:00:00.000Z","version":6061759595,"name":"Match Odds","eventName":"Southern Brave Women v Trent Rockets Women"}}]}
{"op":"mcm","clk":"11835951860","pt":1723142169787,"mc":[{"id":"1.231583502","rc":[{"ltp":1.3,"id":40096579}]}]}
{"op":"mcm","clk":"11836066918","pt":1723142755490,"mc":[{"id":"1.231583502","rc":[{"ltp":1.3,"id":40096580}]}]}
{"op":"mcm","clk":"11836147584","pt":1723143305712,"mc":[{"id":"1.231583502","rc":[{"ltp":2.16,"id":40096579},{"ltp":1.78,"id":40096580}]}]}
{"op":"mcm","clk":"11836213917","pt":1723143797930,"mc":[{"id":"1.231583502","rc":[{"ltp":2.08,"id":40096579}]}]}
{"op":"mcm","clk":"11836884081","pt":1723152920163,"mc":[{"id":"1.231583502","rc":[{"ltp":2.1,"id":40096579},{"ltp":1.91,"id":40096580}]}]}
{"op":"mcm","clk":"11838614162","pt":1723191898614,"mc":[{"id":"1.231583502","rc":[{"ltp":2.08,"id":40096579},{"ltp":1.93,"id":40096580}]}]}
{"op":"mcm","clk":"11838618524","pt":1723191979260,"mc":[{"id":"1.231583502","rc":[{"ltp":2.1,"id":40096579},{"ltp":1.91,"id":40096580}]}]}
{"op":"mcm","clk":"11839550641","pt":1723205834327,"mc":[{"id":"1.231583502","rc":[{"ltp":1.93,"id":40096580}]}]}
{"op":"mcm","clk":"11839955279","pt":1723210483193,"mc":[{"id":"1.231583502","rc":[{"ltp":1.92,"id":40096580}]}]}
{"op":"mcm","clk":"11841450446","pt":1723223348748,"mc":[{"id":"1.231583502","rc":[{"ltp":1.91,"id":40096580}]}]}
{"op":"mcm","clk":"11841461172","pt":1723223406878,"mc":[{"id":"1.231583502","rc":[{"ltp":2.06,"id":40096579},{"ltp":1.95,"id":40096580}]}]}
{"op":"mcm","clk":"11841906012","pt":1723225694872,"mc":[{"id":"1.231583502","rc":[{"ltp":2.04,"id":40096579}]}]}
{"op":"mcm","clk":"11843354471","pt":1723233012525,"mc":[{"id":"1.231583502","rc":[{"ltp":2.08,"id":40096579},{"ltp":1.92,"id":40096580}]}]}
{"op":"mcm","clk":"11843357567","pt":1723233036848,"mc":[{"id":"1.231583502","rc":[{"ltp":1.91,"id":40096580}]}]}
{"op":"mcm","clk":"11843517391","pt":1723234277403,"mc":[{"id":"1.231583502","rc":[{"ltp":1.9,"id":40096580}]}]}
{"op":"mcm","clk":"11843581681","pt":1723234674051,"mc":[{"id":"1.231583502","rc":[{"ltp":2.06,"id":40096579}]}]}
{"op":"mcm","clk":"11843597874","pt":1723234819063,"mc":[{"id":"1.231583502","rc":[{"ltp":1.91,"id":40096580}]}]}
{"op":"mcm","clk":"11843626391","pt":1723235102485,"mc":[{"id":"1.231583502","rc":[{"ltp":1.94,"id":40096580}]}]}
{"op":"mcm","clk":"11843645555","pt":1723235289181,"mc":[{"id":"1.231583502","rc":[{"ltp":2.08,"id":40096579},{"ltp":1.92,"id":40096580}]}]}
{"op":"mcm","clk":"11843751605","pt":1723236619567,"mc":[{"id":"1.231583502","rc":[{"ltp":2.1,"id":40096579}]}]}
{"op":"mcm","clk":"11843753147","pt":1723236648249,"mc":[{"id":"1.231583502","rc":[{"ltp":1.91,"id":40096580}]}]}
{"op":"mcm","clk":"11843791892","pt":1723237383913,"mc":[{"id":"1.231583502","rc":[{"ltp":2.12,"id":40096579}]}]}
{"op":"mcm","clk":"11843809847","pt":1723237819553,"mc":[{"id":"1.231583502","rc":[{"ltp":1.9,"id":40096580}]}]}
{"op":"mcm","clk":"11843830670","pt":1723238315208,"mc":[{"id":"1.231583502","rc":[{"ltp":1.91,"id":40096580}]}]}
{"op":"mcm","clk":"11843871997","pt":1723239365693,"mc":[{"id":"1.231583502","rc":[{"ltp":2.1,"id":40096579},{"ltp":1.9,"id":40096580}]}]}
{"op":"mcm","clk":"11843924969","pt":1723240326088,"mc":[{"id":"1.231583502","rc":[{"ltp":2.08,"id":40096579}]}]}
{"op":"mcm","clk":"11843981432","pt":1723241577167,"mc":[{"id":"1.231583502","rc":[{"ltp":1.91,"id":40096580}]}]}
{"op":"mcm","clk":"11844164879","pt":1723245018579,"mc":[{"id":"1.231583502","rc":[{"ltp":1.9,"id":40096580}]}]}
{"op":"mcm","clk":"11844168120","pt":1723245079281,"mc":[{"id":"1.231583502","rc":[{"ltp":1.92,"id":40096580}]}]}
{"op":"mcm","clk":"11844395025","pt":1723248554049,"mc":[{"id":"1.231583502","rc":[{"ltp":1.9,"id":40096580}]}]}
{"op":"mcm","clk":"11844882726","pt":1723254303629,"mc":[{"id":"1.231583502","rc":[{"ltp":1.91,"id":40096580}]}]}
{"op":"mcm","clk":"11844989963","pt":1723255568457,"mc":[{"id":"1.231583502","rc":[{"ltp":1.9,"id":40096580}]}]}
{"op":"mcm","clk":"11845003588","pt":1723255734357,"mc":[{"id":"1.231583502","rc":[{"ltp":1.91,"id":40096580}]}]}
{"op":"mcm","clk":"11845015655","pt":1723255880597,"mc":[{"id":"1.231583502","rc":[{"ltp":1.9,"id":40096580}]}]}
{"op":"mcm","clk":"11845044003","pt":1723256038168,"mc":[{"id":"1.231583502","rc":[{"ltp":1.91,"id":40096580}]}]}
{"op":"mcm","clk":"11845154545","pt":1723257370735,"mc":[{"id":"1.231583502","rc":[{"ltp":1.92,"id":40096580}]}]}
{"op":"mcm","clk":"11845423156","pt":1723261612643,"mc":[{"id":"1.231583502","rc":[{"ltp":1.93,"id":40096580}]}]}
{"op":"mcm","clk":"11845425777","pt":1723261666211,"mc":[{"id":"1.231583502","rc":[{"ltp":1.92,"id":40096580}]}]}
{"op":"mcm","clk":"11845432253","pt":1723261811872,"mc":[{"id":"1.231583502","rc":[{"ltp":1.93,"id":40096580}]}]}
{"op":"mcm","clk":"11845439459","pt":1723261975276,"mc":[{"id":"1.231583502","rc":[{"ltp":1.92,"id":40096580}]}]}
{"op":"mcm","clk":"11845465859","pt":1723262475017,"mc":[{"id":"1.231583502","rc":[{"ltp":1.9,"id":40096580}]}]}
{"op":"mcm","clk":"11845508857","pt":1723263122993,"mc":[{"id":"1.231583502","rc":[{"ltp":1.91,"id":40096580}]}]}
{"op":"mcm","clk":"11845541577","pt":1723263707435,"mc":[{"id":"1.231583502","rc":[{"ltp":1.92,"id":40096580}]}]}
{"op":"mcm","clk":"11845634629","pt":1723265834433,"mc":[{"id":"1.231583502","rc":[{"ltp":1.91,"id":40096580}]}]}
{"op":"mcm","clk":"11845658430","pt":1723266359897,"mc":[{"id":"1.231583502","rc":[{"ltp":1.92,"id":40096580}]}]}
{"op":"mcm","clk":"11845717741","pt":1723267294096,"mc":[{"id":"1.231583502","rc":[{"ltp":1.91,"id":40096580}]}]}
{"op":"mcm","clk":"11845744418","pt":1723267997410,"mc":[{"id":"1.231583502","rc":[{"ltp":1.92,"id":40096580}]}]}
{"op":"mcm","clk":"11845786117","pt":1723269064138,"mc":[{"id":"1.231583502","rc":[{"ltp":1.91,"id":40096580}]}]}
{"op":"mcm","clk":"11845804680","pt":1723269540079,"mc":[{"id":"1.231583502","rc":[{"ltp":1.92,"id":40096580}]}]}
{"op":"mcm","clk":"11845846169","pt":1723270485315,"mc":[{"id":"1.231583502","rc":[{"ltp":1.91,"id":40096580}]}]}
{"op":"mcm","clk":"11845873283","pt":1723271049052,"mc":[{"id":"1.231583502","rc":[{"ltp":1.9,"id":40096580}]}]}
{"op":"mcm","clk":"11845876549","pt":1723271117364,"mc":[{"id":"1.231583502","rc":[{"ltp":1.92,"id":40096580}]}]}
{"op":"mcm","clk":"11845879009","pt":1723271168041,"mc":[{"id":"1.231583502","rc":[{"ltp":1.91,"id":40096580}]}]}
{"op":"mcm","clk":"11845899759","pt":1723271591278,"mc":[{"id":"1.231583502","rc":[{"ltp":1.92,"id":40096580}]}]}
{"op":"mcm","clk":"11845905001","pt":1723271709624,"mc":[{"id":"1.231583502","rc":[{"ltp":1.91,"id":40096580}]}]}
{"op":"mcm","clk":"11845906753","pt":1723271743890,"mc":[{"id":"1.231583502","rc":[{"ltp":2.06,"id":40096579},{"ltp":1.92,"id":40096580}]}]}
{"op":"mcm","clk":"11846014538","pt":1723273599914,"mc":[{"id":"1.231583502","rc":[{"ltp":2.08,"id":40096579}]}]}
{"op":"mcm","clk":"11846039676","pt":1723273997369,"mc":[{"id":"1.231583502","rc":[{"ltp":1.91,"id":40096580}]}]}
{"op":"mcm","clk":"11846073944","pt":1723274480981,"mc":[{"id":"1.231583502","rc":[{"ltp":1.92,"id":40096580}]}]}
{"op":"mcm","clk":"11846107573","pt":1723275029368,"mc":[{"id":"1.231583502","rc":[{"ltp":1.91,"id":40096580}]}]}
{"op":"mcm","clk":"11846367022","pt":1723278140828,"mc":[{"id":"1.231583502","rc":[{"ltp":1.92,"id":40096580}]}]}
{"op":"mcm","clk":"11846369177","pt":1723278166345,"mc":[{"id":"1.231583502","rc":[{"ltp":2.1,"id":40096579},{"ltp":1.91,"id":40096580}]}]}
{"op":"mcm","clk":"11846380973","pt":1723278317117,"mc":[{"id":"1.231583502","rc":[{"ltp":2.08,"id":40096579}]}]}
{"op":"mcm","clk":"11846422935","pt":1723278780325,"mc":[{"id":"1.231583502","rc":[{"ltp":1.9,"id":40096580}]}]}
{"op":"mcm","clk":"11846435766","pt":1723278912372,"mc":[{"id":"1.231583502","rc":[{"ltp":1.91,"id":40096580}]}]}
{"op":"mcm","clk":"11846478777","pt":1723279334137,"mc":[{"id":"1.231583502","rc":[{"ltp":1.92,"id":40096580}]}]}
{"op":"mcm","clk":"11846484138","pt":1723279392631,"mc":[{"id":"1.231583502","rc":[{"ltp":1.93,"id":40096580}]}]}
{"op":"mcm","clk":"11846489660","pt":1723279450794,"mc":[{"id":"1.231583502","rc":[{"ltp":1.92,"id":40096580}]}]}
{"op":"mcm","clk":"11846503100","pt":1723279598289,"mc":[{"id":"1.231583502","rc":[{"ltp":2.06,"id":40096579}]}]}
{"op":"mcm","clk":"11846517795","pt":1723279760060,"mc":[{"id":"1.231583502","rc":[{"ltp":1.93,"id":40096580}]}]}
{"op":"mcm","clk":"11846526506","pt":1723279857375,"mc":[{"id":"1.231583502","rc":[{"ltp":1.92,"id":40096580}]}]}
{"op":"mcm","clk":"11846572353","pt":1723280353841,"mc":[{"id":"1.231583502","rc":[{"ltp":2.08,"id":40096579}]}]}
{"op":"mcm","clk":"11846579933","pt":1723280421009,"mc":[{"id":"1.231583502","rc":[{"ltp":2.1,"id":40096579}]}]}
{"op":"mcm","clk":"11846598728","pt":1723280594800,"mc":[{"id":"1.231583502","rc":[{"ltp":2.08,"id":40096579}]}]}
{"op":"mcm","clk":"11846615618","pt":1723280748691,"mc":[{"id":"1.231583502","rc":[{"ltp":1.91,"id":40096580}]}]}
{"op":"mcm","clk":"11846638662","pt":1723280958319,"mc":[{"id":"1.231583502","rc":[{"ltp":1.92,"id":40096580}]}]}
{"op":"mcm","clk":"11846644122","pt":1723281008596,"mc":[{"id":"1.231583502","rc":[{"ltp":1.91,"id":40096580}]}]}
{"op":"mcm","clk":"11846678782","pt":1723281311675,"mc":[{"id":"1.231583502","rc":[{"ltp":1.92,"id":40096580}]}]}
{"op":"mcm","clk":"11846692397","pt":1723281426368,"mc":[{"id":"1.231583502","rc":[{"ltp":1.91,"id":40096580}]}]}
{"op":"mcm","clk":"11846733216","pt":1723281740614,"mc":[{"id":"1.231583502","rc":[{"ltp":1.93,"id":40096580}]}]}
{"op":"mcm","clk":"11846748330","pt":1723281858230,"mc":[{"id":"1.231583502","rc":[{"ltp":1.9,"id":40096580}]}]}
{"op":"mcm","clk":"11846756308","pt":1723281919149,"mc":[{"id":"1.231583502","rc":[{"ltp":1.92,"id":40096580}]}]}
{"op":"mcm","clk":"11846762021","pt":1723281962330,"mc":[{"id":"1.231583502","rc":[{"ltp":1.91,"id":40096580}]}]}
{"op":"mcm","clk":"11846771856","pt":1723282038022,"mc":[{"id":"1.231583502","rc":[{"ltp":2.1,"id":40096579}]}]}
{"op":"mcm","clk":"11846786302","pt":1723282158014,"mc":[{"id":"1.231583502","rc":[{"ltp":1.99,"id":40096579},{"ltp":1.93,"id":40096580}]}]}
{"op":"mcm","clk":"11846793211","pt":1723282219383,"mc":[{"id":"1.231583502","rc":[{"ltp":2.08,"id":40096579},{"ltp":1.91,"id":40096580}]}]}
{"op":"mcm","clk":"11846799958","pt":1723282278735,"mc":[{"id":"1.231583502","rc":[{"ltp":2.1,"id":40096579},{"ltp":1.92,"id":40096580}]}]}
{"op":"mcm","clk":"11846807490","pt":1723282340950,"mc":[{"id":"1.231583502","rc":[{"ltp":1.94,"id":40096579},{"ltp":2.06,"id":40096580}]}]}
{"op":"mcm","clk":"11846814668","pt":1723282400483,"mc":[{"id":"1.231583502","rc":[{"ltp":2.1,"id":40096580}]}]}
{"op":"mcm","clk":"11846822301","pt":1723282460446,"mc":[{"id":"1.231583502","rc":[{"ltp":1.91,"id":40096579}]}]}
{"op":"mcm","clk":"11846829947","pt":1723282520521,"mc":[{"id":"1.231583502","rc":[{"ltp":1.94,"id":40096579},{"ltp":2.04,"id":40096580}]}]}
{"op":"mcm","clk":"11846838018","pt":1723282580790,"mc":[{"id":"1.231583502","rc":[{"ltp":1.97,"id":40096579},{"ltp":2.02,"id":40096580}]}]}
{"op":"mcm","clk":"11846845998","pt":1723282638306,"mc":[{"id":"1.231583502","rc":[{"ltp":1.96,"id":40096579},{"ltp":2.04,"id":40096580}]}]}
{"op":"mcm","clk":"11846854977","pt":1723282699938,"mc":[{"id":"1.231583502","rc":[{"ltp":1.98,"id":40096579},{"ltp":2.0,"id":40096580}]}]}
{"op":"mcm","clk":"11846863999","pt":1723282760807,"mc":[{"id":"1.231583502","rc":[{"ltp":2.02,"id":40096580}]}]}
{"op":"mcm","clk":"11846881646","pt":1723282880673,"mc":[{"id":"1.231583502","rc":[{"ltp":1.94,"id":40096579},{"ltp":2.04,"id":40096580}]}]}
{"op":"mcm","clk":"11846890359","pt":1723282940662,"mc":[{"id":"1.231583502","rc":[{"ltp":1.93,"id":40096579},{"ltp":2.06,"id":40096580}]}]}
{"op":"mcm","clk":"11846923409","pt":1723283060496,"mc":[{"id":"1.231583502","rc":[{"ltp":1.92,"id":40096579}]}]}
{"op":"mcm","clk":"11846931865","pt":1723283119498,"mc":[{"id":"1.231583502","rc":[{"ltp":1.9,"id":40096579},{"ltp":2.1,"id":40096580}]}]}
{"op":"mcm","clk":"11846948791","pt":1723283240283,"mc":[{"id":"1.231583502","rc":[{"ltp":1.89,"id":40096579},{"ltp":2.12,"id":40096580}]}]}
{"op":"mcm","clk":"11846956647","pt":1723283298615,"mc":[{"id":"1.231583502","rc":[{"ltp":1.87,"id":40096579}]}]}
{"op":"mcm","clk":"11846964008","pt":1723283360707,"mc":[{"id":"1.231583502","rc":[{"ltp":2.16,"id":40096580}]}]}
{"op":"mcm","clk":"11846971063","pt":1723283420903,"mc":[{"id":"1.231583502","rc":[{"ltp":2.14,"id":40096580}]}]}
{"op":"mcm","clk":"11846985437","pt":1723283540384,"mc":[{"id":"1.231583502","rc":[{"ltp":1.86,"id":40096579}]}]}
{"op":"mcm","clk":"11846992450","pt":1723283600427,"mc":[{"id":"1.231583502","rc":[{"ltp":1.87,"id":40096579},{"ltp":2.12,"id":40096580}]}]}
{"op":"mcm","clk":"11846999133","pt":1723283658198,"mc":[{"id":"1.231583502","rc":[{"ltp":1.88,"id":40096579}]}]}
{"op":"mcm","clk":"11847007011","pt":1723283720846,"mc":[{"id":"1.231583502","rc":[{"ltp":1.86,"id":40096579},{"ltp":2.14,"id":40096580}]}]}
{"op":"mcm","clk":"11847014892","pt":1723283780922,"mc":[{"id":"1.231583502","rc":[{"ltp":2.16,"id":40096580}]}]}
{"op":"mcm","clk":"11847022812","pt":1723283840622,"mc":[{"id":"1.231583502","rc":[{"ltp":1.88,"id":40096579},{"ltp":2.14,"id":40096580}]}]}
{"op":"mcm","clk":"11847038795","pt":1723283960513,"mc":[{"id":"1.231583502","rc":[{"ltp":1.85,"id":40096579},{"ltp":2.16,"id":40096580}]}]}
{"op":"mcm","clk":"11847047977","pt":1723284020666,"mc":[{"id":"1.231583502","marketDefinition":{"bspMarket":false,"turnInPlayEnabled":true,"persistenceEnabled":true,"marketBaseRate":5.0,"eventId":"33477704","eventTypeId":"4","numberOfWinners":1,"bettingType":"ODDS","marketType":"MATCH_ODDS","marketTime":"2024-08-10T10:00:00.000Z","suspendTime":"2024-08-10T10:00:00.000Z","bspReconciled":false,"complete":true,"inPlay":false,"crossMatching":true,"runnersVoidable":false,"numberOfActiveRunners":2,"betDelay":0,"status":"SUSPENDED","runners":[{"status":"ACTIVE","sortPriority":1,"id":40096579,"name":"Southern Brave Women"},{"status":"ACTIVE","sortPriority":2,"id":40096580,"name":"Trent Rockets Women"}],"regulators":["MR_INT"],"countryCode":"GB","discountAllowed":true,"timezone":"GMT","openDate":"2024-08-10T10:00:00.000Z","version":6065176348,"name":"Match Odds","eventName":"Southern Brave Women v Trent Rockets Women"},"rc":[{"ltp":1.84,"id":40096579},{"ltp":2.18,"id":40096580}]}]}
{"op":"mcm","clk":"11847057312","pt":1723284080976,"mc":[{"id":"1.231583502","marketDefinition":{"bspMarket":false,"turnInPlayEnabled":true,"persistenceEnabled":true,"marketBaseRate":5.0,"eventId":"33477704","eventTypeId":"4","numberOfWinners":1,"bettingType":"ODDS","marketType":"MATCH_ODDS","marketTime":"2024-08-10T10:00:00.000Z","suspendTime":"2024-08-10T10:00:00.000Z","bspReconciled":false,"complete":true,"inPlay":true,"crossMatching":true,"runnersVoidable":false,"numberOfActiveRunners":2,"betDelay":5,"status":"OPEN","runners":[{"status":"ACTIVE","sortPriority":1,"id":40096579,"name":"Southern Brave Women"},{"status":"ACTIVE","sortPriority":2,"id":40096580,"name":"Trent Rockets Women"}],"regulators":["MR_INT"],"countryCode":"GB","discountAllowed":true,"timezone":"GMT","openDate":"2024-08-10T10:00:00.000Z","version":6065178148,"name":"Match Odds","eventName":"Southern Brave Women v Trent Rockets Women"},"rc":[{"ltp":1.65,"id":40096579},{"ltp":2.44,"id":40096580}]}]}
{"op":"mcm","clk":"11847066532","pt":1723284140947,"mc":[{"id":"1.231583502","rc":[{"ltp":1.63,"id":40096579},{"ltp":2.58,"id":40096580}]}]}
{"op":"mcm","clk":"11847076387","pt":1723284200910,"mc":[{"id":"1.231583502","rc":[{"ltp":1.55,"id":40096579},{"ltp":2.8,"id":40096580}]}]}
{"op":"mcm","clk":"11847085653","pt":1723284260976,"mc":[{"id":"1.231583502","rc":[{"ltp":1.52,"id":40096579},{"ltp":2.88,"id":40096580}]}]}
{"op":"mcm","clk":"11847095675","pt":1723284320957,"mc":[{"id":"1.231583502","rc":[{"ltp":1.59,"id":40096579},{"ltp":2.7,"id":40096580}]}]}
{"op":"mcm","clk":"11847105204","pt":1723284380940,"mc":[{"id":"1.231583502","rc":[{"ltp":1.63,"id":40096579},{"ltp":2.58,"id":40096580}]}]}
{"op":"mcm","clk":"11847114227","pt":1723284440985,"mc":[{"id":"1.231583502","rc":[{"ltp":1.75,"id":40096579},{"ltp":2.32,"id":40096580}]}]}
{"op":"mcm","clk":"11847122801","pt":1723284500967,"mc":[{"id":"1.231583502","rc":[{"ltp":1.77,"id":40096579},{"ltp":2.28,"id":40096580}]}]}
{"op":"mcm","clk":"11847131781","pt":1723284561004,"mc":[{"id":"1.231583502","rc":[{"ltp":1.72,"id":40096579},{"ltp":2.36,"id":40096580}]}]}
{"op":"mcm","clk":"11847141503","pt":1723284620985,"mc":[{"id":"1.231583502","rc":[{"ltp":1.7,"id":40096579},{"ltp":2.42,"id":40096580}]}]}
{"op":"mcm","clk":"11847151863","pt":1723284680928,"mc":[{"id":"1.231583502","rc":[{"ltp":1.71,"id":40096579},{"ltp":2.4,"id":40096580}]}]}
{"op":"mcm","clk":"11847162006","pt":1723284741006,"mc":[{"id":"1.231583502","rc":[{"ltp":1.77,"id":40096579},{"ltp":2.28,"id":40096580}]}]}
{"op":"mcm","clk":"11847171811","pt":1723284800930,"mc":[{"id":"1.231583502","rc":[{"ltp":1.85,"id":40096579},{"ltp":2.16,"id":40096580}]}]}
{"op":"mcm","clk":"11847181675","pt":1723284860925,"mc":[{"id":"1.231583502","rc":[{"ltp":1.95,"id":40096579},{"ltp":2.04,"id":40096580}]}]}
{"op":"mcm","clk":"11847191235","pt":1723284920900,"mc":[{"id":"1.231583502","rc":[{"ltp":1.92,"id":40096579},{"ltp":2.08,"id":40096580}]}]}
{"op":"mcm","clk":"11847201152","pt":1723284980972,"mc":[{"id":"1.231583502","rc":[{"ltp":1.8,"id":40096579},{"ltp":2.24,"id":40096580}]}]}
{"op":"mcm","clk":"11847210845","pt":1723285040917,"mc":[{"id":"1.231583502","rc":[{"ltp":1.76,"id":40096579},{"ltp":2.3,"id":40096580}]}]}
{"op":"mcm","clk":"11847219784","pt":1723285100916,"mc":[{"id":"1.231583502","rc":[{"ltp":1.7,"id":40096579},{"ltp":2.42,"id":40096580}]}]}
{"op":"mcm","clk":"11847228477","pt":1723285160993,"mc":[{"id":"1.231583502","rc":[{"ltp":1.62,"id":40096579},{"ltp":2.6,"id":40096580}]}]}
{"op":"mcm","clk":"11847236605","pt":1723285220990,"mc":[{"id":"1.231583502","rc":[{"ltp":1.63,"id":40096579},{"ltp":2.56,"id":40096580}]}]}
{"op":"mcm","clk":"11847244368","pt":1723285280938,"mc":[{"id":"1.231583502","rc":[{"ltp":1.68,"id":40096579},{"ltp":2.46,"id":40096580}]}]}
{"op":"mcm","clk":"11847251547","pt":1723285340953,"mc":[{"id":"1.231583502","rc":[{"ltp":1.69,"id":40096579},{"ltp":2.44,"id":40096580}]}]}
{"op":"mcm","clk":"11847258612","pt":1723285400918,"mc":[{"id":"1.231583502","rc":[{"ltp":1.89,"id":40096579},{"ltp":2.12,"id":40096580}]}]}
{"op":"mcm","clk":"11847265791","pt":1723285460998,"mc":[{"id":"1.231583502","rc":[{"ltp":1.9,"id":40096579},{"ltp":2.1,"id":40096580}]}]}
{"op":"mcm","clk":"11847273128","pt":1723285520822,"mc":[{"id":"1.231583502","rc":[{"ltp":1.89,"id":40096579},{"ltp":2.12,"id":40096580}]}]}
{"op":"mcm","clk":"11847280173","pt":1723285580917,"mc":[{"id":"1.231583502","rc":[{"ltp":1.99,"id":40096579},{"ltp":2.0,"id":40096580}]}]}
{"op":"mcm","clk":"11847287477","pt":1723285640905,"mc":[{"id":"1.231583502","rc":[{"ltp":2.0,"id":40096579},{"ltp":1.99,"id":40096580}]}]}
{"op":"mcm","clk":"11847294768","pt":1723285700988,"mc":[{"id":"1.231583502","rc":[{"ltp":1.99,"id":40096579},{"ltp":2.0,"id":40096580}]}]}
{"op":"mcm","clk":"11847302113","pt":1723285760830,"mc":[{"id":"1.231583502","rc":[{"ltp":2.02,"id":40096579},{"ltp":1.97,"id":40096580}]}]}
{"op":"mcm","clk":"11847309463","pt":1723285820915,"mc":[{"id":"1.231583502","rc":[{"ltp":1.99,"id":40096579},{"ltp":2.0,"id":40096580}]}]}
{"op":"mcm","clk":"11847317188","pt":1723285880898,"mc":[{"id":"1.231583502","rc":[{"ltp":1.96,"id":40096579},{"ltp":2.02,"id":40096580}]}]}
{"op":"mcm","clk":"11847324775","pt":1723285940938,"mc":[{"id":"1.231583502","rc":[{"ltp":1.9,"id":40096579},{"ltp":2.12,"id":40096580}]}]}
{"op":"mcm","clk":"11847333232","pt":1723286000985,"mc":[{"id":"1.231583502","rc":[{"ltp":1.91,"id":40096579},{"ltp":2.1,"id":40096580}]}]}
{"op":"mcm","clk":"11847349090","pt":1723286120941,"mc":[{"id":"1.231583502","rc":[{"ltp":2.02,"id":40096579},{"ltp":1.99,"id":40096580}]}]}
{"op":"mcm","clk":"11847357378","pt":1723286180947,"mc":[{"id":"1.231583502","rc":[{"ltp":2.18,"id":40096579},{"ltp":1.84,"id":40096580}]}]}
{"op":"mcm","clk":"11847365888","pt":1723286240950,"mc":[{"id":"1.231583502","rc":[{"ltp":2.46,"id":40096579},{"ltp":1.68,"id":40096580}]}]}
{"op":"mcm","clk":"11847374347","pt":1723286300909,"mc":[{"id":"1.231583502","rc":[{"ltp":2.48,"id":40096579},{"ltp":1.67,"id":40096580}]}]}
{"op":"mcm","clk":"11847382800","pt":1723286360883,"mc":[{"id":"1.231583502","rc":[{"ltp":2.66,"id":40096579},{"ltp":1.6,"id":40096580}]}]}
{"op":"mcm","clk":"11847391321","pt":1723286421008,"mc":[{"id":"1.231583502","rc":[{"ltp":2.84,"id":40096579},{"ltp":1.55,"id":40096580}]}]}
{"op":"mcm","clk":"11847399192","pt":1723286480937,"mc":[{"id":"1.231583502","rc":[{"ltp":3.15,"id":40096579},{"ltp":1.46,"id":40096580}]}]}
{"op":"mcm","clk":"11847407075","pt":1723286541009,"mc":[{"id":"1.231583502","rc":[{"ltp":3.05,"id":40096579},{"ltp":1.49,"id":40096580}]}]}
{"op":"mcm","clk":"11847414919","pt":1723286600995,"mc":[{"id":"1.231583502","rc":[{"ltp":2.8,"id":40096579},{"ltp":1.57,"id":40096580}]}]}
{"op":"mcm","clk":"11847422485","pt":1723286660969,"mc":[{"id":"1.231583502","rc":[{"ltp":2.84,"id":40096579},{"ltp":1.54,"id":40096580}]}]}
{"op":"mcm","clk":"11847430439","pt":1723286720858,"mc":[{"id":"1.231583502","rc":[{"ltp":2.78,"id":40096579},{"ltp":1.56,"id":40096580}]}]}
{"op":"mcm","clk":"11847437914","pt":1723286780541,"mc":[{"id":"1.231583502","rc":[{"ltp":2.8,"id":40096579},{"ltp":1.55,"id":40096580}]}]}
{"op":"mcm","clk":"11847445885","pt":1723286840680,"mc":[{"id":"1.231583502","rc":[{"ltp":2.92,"id":40096579},{"ltp":1.52,"id":40096580}]}]}
{"op":"mcm","clk":"11847452945","pt":1723286900961,"mc":[{"id":"1.231583502","rc":[{"ltp":2.74,"id":40096579},{"ltp":1.57,"id":40096580}]}]}
{"op":"mcm","clk":"11847459913","pt":1723286960834,"mc":[{"id":"1.231583502","rc":[{"ltp":2.8,"id":40096579},{"ltp":1.56,"id":40096580}]}]}
{"op":"mcm","clk":"11847466831","pt":1723287020999,"mc":[{"id":"1.231583502","rc":[{"ltp":2.78,"id":40096579},{"ltp":1.58,"id":40096580}]}]}
{"op":"mcm","clk":"11847473961","pt":1723287080938,"mc":[{"id":"1.231583502","rc":[{"ltp":2.6,"id":40096579},{"ltp":1.61,"id":40096580}]}]}
{"op":"mcm","clk":"11847481235","pt":1723287141002,"mc":[{"id":"1.231583502","rc":[{"ltp":3.0,"id":40096579},{"ltp":1.5,"id":40096580}]}]}
{"op":"mcm","clk":"11847487273","pt":1723287200960,"mc":[{"id":"1.231583502","rc":[{"ltp":3.05,"id":40096579},{"ltp":1.48,"id":40096580}]}]}
{"op":"mcm","clk":"11847493611","pt":1723287260933,"mc":[{"id":"1.231583502","rc":[{"ltp":3.0,"id":40096579},{"ltp":1.51,"id":40096580}]}]}
{"op":"mcm","clk":"11847500536","pt":1723287320931,"mc":[{"id":"1.231583502","rc":[{"ltp":1.5,"id":40096580}]}]}
{"op":"mcm","clk":"11847514189","pt":1723287440980,"mc":[{"id":"1.231583502","rc":[{"ltp":3.8,"id":40096579},{"ltp":1.36,"id":40096580}]}]}
{"op":"mcm","clk":"11847521279","pt":1723287500945,"mc":[{"id":"1.231583502","rc":[{"ltp":3.85,"id":40096579},{"ltp":1.35,"id":40096580}]}]}
{"op":"mcm","clk":"11847527848","pt":1723287561007,"mc":[{"id":"1.231583502","rc":[{"ltp":3.25,"id":40096579},{"ltp":1.47,"id":40096580}]}]}
{"op":"mcm","clk":"11847535666","pt":1723287620942,"mc":[{"id":"1.231583502","rc":[{"ltp":2.94,"id":40096579},{"ltp":1.52,"id":40096580}]}]}
{"op":"mcm","clk":"11847545959","pt":1723287680904,"mc":[{"id":"1.231583502","rc":[{"ltp":2.76,"id":40096579},{"ltp":1.58,"id":40096580}]}]}
{"op":"mcm","clk":"11847554900","pt":1723287740971,"mc":[{"id":"1.231583502","rc":[{"ltp":2.64,"id":40096579},{"ltp":1.61,"id":40096580}]}]}
{"op":"mcm","clk":"11847563696","pt":1723287800957,"mc":[{"id":"1.231583502","rc":[{"ltp":2.96,"id":40096579},{"ltp":1.51,"id":40096580}]}]}
{"op":"mcm","clk":"11847573222","pt":1723287860928,"mc":[{"id":"1.231583502","rc":[{"ltp":3.0,"id":40096579},{"ltp":1.5,"id":40096580}]}]}
{"op":"mcm","clk":"11847582815","pt":1723287920995,"mc":[{"id":"1.231583502","rc":[{"ltp":2.98,"id":40096579},{"ltp":1.52,"id":40096580}]}]}
{"op":"mcm","clk":"11847592143","pt":1723287981008,"mc":[{"id":"1.231583502","rc":[{"ltp":3.05,"id":40096579},{"ltp":1.48,"id":40096580}]}]}
{"op":"mcm","clk":"11847601745","pt":1723288040949,"mc":[{"id":"1.231583502","rc":[{"ltp":3.5,"id":40096579},{"ltp":1.4,"id":40096580}]}]}
{"op":"mcm","clk":"11847612139","pt":1723288100925,"mc":[{"id":"1.231583502","rc":[{"ltp":3.6,"id":40096579},{"ltp":1.39,"id":40096580}]}]}
{"op":"mcm","clk":"11847622338","pt":1723288160915,"mc":[{"id":"1.231583502","rc":[{"ltp":3.2,"id":40096579},{"ltp":1.46,"id":40096580}]}]}
{"op":"mcm","clk":"11847631315","pt":1723288220948,"mc":[{"id":"1.231583502","rc":[{"ltp":2.9,"id":40096579},{"ltp":1.53,"id":40096580}]}]}
{"op":"mcm","clk":"11847639807","pt":1723288280942,"mc":[{"id":"1.231583502","rc":[{"ltp":3.2,"id":40096579},{"ltp":1.45,"id":40096580}]}]}
{"op":"mcm","clk":"11847648707","pt":1723288340926,"mc":[{"id":"1.231583502","rc":[{"ltp":3.35,"id":40096579},{"ltp":1.42,"id":40096580}]}]}
{"op":"mcm","clk":"11847673497","pt":1723288400942,"mc":[{"id":"1.231583502","rc":[{"ltp":3.5,"id":40096579},{"ltp":1.4,"id":40096580}]}]}
{"op":"mcm","clk":"11847690563","pt":1723288520912,"mc":[{"id":"1.231583502","rc":[{"ltp":3.4,"id":40096579},{"ltp":1.41,"id":40096580}]}]}
{"op":"mcm","clk":"11847699415","pt":1723288580956,"mc":[{"id":"1.231583502","rc":[{"ltp":1.42,"id":40096580}]}]}
{"op":"mcm","clk":"11847708448","pt":1723288640996,"mc":[{"id":"1.231583502","rc":[{"ltp":1.43,"id":40096580}]}]}
{"op":"mcm","clk":"11847717496","pt":1723288700902,"mc":[{"id":"1.231583502","rc":[{"ltp":1.41,"id":40096580}]}]}
{"op":"mcm","clk":"11847726705","pt":1723288760945,"mc":[{"id":"1.231583502","rc":[{"ltp":3.35,"id":40096579},{"ltp":1.42,"id":40096580}]}]}
{"op":"mcm","clk":"11847744784","pt":1723288880948,"mc":[{"id":"1.231583502","rc":[{"ltp":1.41,"id":40096580}]}]}
{"op":"mcm","clk":"11847760612","pt":1723289000942,"mc":[{"id":"1.231583502","rc":[{"ltp":1.42,"id":40096580}]}]}
{"op":"mcm","clk":"11847768917","pt":1723289060715,"mc":[{"id":"1.231583502","rc":[{"ltp":3.4,"id":40096579},{"ltp":1.41,"id":40096580}]}]}
{"op":"mcm","clk":"11847777832","pt":1723289120622,"mc":[{"id":"1.231583502","rc":[{"ltp":3.45,"id":40096579}]}]}
{"op":"mcm","clk":"11847786324","pt":1723289180972,"mc":[{"id":"1.231583502","rc":[{"ltp":3.4,"id":40096579},{"ltp":1.42,"id":40096580}]}]}
{"op":"mcm","clk":"11847794288","pt":1723289240971,"mc":[{"id":"1.231583502","rc":[{"ltp":3.2,"id":40096579},{"ltp":1.45,"id":40096580}]}]}
{"op":"mcm","clk":"11847802388","pt":1723289300933,"mc":[{"id":"1.231583502","rc":[{"ltp":3.35,"id":40096579},{"ltp":1.42,"id":40096580}]}]}
{"op":"mcm","clk":"11847810723","pt":1723289360998,"mc":[{"id":"1.231583502","rc":[{"ltp":5.1,"id":40096579},{"ltp":1.23,"id":40096580}]}]}
{"op":"mcm","clk":"11847819808","pt":1723289420975,"mc":[{"id":"1.231583502","rc":[{"ltp":9.2,"id":40096579},{"ltp":1.12,"id":40096580}]}]}
{"op":"mcm","clk":"11847828457","pt":1723289480975,"mc":[{"id":"1.231583502","rc":[{"ltp":10.0,"id":40096579},{"ltp":1.11,"id":40096580}]}]}
{"op":"mcm","clk":"11847837560","pt":1723289540913,"mc":[{"id":"1.231583502","rc":[{"ltp":11.0,"id":40096579},{"ltp":1.1,"id":40096580}]}]}
{"op":"mcm","clk":"11847846724","pt":1723289600960,"mc":[{"id":"1.231583502","rc":[{"ltp":9.4,"id":40096579},{"ltp":1.11,"id":40096580}]}]}
{"op":"mcm","clk":"11847856918","pt":1723289660939,"mc":[{"id":"1.231583502","rc":[{"ltp":10.0,"id":40096579},{"ltp":1.12,"id":40096580}]}]}
{"op":"mcm","clk":"11847866730","pt":1723289720969,"mc":[{"id":"1.231583502","rc":[{"ltp":11.0,"id":40096579},{"ltp":1.1,"id":40096580}]}]}
{"op":"mcm","clk":"11847876839","pt":1723289780941,"mc":[{"id":"1.231583502","rc":[{"ltp":12.5,"id":40096579},{"ltp":1.09,"id":40096580}]}]}
{"op":"mcm","clk":"11847887038","pt":1723289840836,"mc":[{"id":"1.231583502","rc":[{"ltp":15.0,"id":40096579},{"ltp":1.07,"id":40096580}]}]}
{"op":"mcm","clk":"11847897585","pt":1723289901000,"mc":[{"id":"1.231583502","rc":[{"ltp":13.5,"id":40096579},{"ltp":1.08,"id":40096580}]}]}
{"op":"mcm","clk":"11847907043","pt":1723289960947,"mc":[{"id":"1.231583502","rc":[{"ltp":12.0,"id":40096579},{"ltp":1.09,"id":40096580}]}]}
{"op":"mcm","clk":"11847916239","pt":1723290020915,"mc":[{"id":"1.231583502","rc":[{"ltp":11.0,"id":40096579},{"ltp":1.1,"id":40096580}]}]}
{"op":"mcm","clk":"11847925752","pt":1723290080969,"mc":[{"id":"1.231583502","rc":[{"ltp":12.5,"id":40096579},{"ltp":1.09,"id":40096580}]}]}
{"op":"mcm","clk":"11847935625","pt":1723290140993,"mc":[{"id":"1.231583502","rc":[{"ltp":15.5,"id":40096579},{"ltp":1.07,"id":40096580}]}]}
{"op":"mcm","clk":"11847954514","pt":1723290260869,"mc":[{"id":"1.231583502","rc":[{"ltp":12.0,"id":40096579},{"ltp":1.09,"id":40096580}]}]}
{"op":"mcm","clk":"11847964102","pt":1723290320953,"mc":[{"id":"1.231583502","rc":[{"ltp":11.5,"id":40096579}]}]}
{"op":"mcm","clk":"11847973107","pt":1723290380694,"mc":[{"id":"1.231583502","rc":[{"ltp":11.0,"id":40096579}]}]}
{"op":"mcm","clk":"11847981841","pt":1723290440986,"mc":[{"id":"1.231583502","rc":[{"ltp":10.0,"id":40096579},{"ltp":1.11,"id":40096580}]}]}
{"op":"mcm","clk":"11847990593","pt":1723290500957,"mc":[{"id":"1.231583502","rc":[{"ltp":9.4,"id":40096579},{"ltp":1.12,"id":40096580}]}]}
{"op":"mcm","clk":"11847999632","pt":1723290560895,"mc":[{"id":"1.231583502","rc":[{"ltp":10.0,"id":40096579},{"ltp":1.11,"id":40096580}]}]}
{"op":"mcm","clk":"11848008258","pt":1723290620940,"mc":[{"id":"1.231583502","rc":[{"ltp":10.5,"id":40096579},{"ltp":1.1,"id":40096580}]}]}
{"op":"mcm","clk":"11848016936","pt":1723290680934,"mc":[{"id":"1.231583502","rc":[{"ltp":11.0,"id":40096579},{"ltp":1.09,"id":40096580}]}]}
{"op":"mcm","clk":"11848025879","pt":1723290740966,"mc":[{"id":"1.231583502","rc":[{"ltp":12.5,"id":40096579},{"ltp":1.08,"id":40096580}]}]}
{"op":"mcm","clk":"11848034469","pt":1723290800928,"mc":[{"id":"1.231583502","rc":[{"ltp":13.5,"id":40096579}]}]}
{"op":"mcm","clk":"11848042785","pt":1723290860934,"mc":[{"id":"1.231583502","rc":[{"ltp":12.0,"id":40096579},{"ltp":1.09,"id":40096580}]}]}
{"op":"mcm","clk":"11848060392","pt":1723290980677,"mc":[{"id":"1.231583502","rc":[{"ltp":12.5,"id":40096579}]}]}
{"op":"mcm","clk":"11848069012","pt":1723291040938,"mc":[{"id":"1.231583502","rc":[{"ltp":11.0,"id":40096579},{"ltp":1.1,"id":40096580}]}]}
{"op":"mcm","clk":"11848077206","pt":1723291100990,"mc":[{"id":"1.231583502","rc":[{"ltp":8.2,"id":40096579},{"ltp":1.14,"id":40096580}]}]}
{"op":"mcm","clk":"11848085383","pt":1723291160978,"mc":[{"id":"1.231583502","rc":[{"ltp":12.0,"id":40096579},{"ltp":1.09,"id":40096580}]}]}
{"op":"mcm","clk":"11848094538","pt":1723291220993,"mc":[{"id":"1.231583502","rc":[{"ltp":11.5,"id":40096579},{"ltp":1.1,"id":40096580}]}]}
{"op":"mcm","clk":"11848104514","pt":1723291280594,"mc":[{"id":"1.231583502","rc":[{"ltp":13.5,"id":40096579},{"ltp":1.08,"id":40096580}]}]}
{"op":"mcm","clk":"11848115288","pt":1723291340998,"mc":[{"id":"1.231583502","rc":[{"ltp":11.5,"id":40096579},{"ltp":1.09,"id":40096580}]}]}
{"op":"mcm","clk":"11848126338","pt":1723291400958,"mc":[{"id":"1.231583502","rc":[{"ltp":11.0,"id":40096579}]}]}
{"op":"mcm","clk":"11848137419","pt":1723291460948,"mc":[{"id":"1.231583502","rc":[{"ltp":12.0,"id":40096579}]}]}
{"op":"mcm","clk":"11848149076","pt":1723291520927,"mc":[{"id":"1.231583502","rc":[{"ltp":13.5,"id":40096579},{"ltp":1.08,"id":40096580}]}]}
{"op":"mcm","clk":"11848173038","pt":1723291640938,"mc":[{"id":"1.231583502","rc":[{"ltp":19.5,"id":40096579},{"ltp":1.06,"id":40096580}]}]}
{"op":"mcm","clk":"11848185879","pt":1723291700982,"mc":[{"id":"1.231583502","rc":[{"ltp":19.0,"id":40096579},{"ltp":1.05,"id":40096580}]}]}
{"op":"mcm","clk":"11848198598","pt":1723291760920,"mc":[{"id":"1.231583502","rc":[{"ltp":18.0,"id":40096579}]}]}
{"op":"mcm","clk":"11848211514","pt":1723291820926,"mc":[{"id":"1.231583502","rc":[{"ltp":55.0,"id":40096579},{"ltp":1.01,"id":40096580}]}]}
{"op":"mcm","clk":"11848224452","pt":1723291880941,"mc":[{"id":"1.231583502","rc":[{"ltp":140.0,"id":40096579}]}]}
{"op":"mcm","clk":"11848249883","pt":1723292000644,"mc":[{"id":"1.231583502","rc":[{"ltp":160.0,"id":40096579}]}]}
{"op":"mcm","clk":"11848275655","pt":1723292120944,"mc":[{"id":"1.231583502","rc":[{"ltp":200.0,"id":40096579}]}]}
{"op":"mcm","clk":"11848287387","pt":1723292179292,"mc":[{"id":"1.231583502","rc":[{"ltp":610.0,"id":40096579}]}]}
{"op":"mcm","clk":"11848299325","pt":1723292240547,"mc":[{"id":"1.231583502","rc":[{"ltp":1000.0,"id":40096579}]}]}
{"op":"mcm","clk":"11848335162","pt":1723292420416,"mc":[{"id":"1.231583502","rc":[{"ltp":490.0,"id":40096579}]}]}
{"op":"mcm","clk":"11848347172","pt":1723292480865,"mc":[{"id":"1.231583502","rc":[{"ltp":330.0,"id":40096579}]}]}
{"op":"mcm","clk":"11848359184","pt":1723292540748,"mc":[{"id":"1.231583502","rc":[{"ltp":400.0,"id":40096579}]}]}
{"op":"mcm","clk":"11848371300","pt":1723292601004,"mc":[{"id":"1.231583502","rc":[{"ltp":310.0,"id":40096579}]}]}
{"op":"mcm","clk":"11848382937","pt":1723292660958,"mc":[{"id":"1.231583502","rc":[{"ltp":400.0,"id":40096579}]}]}
{"op":"mcm","clk":"11848394925","pt":1723292719353,"mc":[{"id":"1.231583502","rc":[{"ltp":220.0,"id":40096579}]}]}
{"op":"mcm","clk":"11848407387","pt":1723292780646,"mc":[{"id":"1.231583502","rc":[{"ltp":310.0,"id":40096579}]}]}
{"op":"mcm","clk":"11848419248","pt":1723292840691,"mc":[{"id":"1.231583502","rc":[{"ltp":1000.0,"id":40096579}]}]}
{"op":"mcm","clk":"11848524708","pt":1723293362589,"mc":[{"id":"1.231583502","marketDefinition":{"bspMarket":false,"turnInPlayEnabled":true,"persistenceEnabled":true,"marketBaseRate":5.0,"eventId":"33477704","eventTypeId":"4","numberOfWinners":1,"bettingType":"ODDS","marketType":"MATCH_ODDS","marketTime":"2024-08-10T10:00:00.000Z","suspendTime":"2024-08-10T10:00:00.000Z","bspReconciled":false,"complete":true,"inPlay":true,"crossMatching":true,"runnersVoidable":false,"numberOfActiveRunners":2,"betDelay":5,"status":"SUSPENDED","runners":[{"status":"ACTIVE","sortPriority":1,"id":40096579,"name":"Southern Brave Women"},{"status":"ACTIVE","sortPriority":2,"id":40096580,"name":"Trent Rockets Women"}],"regulators":["MR_INT"],"countryCode":"GB","discountAllowed":true,"timezone":"GMT","openDate":"2024-08-10T10:00:00.000Z","version":6065759130,"name":"Match Odds","eventName":"Southern Brave Women v Trent Rockets Women"}}]}
{"op":"mcm","clk":"11848564056","pt":1723293549828,"mc":[{"id":"1.231583502","marketDefinition":{"bspMarket":false,"turnInPlayEnabled":true,"persistenceEnabled":true,"marketBaseRate":5.0,"eventId":"33477704","eventTypeId":"4","numberOfWinners":1,"bettingType":"ODDS","marketType":"MATCH_ODDS","marketTime":"2024-08-10T10:00:00.000Z","suspendTime":"2024-08-10T10:00:00.000Z","bspReconciled":false,"complete":true,"inPlay":true,"crossMatching":false,"runnersVoidable":false,"numberOfActiveRunners":0,"betDelay":5,"status":"CLOSED","settledTime":"2024-08-10T12:37:21.000Z","runners":[{"status":"LOSER","sortPriority":1,"id":40096579,"name":"Southern Brave Women"},{"status":"WINNER","sortPriority":2,"id":40096580,"name":"Trent Rockets Women"}],"regulators":["MR_INT"],"countryCode":"GB","discountAllowed":true,"timezone":"GMT","openDate":"2024-08-10T10:00:00.000Z","version":6065763148,"name":"Match Odds","eventName":"Southern Brave Women v Trent Rockets Women"}}]}
