{"op":"mcm","clk":"11875956035","pt":1724068133782,"mc":[{"id":"1.232011572","marketDefinition":{"bspMarket":false,"turnInPlayEnabled":true,"persistenceEnabled":true,"marketBaseRate":5.0,"eventId":"33507999","eventTypeId":"4","numberOfWinners":1,"bettingType":"ODDS","marketType":"MATCH_ODDS","marketTime":"2024-08-19T21:00:00.000Z","suspendTime":"2024-08-19T21:00:00.000Z","bspReconciled":false,"complete":true,"inPlay":false,"crossMatching":true,"runnersVoidable":false,"numberOfActiveRunners":2,"betDelay":0,"status":"OPEN","runners":[{"status":"ACTIVE","sortPriority":1,"id":72857117,"name":"Caribbean Giants"},{"status":"ACTIVE","sortPriority":2,"id":72857115,"name":"Miami Lions"}],"regulators":["MR_INT"],"countryCode":"GB","discountAllowed":true,"timezone":"GMT","openDate":"2024-08-19T21:00:00.000Z","version":6086343952,"name":"Match Odds","eventName":"Caribbean Giants v Miami Lions"}}]}
{"op":"mcm","clk":"11876367593","pt":1724074371459,"mc":[{"id":"1.232011572","rc":[{"ltp":1.12,"id":72857115}]}]}
{"op":"mcm","clk":"11876610497","pt":1724077620556,"mc":[{"id":"1.232011572","rc":[{"ltp":1.2,"id":72857115},{"ltp":6.0,"id":72857117}]}]}
{"op":"mcm","clk":"11876618168","pt":1724077729348,"mc":[{"id":"1.232011572","rc":[{"ltp":1.18,"id":72857115}]}]}
{"op":"mcm","clk":"11876618769","pt":1724077737050,"mc":[{"id":"1.232011572","rc":[{"ltp":1.2,"id":72857115}]}]}
{"op":"mcm","clk":"11876658486","pt":1724078323479,"mc":[{"id":"1.232011572","rc":[{"ltp":1.21,"id":72857115},{"ltp":5.9,"id":72857117}]}]}
{"op":"mcm","clk":"11876667936","pt":1724078450822,"mc":[{"id":"1.232011572","rc":[{"ltp":1.25,"id":72857115},{"ltp":5.0,"id":72857117}]}]}
{"op":"mcm","clk":"11876670729","pt":1724078489672,"mc":[{"id":"1.232011572","rc":[{"ltp":1.31,"id":72857115},{"ltp":4.3,"id":72857117}]}]}
{"op":"mcm","clk":"11876674703","pt":1724078550835,"mc":[{"id":"1.232011572","rc":[{"ltp":1.32,"id":72857115}]}]}
{"op":"mcm","clk":"11876748029","pt":1724079405862,"mc":[{"id":"1.232011572","rc":[{"ltp":1.37,"id":72857115}]}]}
{"op":"mcm","clk":"11876752006","pt":1724079456907,"mc":[{"id":"1.232011572","rc":[{"ltp":1.45,"id":72857115},{"ltp":3.0,"id":72857117}]}]}
{"op":"mcm","clk":"11876754750","pt":1724079490555,"mc":[{"id":"1.232011572","rc":[{"ltp":1.54,"id":72857115}]}]}
{"op":"mcm","clk":"11877044132","pt":1724082889526,"mc":[{"id":"1.232011572","rc":[{"ltp":1.2,"id":72857117}]}]}
{"op":"mcm","clk":"11877076629","pt":1724083248738,"mc":[{"id":"1.232011572","rc":[{"ltp":3.0,"id":72857115},{"ltp":1.5,"id":72857117}]}]}
{"op":"mcm","clk":"11877077690","pt":1724083259519,"mc":[{"id":"1.232011572","rc":[{"ltp":3.95,"id":72857115},{"ltp":1.34,"id":72857117}]}]}
{"op":"mcm","clk":"11877086963","pt":1724083351441,"mc":[{"id":"1.232011572","rc":[{"ltp":1.35,"id":72857117}]}]}
{"op":"mcm","clk":"11877095156","pt":1724083437822,"mc":[{"id":"1.232011572","rc":[{"ltp":1.51,"id":72857115},{"ltp":2.98,"id":72857117}]}]}
{"op":"mcm","clk":"11877341604","pt":1724085991724,"mc":[{"id":"1.232011572","rc":[{"ltp":2.7,"id":72857117}]}]}
{"op":"mcm","clk":"11877372622","pt":1724086370024,"mc":[{"id":"1.232011572","rc":[{"ltp":1.36,"id":72857115},{"ltp":2.82,"id":72857117}]}]}
{"op":"mcm","clk":"11877377871","pt":1724086431022,"mc":[{"id":"1.232011572","rc":[{"ltp":1.61,"id":72857115},{"ltp":2.64,"id":72857117}]}]}
{"op":"mcm","clk":"11877382610","pt":1724086490498,"mc":[{"id":"1.232011572","rc":[{"ltp":2.3,"id":72857115}]}]}
{"op":"mcm","clk":"11877387869","pt":1724086549930,"mc":[{"id":"1.232011572","rc":[{"ltp":1.47,"id":72857115},{"ltp":3.15,"id":72857117}]}]}
{"op":"mcm","clk":"11877393030","pt":1724086611678,"mc":[{"id":"1.232011572","rc":[{"ltp":1.9,"id":72857115}]}]}
{"op":"mcm","clk":"11877397483","pt":1724086666007,"mc":[{"id":"1.232011572","rc":[{"ltp":1.43,"id":72857115}]}]}
{"op":"mcm","clk":"11877402408","pt":1724086728602,"mc":[{"id":"1.232011572","rc":[{"ltp":1.51,"id":72857115},{"ltp":2.98,"id":72857117}]}]}
{"op":"mcm","clk":"11877508998","pt":1724087689494,"mc":[{"id":"1.232011572","rc":[{"ltp":1.61,"id":72857115},{"ltp":1.82,"id":72857117}]}]}
{"op":"mcm","clk":"11877515637","pt":1724087751045,"mc":[{"id":"1.232011572","rc":[{"ltp":1.86,"id":72857117}]}]}
{"op":"mcm","clk":"11877522087","pt":1724087808435,"mc":[{"id":"1.232011572","rc":[{"ltp":1.67,"id":72857115},{"ltp":1.87,"id":72857117}]}]}
{"op":"mcm","clk":"11877529124","pt":1724087868848,"mc":[{"id":"1.232011572","rc":[{"ltp":1.69,"id":72857115},{"ltp":1.86,"id":72857117}]}]}
{"op":"mcm","clk":"11877571088","pt":1724088231052,"mc":[{"id":"1.232011572","rc":[{"ltp":2.16,"id":72857115},{"ltp":1.87,"id":72857117}]}]}
{"op":"mcm","clk":"11877604728","pt":1724088530968,"mc":[{"id":"1.232011572","rc":[{"ltp":2.0,"id":72857115}]}]}
{"op":"mcm","clk":"11877617584","pt":1724088649767,"mc":[{"id":"1.232011572","rc":[{"ltp":2.12,"id":72857115},{"ltp":1.9,"id":72857117}]}]}
{"op":"mcm","clk":"11877664241","pt":1724089070638,"mc":[{"id":"1.232011572","rc":[{"ltp":2.2,"id":72857115}]}]}
{"op":"mcm","clk":"11877732735","pt":1724089535979,"mc":[{"id":"1.232011572","rc":[{"ltp":2.54,"id":72857115},{"ltp":1.65,"id":72857117}]}]}
{"op":"mcm","clk":"11877749838","pt":1724089671065,"mc":[{"id":"1.232011572","rc":[{"ltp":2.2,"id":72857115},{"ltp":1.82,"id":72857117}]}]}
{"op":"mcm","clk":"11877839841","pt":1724090450612,"mc":[{"id":"1.232011572","rc":[{"ltp":2.18,"id":72857115}]}]}
{"op":"mcm","clk":"11877889753","pt":1724090811371,"mc":[{"id":"1.232011572","rc":[{"ltp":1.71,"id":72857117}]}]}
{"op":"mcm","clk":"11877965113","pt":1724091291607,"mc":[{"id":"1.232011572","rc":[{"ltp":2.32,"id":72857115},{"ltp":1.76,"id":72857117}]}]}
{"op":"mcm","clk":"11878051174","pt":1724091829050,"mc":[{"id":"1.232011572","rc":[{"ltp":2.3,"id":72857115},{"ltp":1.77,"id":72857117}]}]}
{"op":"mcm","clk":"11878101644","pt":1724092186002,"mc":[{"id":"1.232011572","rc":[{"ltp":2.24,"id":72857115},{"ltp":1.81,"id":72857117}]}]}
{"op":"mcm","clk":"11878229362","pt":1724093031458,"mc":[{"id":"1.232011572","rc":[{"ltp":1.78,"id":72857117}]}]}
{"op":"mcm","clk":"11878336499","pt":1724093860595,"mc":[{"id":"1.232011572","rc":[{"ltp":1.71,"id":72857117}]}]}
{"op":"mcm","clk":"11878388029","pt":1724094349741,"mc":[{"id":"1.232011572","rc":[{"ltp":1.81,"id":72857117}]}]}
{"op":"mcm","clk":"11878394874","pt":1724094409325,"mc":[{"id":"1.232011572","rc":[{"ltp":2.22,"id":72857115},{"ltp":1.82,"id":72857117}]}]}
{"op":"mcm","clk":"11878402022","pt":1724094471764,"mc":[{"id":"1.232011572","rc":[{"ltp":2.24,"id":72857115},{"ltp":1.81,"id":72857117}]}]}
{"op":"mcm","clk":"11878693880","pt":1724097078729,"mc":[{"id":"1.232011572","rc":[{"ltp":1.71,"id":72857117}]}]}
{"op":"mcm","clk":"11878767641","pt":1724097947558,"mc":[{"id":"1.232011572","rc":[{"ltp":1.67,"id":72857117}]}]}
{"op":"mcm","clk":"11878771731","pt":1724098009036,"mc":[{"id":"1.232011572","rc":[{"ltp":2.28,"id":72857115},{"ltp":1.78,"id":72857117}]}]}
{"op":"mcm","clk":"11878780444","pt":1724098128089,"mc":[{"id":"1.232011572","rc":[{"ltp":1.67,"id":72857117}]}]}
{"op":"mcm","clk":"11878803823","pt":1724098430127,"mc":[{"id":"1.232011572","rc":[{"ltp":2.5,"id":72857115}]}]}
{"op":"mcm","clk":"11878853211","pt":1724099090618,"mc":[{"id":"1.232011572","rc":[{"ltp":1.63,"id":72857117}]}]}
{"op":"mcm","clk":"11878857064","pt":1724099149967,"mc":[{"id":"1.232011572","rc":[{"ltp":1.87,"id":72857117}]}]}
{"op":"mcm","clk":"11878879966","pt":1724099511456,"mc":[{"id":"1.232011572","rc":[{"ltp":2.3,"id":72857115},{"ltp":1.76,"id":72857117}]}]}
{"op":"mcm","clk":"11878903730","pt":1724099929193,"mc":[{"id":"1.232011572","rc":[{"ltp":2.12,"id":72857115}]}]}
{"op":"mcm","clk":"11878910307","pt":1724100051277,"mc":[{"id":"1.232011572","rc":[{"ltp":2.3,"id":72857115},{"ltp":1.9,"id":72857117}]}]}
{"op":"mcm","clk":"11878913745","pt":1724100111563,"mc":[{"id":"1.232011572","rc":[{"ltp":2.12,"id":72857115},{"ltp":1.85,"id":72857117}]}]}
{"op":"mcm","clk":"11878916906","pt":1724100171320,"mc":[{"id":"1.232011572","rc":[{"ltp":2.18,"id":72857115},{"ltp":1.73,"id":72857117}]}]}
{"op":"mcm","clk":"11878929273","pt":1724100230909,"mc":[{"id":"1.232011572","rc":[{"ltp":2.34,"id":72857115},{"ltp":1.8,"id":72857117}]}]}
{"op":"mcm","clk":"11878932148","pt":1724100291555,"mc":[{"id":"1.232011572","rc":[{"ltp":2.32,"id":72857115},{"ltp":1.72,"id":72857117}]}]}
{"op":"mcm","clk":"11878934687","pt":1724100351334,"mc":[{"id":"1.232011572","rc":[{"ltp":1.75,"id":72857117}]}]}
{"op":"mcm","clk":"11878937262","pt":1724100411386,"mc":[{"id":"1.232011572","rc":[{"ltp":2.3,"id":72857115},{"ltp":1.76,"id":72857117}]}]}
{"op":"mcm","clk":"11878939461","pt":1724100468843,"mc":[{"id":"1.232011572","rc":[{"ltp":2.38,"id":72857115},{"ltp":1.72,"id":72857117}]}]}
{"op":"mcm","clk":"11878944213","pt":1724100586742,"mc":[{"id":"1.232011572","rc":[{"ltp":2.4,"id":72857115},{"ltp":1.71,"id":72857117}]}]}
{"op":"mcm","clk":"11878948344","pt":1724100708483,"mc":[{"id":"1.232011572","rc":[{"ltp":2.38,"id":72857115}]}]}
{"op":"mcm","clk":"11878953250","pt":1724100826494,"mc":[{"id":"1.232011572","rc":[{"ltp":2.4,"id":72857115}]}]}
{"op":"mcm","clk":"11878955753","pt":1724100888324,"mc":[{"id":"1.232011572","rc":[{"ltp":2.42,"id":72857115},{"ltp":1.7,"id":72857117}]}]}
{"op":"mcm","clk":"11878958073","pt":1724100945802,"mc":[{"id":"1.232011572","rc":[{"ltp":2.4,"id":72857115}]}]}
{"op":"mcm","clk":"11878959891","pt":1724100993869,"mc":[{"id":"1.232011572","rc":[{"ltp":2.42,"id":72857115},{"ltp":1.68,"id":72857117}]}]}
{"op":"mcm","clk":"11878962181","pt":1724101055536,"mc":[{"id":"1.232011572","rc":[{"ltp":2.38,"id":72857115},{"ltp":1.71,"id":72857117}]}]}
{"op":"mcm","clk":"11878965327","pt":1724101130399,"mc":[{"id":"1.232011572","rc":[{"ltp":2.44,"id":72857115},{"ltp":1.69,"id":72857117}]}]}
{"op":"mcm","clk":"11878968214","pt":1724101191574,"mc":[{"id":"1.232011572","rc":[{"ltp":2.6,"id":72857115},{"ltp":1.62,"id":72857117}]}]}
{"op":"mcm","clk":"11878971333","pt":1724101251557,"mc":[{"id":"1.232011572","marketDefinition":{"bspMarket":false,"turnInPlayEnabled":true,"persistenceEnabled":true,"marketBaseRate":5.0,"eventId":"33507999","eventTypeId":"4","numberOfWinners":1,"bettingType":"ODDS","marketType":"MATCH_ODDS","marketTime":"2024-08-19T21:00:00.000Z","suspendTime":"2024-08-19T21:00:00.000Z","bspReconciled":false,"complete":true,"inPlay":true,"crossMatching":true,"runnersVoidable":false,"numberOfActiveRunners":2,"betDelay":5,"status":"OPEN","runners":[{"status":"ACTIVE","sortPriority":1,"id":72857117,"name":"Caribbean Giants"},{"status":"ACTIVE","sortPriority":2,"id":72857115,"name":"Miami Lions"}],"regulators":["MR_INT"],"countryCode":"GB","discountAllowed":true,"timezone":"GMT","openDate":"2024-08-19T21:00:00.000Z","version":6087012715,"name":"Match Odds","eventName":"Caribbean Giants v Miami Lions"},"rc":[{"ltp":2.72,"id":72857115}]}]}
{"op":"mcm","clk":"11878974584","pt":1724101311768,"mc":[{"id":"1.232011572","rc":[{"ltp":3.55,"id":72857115},{"ltp":1.39,"id":72857117}]}]}
{"op":"mcm","clk":"11878977717","pt":1724101371717,"mc":[{"id":"1.232011572","rc":[{"ltp":3.85,"id":72857115},{"ltp":1.6,"id":72857117}]}]}
{"op":"mcm","clk":"11878980984","pt":1724101431741,"mc":[{"id":"1.232011572","rc":[{"ltp":3.15,"id":72857115},{"ltp":1.45,"id":72857117}]}]}
{"op":"mcm","clk":"11878983654","pt":1724101491392,"mc":[{"id":"1.232011572","rc":[{"ltp":3.2,"id":72857115},{"ltp":1.43,"id":72857117}]}]}
{"op":"mcm","clk":"11878986594","pt":1724101551566,"mc":[{"id":"1.232011572","rc":[{"ltp":1.45,"id":72857117}]}]}
{"op":"mcm","clk":"11878989307","pt":1724101611742,"mc":[{"id":"1.232011572","rc":[{"ltp":3.25,"id":72857115}]}]}
{"op":"mcm","clk":"11878992495","pt":1724101671102,"mc":[{"id":"1.232011572","rc":[{"ltp":3.15,"id":72857115},{"ltp":1.44,"id":72857117}]}]}
{"op":"mcm","clk":"11878995630","pt":1724101731490,"mc":[{"id":"1.232011572","rc":[{"ltp":3.85,"id":72857115},{"ltp":1.34,"id":72857117}]}]}
{"op":"mcm","clk":"11878998647","pt":1724101791663,"mc":[{"id":"1.232011572","rc":[{"ltp":4.2,"id":72857115},{"ltp":1.32,"id":72857117}]}]}
{"op":"mcm","clk":"11879001139","pt":1724101851238,"mc":[{"id":"1.232011572","rc":[{"ltp":4.0,"id":72857115},{"ltp":1.33,"id":72857117}]}]}
{"op":"mcm","clk":"11879003280","pt":1724101911376,"mc":[{"id":"1.232011572","rc":[{"ltp":4.5,"id":72857115},{"ltp":1.29,"id":72857117}]}]}
{"op":"mcm","clk":"11879005445","pt":1724101970959,"mc":[{"id":"1.232011572","rc":[{"ltp":5.1,"id":72857115},{"ltp":1.24,"id":72857117}]}]}
{"op":"mcm","clk":"11879007852","pt":1724102029992,"mc":[{"id":"1.232011572","rc":[{"ltp":4.7,"id":72857115},{"ltp":1.27,"id":72857117}]}]}
{"op":"mcm","clk":"11879010257","pt":1724102091507,"mc":[{"id":"1.232011572","rc":[{"ltp":8.0,"id":72857115},{"ltp":1.14,"id":72857117}]}]}
{"op":"mcm","clk":"11879012584","pt":1724102151045,"mc":[{"id":"1.232011572","rc":[{"ltp":6.2,"id":72857115},{"ltp":1.18,"id":72857117}]}]}
{"op":"mcm","clk":"11879014982","pt":1724102210822,"mc":[{"id":"1.232011572","rc":[{"ltp":7.2,"id":72857115},{"ltp":1.16,"id":72857117}]}]}
{"op":"mcm","clk":"11879017534","pt":1724102268696,"mc":[{"id":"1.232011572","rc":[{"ltp":7.6,"id":72857115},{"ltp":1.15,"id":72857117}]}]}
{"op":"mcm","clk":"11879020169","pt":1724102331247,"mc":[{"id":"1.232011572","rc":[{"ltp":7.2,"id":72857115}]}]}
{"op":"mcm","clk":"11879022087","pt":1724102390826,"mc":[{"id":"1.232011572","rc":[{"ltp":5.5,"id":72857115},{"ltp":1.21,"id":72857117}]}]}
{"op":"mcm","clk":"11879025815","pt":1724102450295,"mc":[{"id":"1.232011572","rc":[{"ltp":5.6,"id":72857115}]}]}
{"op":"mcm","clk":"11879028253","pt":1724102510377,"mc":[{"id":"1.232011572","rc":[{"ltp":5.5,"id":72857115},{"ltp":1.22,"id":72857117}]}]}
{"op":"mcm","clk":"11879030589","pt":1724102571646,"mc":[{"id":"1.232011572","rc":[{"ltp":5.4,"id":72857115},{"ltp":1.24,"id":72857117}]}]}
{"op":"mcm","clk":"11879033003","pt":1724102631493,"mc":[{"id":"1.232011572","rc":[{"ltp":5.3,"id":72857115}]}]}
{"op":"mcm","clk":"11879036161","pt":1724102691455,"mc":[{"id":"1.232011572","rc":[{"ltp":4.5,"id":72857115},{"ltp":1.26,"id":72857117}]}]}
{"op":"mcm","clk":"11879039051","pt":1724102751760,"mc":[{"id":"1.232011572","rc":[{"ltp":4.7,"id":72857115},{"ltp":1.27,"id":72857117}]}]}
{"op":"mcm","clk":"11879042228","pt":1724102811706,"mc":[{"id":"1.232011572","rc":[{"ltp":5.1,"id":72857115},{"ltp":1.24,"id":72857117}]}]}
{"op":"mcm","clk":"11879045190","pt":1724102870091,"mc":[{"id":"1.232011572","rc":[{"ltp":5.0,"id":72857115},{"ltp":1.25,"id":72857117}]}]}
{"op":"mcm","clk":"11879048564","pt":1724102930943,"mc":[{"id":"1.232011572","rc":[{"ltp":6.0,"id":72857115},{"ltp":1.19,"id":72857117}]}]}
{"op":"mcm","clk":"11879051898","pt":1724102991634,"mc":[{"id":"1.232011572","rc":[{"ltp":1.2,"id":72857117}]}]}
{"op":"mcm","clk":"11879054988","pt":1724103051432,"mc":[{"id":"1.232011572","rc":[{"ltp":1.21,"id":72857117}]}]}
{"op":"mcm","clk":"11879058001","pt":1724103110077,"mc":[{"id":"1.232011572","rc":[{"ltp":5.5,"id":72857115},{"ltp":1.22,"id":72857117}]}]}
{"op":"mcm","clk":"11879060990","pt":1724103171361,"mc":[{"id":"1.232011572","rc":[{"ltp":5.1,"id":72857115},{"ltp":1.24,"id":72857117}]}]}
{"op":"mcm","clk":"11879064368","pt":1724103230429,"mc":[{"id":"1.232011572","rc":[{"ltp":5.4,"id":72857115},{"ltp":1.28,"id":72857117}]}]}
{"op":"mcm","clk":"11879067292","pt":1724103291388,"mc":[{"id":"1.232011572","rc":[{"ltp":4.2,"id":72857115},{"ltp":1.3,"id":72857117}]}]}
{"op":"mcm","clk":"11879069760","pt":1724103351618,"mc":[{"id":"1.232011572","rc":[{"ltp":4.3,"id":72857115},{"ltp":1.23,"id":72857117}]}]}
{"op":"mcm","clk":"11879072546","pt":1724103410506,"mc":[{"id":"1.232011572","rc":[{"ltp":5.1,"id":72857115},{"ltp":1.24,"id":72857117}]}]}
{"op":"mcm","clk":"11879075609","pt":1724103471439,"mc":[{"id":"1.232011572","rc":[{"ltp":6.0,"id":72857115},{"ltp":1.21,"id":72857117}]}]}
{"op":"mcm","clk":"11879078990","pt":1724103531215,"mc":[{"id":"1.232011572","rc":[{"ltp":4.4,"id":72857115},{"ltp":1.28,"id":72857117}]}]}
{"op":"mcm","clk":"11879082177","pt":1724103589976,"mc":[{"id":"1.232011572","rc":[{"ltp":1.27,"id":72857117}]}]}
{"op":"mcm","clk":"11879085517","pt":1724103651642,"mc":[{"id":"1.232011572","rc":[{"ltp":1.23,"id":72857117}]}]}
{"op":"mcm","clk":"11879089107","pt":1724103710477,"mc":[{"id":"1.232011572","rc":[{"ltp":5.3,"id":72857115},{"ltp":1.21,"id":72857117}]}]}
{"op":"mcm","clk":"11879092755","pt":1724103771153,"mc":[{"id":"1.232011572","rc":[{"ltp":6.4,"id":72857115},{"ltp":1.18,"id":72857117}]}]}
{"op":"mcm","clk":"11879096335","pt":1724103831246,"mc":[{"id":"1.232011572","rc":[{"ltp":8.0,"id":72857115},{"ltp":1.15,"id":72857117}]}]}
{"op":"mcm","clk":"11879100179","pt":1724103891420,"mc":[{"id":"1.232011572","rc":[{"ltp":8.6,"id":72857115},{"ltp":1.13,"id":72857117}]}]}
{"op":"mcm","clk":"11879103837","pt":1724103951594,"mc":[{"id":"1.232011572","rc":[{"ltp":10.0,"id":72857115},{"ltp":1.1,"id":72857117}]}]}
{"op":"mcm","clk":"11879107555","pt":1724104011752,"mc":[{"id":"1.232011572","rc":[{"ltp":11.0,"id":72857115}]}]}
{"op":"mcm","clk":"11879111212","pt":1724104071501,"mc":[{"id":"1.232011572","rc":[{"ltp":8.8,"id":72857115},{"ltp":1.11,"id":72857117}]}]}
{"op":"mcm","clk":"11879114902","pt":1724104131591,"mc":[{"id":"1.232011572","rc":[{"ltp":9.2,"id":72857115}]}]}
{"op":"mcm","clk":"11879118311","pt":1724104191733,"mc":[{"id":"1.232011572","rc":[{"ltp":10.0,"id":72857115}]}]}
{"op":"mcm","clk":"11879121581","pt":1724104249986,"mc":[{"id":"1.232011572","rc":[{"ltp":9.2,"id":72857115},{"ltp":1.12,"id":72857117}]}]}
{"op":"mcm","clk":"11879127906","pt":1724104371598,"mc":[{"id":"1.232011572","rc":[{"ltp":9.8,"id":72857115}]}]}
{"op":"mcm","clk":"11879131005","pt":1724104431382,"mc":[{"id":"1.232011572","rc":[{"ltp":8.6,"id":72857115}]}]}
{"op":"mcm","clk":"11879134094","pt":1724104489555,"mc":[{"id":"1.232011572","rc":[{"ltp":1.13,"id":72857117}]}]}
{"op":"mcm","clk":"11879139828","pt":1724104609744,"mc":[{"id":"1.232011572","rc":[{"ltp":9.2,"id":72857115},{"ltp":1.12,"id":72857117}]}]}
{"op":"mcm","clk":"11879143057","pt":1724104670823,"mc":[{"id":"1.232011572","rc":[{"ltp":9.4,"id":72857115}]}]}
{"op":"mcm","clk":"11879146430","pt":1724104731381,"mc":[{"id":"1.232011572","rc":[{"ltp":11.0,"id":72857115},{"ltp":1.1,"id":72857117}]}]}
{"op":"mcm","clk":"11879149476","pt":1724104791731,"mc":[{"id":"1.232011572","rc":[{"ltp":17.5,"id":72857115},{"ltp":1.06,"id":72857117}]}]}
{"op":"mcm","clk":"11879160025","pt":1724104971533,"mc":[{"id":"1.232011572","rc":[{"ltp":32.0,"id":72857115},{"ltp":1.03,"id":72857117}]}]}
{"op":"mcm","clk":"11879163279","pt":1724105031754,"mc":[{"id":"1.232011572","rc":[{"ltp":38.0,"id":72857115}]}]}
{"op":"mcm","clk":"11879166733","pt":1724105091213,"mc":[{"id":"1.232011572","rc":[{"ltp":32.0,"id":72857115}]}]}
{"op":"mcm","clk":"11879170037","pt":1724105151402,"mc":[{"id":"1.232011572","rc":[{"ltp":36.0,"id":72857115}]}]}
{"op":"mcm","clk":"11879176130","pt":1724105271411,"mc":[{"id":"1.232011572","rc":[{"ltp":50.0,"id":72857115},{"ltp":1.02,"id":72857117}]}]}
{"op":"mcm","clk":"11879178982","pt":1724105330813,"mc":[{"id":"1.232011572","rc":[{"ltp":27.0,"id":72857115},{"ltp":1.04,"id":72857117}]}]}
{"op":"mcm","clk":"11879182018","pt":1724105391678,"mc":[{"id":"1.232011572","rc":[{"ltp":34.0,"id":72857115},{"ltp":1.02,"id":72857117}]}]}
{"op":"mcm","clk":"11879184867","pt":1724105451129,"mc":[{"id":"1.232011572","rc":[{"ltp":55.0,"id":72857115}]}]}
{"op":"mcm","clk":"11879187698","pt":1724105510884,"mc":[{"id":"1.232011572","rc":[{"ltp":38.0,"id":72857115}]}]}
{"op":"mcm","clk":"11879190497","pt":1724105570939,"mc":[{"id":"1.232011572","rc":[{"ltp":55.0,"id":72857115}]}]}
{"op":"mcm","clk":"11879204217","pt":1724105630639,"mc":[{"id":"1.232011572","rc":[{"ltp":100.0,"id":72857115},{"ltp":1.01,"id":72857117}]}]}
{"op":"mcm","clk":"11879207464","pt":1724105690668,"mc":[{"id":"1.232011572","rc":[{"ltp":90.0,"id":72857115},{"ltp":1.02,"id":72857117}]}]}
{"op":"mcm","clk":"11879210336","pt":1724105749130,"mc":[{"id":"1.232011572","rc":[{"ltp":50.0,"id":72857115},{"ltp":1.01,"id":72857117}]}]}
{"op":"mcm","clk":"11879213421","pt":1724105810991,"mc":[{"id":"1.232011572","rc":[{"ltp":36.0,"id":72857115},{"ltp":1.02,"id":72857117}]}]}
{"op":"mcm","clk":"11879216339","pt":1724105870484,"mc":[{"id":"1.232011572","rc":[{"ltp":38.0,"id":72857115}]}]}
{"op":"mcm","clk":"11879219396","pt":1724105931347,"mc":[{"id":"1.232011572","rc":[{"ltp":50.0,"id":72857115}]}]}
{"op":"mcm","clk":"11879222320","pt":1724105991587,"mc":[{"id":"1.232011572","rc":[{"ltp":34.0,"id":72857115},{"ltp":1.03,"id":72857117}]}]}
{"op":"mcm","clk":"11879227558","pt":1724106111552,"mc":[{"id":"1.232011572","rc":[{"ltp":27.0,"id":72857115}]}]}
{"op":"mcm","clk":"11879233184","pt":1724106230574,"mc":[{"id":"1.232011572","rc":[{"ltp":34.0,"id":72857115}]}]}
{"op":"mcm","clk":"11879236227","pt":1724106291255,"mc":[{"id":"1.232011572","rc":[{"ltp":42.0,"id":72857115}]}]}
{"op":"mcm","clk":"11879239052","pt":1724106350507,"mc":[{"id":"1.232011572","rc":[{"ltp":26.0,"id":72857115}]}]}
{"op":"mcm","clk":"11879241471","pt":1724106411464,"mc":[{"id":"1.232011572","rc":[{"ltp":23.0,"id":72857115},{"ltp":1.04,"id":72857117}]}]}
{"op":"mcm","clk":"11879243847","pt":1724106469468,"mc":[{"id":"1.232011572","rc":[{"ltp":26.0,"id":72857115},{"ltp":1.03,"id":72857117}]}]}
{"op":"mcm","clk":"11879246551","pt":1724106531714,"mc":[{"id":"1.232011572","rc":[{"ltp":36.0,"id":72857115}]}]}
{"op":"mcm","clk":"11879249050","pt":1724106591274,"mc":[{"id":"1.232011572","rc":[{"ltp":27.0,"id":72857115},{"ltp":1.05,"id":72857117}]}]}
{"op":"mcm","clk":"11879251889","pt":1724106651314,"mc":[{"id":"1.232011572","rc":[{"ltp":55.0,"id":72857115},{"ltp":1.02,"id":72857117}]}]}
{"op":"mcm","clk":"11879254155","pt":1724106710010,"mc":[{"id":"1.232011572","rc":[{"ltp":50.0,"id":72857115}]}]}
{"op":"mcm","clk":"11879256514","pt":1724106771693,"mc":[{"id":"1.232011572","rc":[{"ltp":34.0,"id":72857115},{"ltp":1.01,"id":72857117}]}]}
{"op":"mcm","clk":"11879259035","pt":1724106831739,"mc":[{"id":"1.232011572","rc":[{"ltp":75.0,"id":72857115},{"ltp":1.02,"id":72857117}]}]}
{"op":"mcm","clk":"11879263717","pt":1724106891592,"mc":[{"id":"1.232011572","rc":[{"ltp":80.0,"id":72857115},{"ltp":1.01,"id":72857117}]}]}
{"op":"mcm","clk":"11879268752","pt":1724107010493,"mc":[{"id":"1.232011572","rc":[{"ltp":150.0,"id":72857115}]}]}
{"op":"mcm","clk":"11879271823","pt":1724107069252,"mc":[{"id":"1.232011572","rc":[{"ltp":300.0,"id":72857115}]}]}
{"op":"mcm","clk":"11879274676","pt":1724107128316,"mc":[{"id":"1.232011572","rc":[{"ltp":350.0,"id":72857115}]}]}
{"op":"mcm","clk":"11879304668","pt":1724107789416,"mc":[{"id":"1.232011572","rc":[{"ltp":1000.0,"id":72857115}]}]}
{"op":"mcm","clk":"11879311311","pt":1724107940385,"mc":[{"id":"1.232011572","marketDefinition":{"bspMarket":false,"turnInPlayEnabled":true,"persistenceEnabled":true,"marketBaseRate":5.0,"eventId":"33507999","eventTypeId":"4","numberOfWinners":1,"bettingType":"ODDS","marketType":"MATCH_ODDS","marketTime":"2024-08-19T21:00:00.000Z","suspendTime":"2024-08-19T21:00:00.000Z","bspReconciled":false,"complete":true,"inPlay":true,"crossMatching":true,"runnersVoidable":false,"numberOfActiveRunners":2,"betDelay":5,"status":"SUSPENDED","runners":[{"status":"ACTIVE","sortPriority":1,"id":72857117,"name":"Caribbean Giants"},{"status":"ACTIVE","sortPriority":2,"id":72857115,"name":"Miami Lions"}],"regulators":["MR_INT"],"countryCode":"GB","discountAllowed":true,"timezone":"GMT","openDate":"2024-08-19T21:00:00.000Z","version":6087090090,"name":"Match Odds","eventName":"Caribbean Giants v Miami Lions"}}]}
{"op":"mcm","clk":"11879317511","pt":1724108091393,"mc":[{"id":"1.232011572","marketDefinition":{"bspMarket":false,"turnInPlayEnabled":true,"persistenceEnabled":true,"marketBaseRate":5.0,"eventId":"33507999","eventTypeId":"4","numberOfWinners":1,"bettingType":"ODDS","marketType":"MATCH_ODDS","marketTime":"2024-08-19T21:00:00.000Z","suspendTime":"2024-08-19T21:00:00.000Z","bspReconciled":false,"complete":true,"inPlay":true,"crossMatching":false,"runnersVoidable":false,"numberOfActiveRunners":0,"betDelay":5,"status":"CLOSED","settledTime":"2024-08-19T22:53:53.000Z","runners":[{"status":"WINNER","sortPriority":1,"id":72857117,"name":"Caribbean Giants"},{"status":"LOSER","sortPriority":2,"id":72857115,"name":"Miami Lions"}],"regulators":["MR_INT"],"countryCode":"GB","discountAllowed":true,"timezone":"GMT","openDate":"2024-08-19T21:00:00.000Z","version":6087090576,"name":"Match Odds","eventName":"Caribbean Giants v Miami Lions"}}]}
