{"op":"mcm","clk":"11803204555","pt":1723109748270,"mc":[{"id":"1.231583429","marketDefinition":{"bspMarket":false,"turnInPlayEnabled":true,"persistenceEnabled":true,"marketBaseRate":5.0,"eventId":"33477706","eventTypeId":"4","numberOfWinners":1,"bettingType":"ODDS","marketType":"MATCH_ODDS","marketTime":"2024-08-10T13:30:00.000Z","suspendTime":"2024-08-10T13:30:00.000Z","bspReconciled":false,"complete":true,"inPlay":false,"crossMatching":true,"runnersVoidable":false,"numberOfActiveRunners":2,"betDelay":0,"status":"OPEN","runners":[{"status":"ACTIVE","sortPriority":1,"id":26354926,"name":"Southern Brave"},{"status":"ACTIVE","sortPriority":2,"id":26354925,"name":"Trent Rockets"}],"regulators":["MR_INT"],"countryCode":"GB","discountAllowed":true,"timezone":"GMT","openDate":"2024-08-10T13:30:00.000Z","version":6061704168,"name":"Match Odds","eventName":"Southern Brave v Trent Rockets"}}]}
{"op":"mcm","clk":"11805434321","pt":1723138743308,"mc":[{"id":"1.231583429","rc":[{"ltp":4.7,"id":26354926}]}]}
{"op":"mcm","clk":"11805494064","pt":1723139203039,"mc":[{"id":"1.231583429","rc":[{"ltp":4.4,"id":26354926}]}]}
{"op":"mcm","clk":"11805598602","pt":1723140225208,"mc":[{"id":"1.231583429","rc":[{"ltp":4.5,"id":26354926}]}]}
{"op":"mcm","clk":"11805702955","pt":1723140883811,"mc":[{"id":"1.231583429","rc":[{"ltp":4.5,"id":26354925}]}]}
{"op":"mcm","clk":"11805840691","pt":1723141893397,"mc":[{"id":"1.231583429","rc":[{"ltp":1.28,"id":26354926},{"ltp":4.6,"id":26354925}]}]}
{"op":"mcm","clk":"11805900583","pt":1723142325342,"mc":[{"id":"1.231583429","rc":[{"ltp":1.29,"id":26354926},{"ltp":4.5,"id":26354925}]}]}
{"op":"mcm","clk":"11805904794","pt":1723142356442,"mc":[{"id":"1.231583429","rc":[{"ltp":1.3,"id":26354925}]}]}
{"op":"mcm","clk":"11805910765","pt":1723142399807,"mc":[{"id":"1.231583429","rc":[{"ltp":1.3,"id":26354926}]}]}
{"op":"mcm","clk":"11805983649","pt":1723142913046,"mc":[{"id":"1.231583429","rc":[{"ltp":1.4,"id":26354926}]}]}
{"op":"mcm","clk":"11806426048","pt":1723146639300,"mc":[{"id":"1.231583429","rc":[{"ltp":1.67,"id":26354925}]}]}
{"op":"mcm","clk":"11806431518","pt":1723146705429,"mc":[{"id":"1.231583429","rc":[{"ltp":1.67,"id":26354926}]}]}
{"op":"mcm","clk":"11806805830","pt":1723152279331,"mc":[{"id":"1.231583429","rc":[{"ltp":1.88,"id":26354926}]}]}
{"op":"mcm","clk":"11808922647","pt":1723191943924,"mc":[{"id":"1.231583429","rc":[{"ltp":2.14,"id":26354925}]}]}
{"op":"mcm","clk":"11808925263","pt":1723192006022,"mc":[{"id":"1.231583429","rc":[{"ltp":1.9,"id":26354926}]}]}
{"op":"mcm","clk":"11808928014","pt":1723192078865,"mc":[{"id":"1.231583429","rc":[{"ltp":1.88,"id":26354926}]}]}
{"op":"mcm","clk":"11809085576","pt":1723195125857,"mc":[{"id":"1.231583429","rc":[{"ltp":1.87,"id":26354926},{"ltp":2.16,"id":26354925}]}]}
{"op":"mcm","clk":"11810116385","pt":1723208911435,"mc":[{"id":"1.231583429","rc":[{"ltp":1.88,"id":26354926},{"ltp":2.14,"id":26354925}]}]}
{"op":"mcm","clk":"11810279008","pt":1723210425791,"mc":[{"id":"1.231583429","rc":[{"ltp":1.87,"id":26354926}]}]}
{"op":"mcm","clk":"11810354522","pt":1723211006349,"mc":[{"id":"1.231583429","rc":[{"ltp":2.08,"id":26354925}]}]}
{"op":"mcm","clk":"11812051916","pt":1723224301144,"mc":[{"id":"1.231583429","rc":[{"ltp":1.91,"id":26354926}]}]}
{"op":"mcm","clk":"11814162458","pt":1723234425004,"mc":[{"id":"1.231583429","rc":[{"ltp":1.92,"id":26354926},{"ltp":2.06,"id":26354925}]}]}
{"op":"mcm","clk":"11814226235","pt":1723234845409,"mc":[{"id":"1.231583429","rc":[{"ltp":1.86,"id":26354926}]}]}
{"op":"mcm","clk":"11814425818","pt":1723236466104,"mc":[{"id":"1.231583429","rc":[{"ltp":2.2,"id":26354925}]}]}
{"op":"mcm","clk":"11814464561","pt":1723236932626,"mc":[{"id":"1.231583429","rc":[{"ltp":1.85,"id":26354926}]}]}
{"op":"mcm","clk":"11814710803","pt":1723241443527,"mc":[{"id":"1.231583429","rc":[{"ltp":1.83,"id":26354926}]}]}
{"op":"mcm","clk":"11814728601","pt":1723241743270,"mc":[{"id":"1.231583429","rc":[{"ltp":1.84,"id":26354926}]}]}
{"op":"mcm","clk":"11814749715","pt":1723242103897,"mc":[{"id":"1.231583429","rc":[{"ltp":2.18,"id":26354925}]}]}
{"op":"mcm","clk":"11815204941","pt":1723248465887,"mc":[{"id":"1.231583429","rc":[{"ltp":1.8,"id":26354926},{"ltp":2.22,"id":26354925}]}]}
{"op":"mcm","clk":"11815872629","pt":1723256484036,"mc":[{"id":"1.231583429","rc":[{"ltp":2.2,"id":26354925}]}]}
{"op":"mcm","clk":"11816119336","pt":1723260570898,"mc":[{"id":"1.231583429","rc":[{"ltp":1.84,"id":26354926}]}]}
{"op":"mcm","clk":"11816137600","pt":1723260928578,"mc":[{"id":"1.231583429","rc":[{"ltp":1.85,"id":26354926}]}]}
{"op":"mcm","clk":"11816209794","pt":1723262304093,"mc":[{"id":"1.231583429","rc":[{"ltp":2.18,"id":26354925}]}]}
{"op":"mcm","clk":"11816304966","pt":1723263971254,"mc":[{"id":"1.231583429","rc":[{"ltp":2.16,"id":26354925}]}]}
{"op":"mcm","clk":"11816314591","pt":1723264196581,"mc":[{"id":"1.231583429","rc":[{"ltp":1.84,"id":26354926}]}]}
{"op":"mcm","clk":"11816536938","pt":1723268134281,"mc":[{"id":"1.231583429","rc":[{"ltp":1.85,"id":26354926}]}]}
{"op":"mcm","clk":"11816753718","pt":1723271617363,"mc":[{"id":"1.231583429","rc":[{"ltp":1.86,"id":26354926}]}]}
{"op":"mcm","clk":"11816765116","pt":1723271805973,"mc":[{"id":"1.231583429","rc":[{"ltp":1.87,"id":26354926},{"ltp":2.14,"id":26354925}]}]}
{"op":"mcm","clk":"11816799441","pt":1723272452851,"mc":[{"id":"1.231583429","rc":[{"ltp":1.86,"id":26354926}]}]}
{"op":"mcm","clk":"11816900093","pt":1723274497342,"mc":[{"id":"1.231583429","rc":[{"ltp":1.87,"id":26354926}]}]}
{"op":"mcm","clk":"11816948634","pt":1723275515477,"mc":[{"id":"1.231583429","rc":[{"ltp":1.86,"id":26354926}]}]}
{"op":"mcm","clk":"11816952404","pt":1723275610782,"mc":[{"id":"1.231583429","rc":[{"ltp":1.87,"id":26354926}]}]}
{"op":"mcm","clk":"11817010938","pt":1723276516852,"mc":[{"id":"1.231583429","rc":[{"ltp":1.88,"id":26354926},{"ltp":2.12,"id":26354925}]}]}
{"op":"mcm","clk":"11817039638","pt":1723277056339,"mc":[{"id":"1.231583429","rc":[{"ltp":1.87,"id":26354926}]}]}
{"op":"mcm","clk":"11817045037","pt":1723277139652,"mc":[{"id":"1.231583429","rc":[{"ltp":1.88,"id":26354926}]}]}
{"op":"mcm","clk":"11817078853","pt":1723277610921,"mc":[{"id":"1.231583429","rc":[{"ltp":1.87,"id":26354926},{"ltp":2.14,"id":26354925}]}]}
{"op":"mcm","clk":"11817112986","pt":1723278053030,"mc":[{"id":"1.231583429","rc":[{"ltp":2.12,"id":26354925}]}]}
{"op":"mcm","clk":"11817227047","pt":1723279673263,"mc":[{"id":"1.231583429","rc":[{"ltp":2.14,"id":26354925}]}]}
{"op":"mcm","clk":"11817301669","pt":1723280738520,"mc":[{"id":"1.231583429","rc":[{"ltp":1.88,"id":26354926}]}]}
{"op":"mcm","clk":"11817336997","pt":1723281107160,"mc":[{"id":"1.231583429","rc":[{"ltp":2.12,"id":26354925}]}]}
{"op":"mcm","clk":"11817371895","pt":1723281295632,"mc":[{"id":"1.231583429","rc":[{"ltp":1.87,"id":26354926}]}]}
{"op":"mcm","clk":"11817489961","pt":1723282364494,"mc":[{"id":"1.231583429","rc":[{"ltp":1.88,"id":26354926}]}]}
{"op":"mcm","clk":"11817494929","pt":1723282407324,"mc":[{"id":"1.231583429","rc":[{"ltp":1.89,"id":26354926}]}]}
{"op":"mcm","clk":"11817542973","pt":1723282823352,"mc":[{"id":"1.231583429","rc":[{"ltp":2.1,"id":26354925}]}]}
{"op":"mcm","clk":"11817549179","pt":1723282879928,"mc":[{"id":"1.231583429","rc":[{"ltp":2.12,"id":26354925}]}]}
{"op":"mcm","clk":"11817557260","pt":1723282955662,"mc":[{"id":"1.231583429","rc":[{"ltp":2.1,"id":26354925}]}]}
{"op":"mcm","clk":"11817584758","pt":1723283214881,"mc":[{"id":"1.231583429","rc":[{"ltp":2.12,"id":26354925}]}]}
{"op":"mcm","clk":"11817596936","pt":1723283325009,"mc":[{"id":"1.231583429","rc":[{"ltp":1.9,"id":26354926},{"ltp":2.1,"id":26354925}]}]}
{"op":"mcm","clk":"11817602933","pt":1723283379248,"mc":[{"id":"1.231583429","rc":[{"ltp":1.89,"id":26354926},{"ltp":2.12,"id":26354925}]}]}
{"op":"mcm","clk":"11817644476","pt":1723283772458,"mc":[{"id":"1.231583429","rc":[{"ltp":1.9,"id":26354926}]}]}
{"op":"mcm","clk":"11817650819","pt":1723283832832,"mc":[{"id":"1.231583429","rc":[{"ltp":1.88,"id":26354926}]}]}
{"op":"mcm","clk":"11817658890","pt":1723283913112,"mc":[{"id":"1.231583429","rc":[{"ltp":1.89,"id":26354926}]}]}
{"op":"mcm","clk":"11817707298","pt":1723284370463,"mc":[{"id":"1.231583429","rc":[{"ltp":2.14,"id":26354925}]}]}
{"op":"mcm","clk":"11817732699","pt":1723284577024,"mc":[{"id":"1.231583429","rc":[{"ltp":2.12,"id":26354925}]}]}
{"op":"mcm","clk":"11817748540","pt":1723284698526,"mc":[{"id":"1.231583429","rc":[{"ltp":1.9,"id":26354926},{"ltp":2.1,"id":26354925}]}]}
{"op":"mcm","clk":"11817760563","pt":1723284788606,"mc":[{"id":"1.231583429","rc":[{"ltp":2.12,"id":26354925}]}]}
{"op":"mcm","clk":"11817788107","pt":1723284995512,"mc":[{"id":"1.231583429","rc":[{"ltp":2.1,"id":26354925}]}]}
{"op":"mcm","clk":"11817849680","pt":1723285477853,"mc":[{"id":"1.231583429","rc":[{"ltp":2.08,"id":26354925}]}]}
{"op":"mcm","clk":"11817866687","pt":1723285605720,"mc":[{"id":"1.231583429","rc":[{"ltp":2.1,"id":26354925}]}]}
{"op":"mcm","clk":"11817945844","pt":1723286231958,"mc":[{"id":"1.231583429","rc":[{"ltp":1.89,"id":26354926}]}]}
{"op":"mcm","clk":"11817984095","pt":1723286527519,"mc":[{"id":"1.231583429","rc":[{"ltp":1.9,"id":26354926}]}]}
{"op":"mcm","clk":"11818055065","pt":1723286968859,"mc":[{"id":"1.231583429","rc":[{"ltp":1.89,"id":26354926}]}]}
{"op":"mcm","clk":"11818060813","pt":1723287013857,"mc":[{"id":"1.231583429","rc":[{"ltp":1.91,"id":26354926}]}]}
{"op":"mcm","clk":"11818108521","pt":1723287403725,"mc":[{"id":"1.231583429","rc":[{"ltp":1.92,"id":26354926},{"ltp":2.08,"id":26354925}]}]}
{"op":"mcm","clk":"11818120325","pt":1723287502603,"mc":[{"id":"1.231583429","rc":[{"ltp":1.9,"id":26354926},{"ltp":2.1,"id":26354925}]}]}
{"op":"mcm","clk":"11818150985","pt":1723287694627,"mc":[{"id":"1.231583429","rc":[{"ltp":1.92,"id":26354926},{"ltp":2.08,"id":26354925}]}]}
{"op":"mcm","clk":"11818180957","pt":1723287876285,"mc":[{"id":"1.231583429","rc":[{"ltp":1.94,"id":26354926},{"ltp":2.06,"id":26354925}]}]}
{"op":"mcm","clk":"11818191727","pt":1723287943819,"mc":[{"id":"1.231583429","rc":[{"ltp":1.93,"id":26354926},{"ltp":2.1,"id":26354925}]}]}
{"op":"mcm","clk":"11818204214","pt":1723288022594,"mc":[{"id":"1.231583429","rc":[{"ltp":1.91,"id":26354926}]}]}
{"op":"mcm","clk":"11818281520","pt":1723288483998,"mc":[{"id":"1.231583429","rc":[{"ltp":1.9,"id":26354926},{"ltp":2.08,"id":26354925}]}]}
{"op":"mcm","clk":"11818286951","pt":1723288516244,"mc":[{"id":"1.231583429","rc":[{"ltp":1.93,"id":26354926}]}]}
{"op":"mcm","clk":"11818310018","pt":1723288651208,"mc":[{"id":"1.231583429","rc":[{"ltp":1.9,"id":26354926}]}]}
{"op":"mcm","clk":"11818526075","pt":1723289800208,"mc":[{"id":"1.231583429","rc":[{"ltp":1.92,"id":26354926}]}]}
{"op":"mcm","clk":"11818536072","pt":1723289852157,"mc":[{"id":"1.231583429","rc":[{"ltp":1.94,"id":26354926}]}]}
{"op":"mcm","clk":"11818549105","pt":1723289919621,"mc":[{"id":"1.231583429","rc":[{"ltp":1.92,"id":26354926}]}]}
{"op":"mcm","clk":"11818559802","pt":1723289974909,"mc":[{"id":"1.231583429","rc":[{"ltp":1.91,"id":26354926}]}]}
{"op":"mcm","clk":"11818572586","pt":1723290037661,"mc":[{"id":"1.231583429","rc":[{"ltp":2.1,"id":26354925}]}]}
{"op":"mcm","clk":"11818585690","pt":1723290104029,"mc":[{"id":"1.231583429","rc":[{"ltp":1.94,"id":26354926},{"ltp":2.08,"id":26354925}]}]}
{"op":"mcm","clk":"11818598424","pt":1723290165605,"mc":[{"id":"1.231583429","rc":[{"ltp":1.93,"id":26354926}]}]}
{"op":"mcm","clk":"11818609922","pt":1723290220790,"mc":[{"id":"1.231583429","rc":[{"ltp":1.9,"id":26354926}]}]}
{"op":"mcm","clk":"11818669768","pt":1723290520701,"mc":[{"id":"1.231583429","rc":[{"ltp":1.91,"id":26354926}]}]}
{"op":"mcm","clk":"11818722544","pt":1723290825440,"mc":[{"id":"1.231583429","rc":[{"ltp":1.9,"id":26354926},{"ltp":2.1,"id":26354925}]}]}
{"op":"mcm","clk":"11818910116","pt":1723291780216,"mc":[{"id":"1.231583429","rc":[{"ltp":1.89,"id":26354926}]}]}
{"op":"mcm","clk":"11818919460","pt":1723291820918,"mc":[{"id":"1.231583429","rc":[{"ltp":1.9,"id":26354926}]}]}
{"op":"mcm","clk":"11819007007","pt":1723292143120,"mc":[{"id":"1.231583429","rc":[{"ltp":1.89,"id":26354926}]}]}
{"op":"mcm","clk":"11819021036","pt":1723292206049,"mc":[{"id":"1.231583429","rc":[{"ltp":1.9,"id":26354926}]}]}
{"op":"mcm","clk":"11819026652","pt":1723292232070,"mc":[{"id":"1.231583429","rc":[{"ltp":1.89,"id":26354926}]}]}
{"op":"mcm","clk":"11819084537","pt":1723292488226,"mc":[{"id":"1.231583429","rc":[{"ltp":2.08,"id":26354925}]}]}
{"op":"mcm","clk":"11819108881","pt":1723292605477,"mc":[{"id":"1.231583429","rc":[{"ltp":1.9,"id":26354926}]}]}
{"op":"mcm","clk":"11819137733","pt":1723292742712,"mc":[{"id":"1.231583429","rc":[{"ltp":2.1,"id":26354925}]}]}
{"op":"mcm","clk":"11819179396","pt":1723292952496,"mc":[{"id":"1.231583429","rc":[{"ltp":1.89,"id":26354926}]}]}
{"op":"mcm","clk":"11819198248","pt":1723293046084,"mc":[{"id":"1.231583429","rc":[{"ltp":1.9,"id":26354926}]}]}
{"op":"mcm","clk":"11819210181","pt":1723293105784,"mc":[{"id":"1.231583429","rc":[{"ltp":1.89,"id":26354926}]}]}
{"op":"mcm","clk":"11819221084","pt":1723293157762,"mc":[{"id":"1.231583429","rc":[{"ltp":1.9,"id":26354926}]}]}
{"op":"mcm","clk":"11819234211","pt":1723293218377,"mc":[{"id":"1.231583429","rc":[{"ltp":1.89,"id":26354926}]}]}
{"op":"mcm","clk":"11819239262","pt":1723293242537,"mc":[{"id":"1.231583429","rc":[{"ltp":2.12,"id":26354925}]}]}
{"op":"mcm","clk":"11819277025","pt":1723293405332,"mc":[{"id":"1.231583429","rc":[{"ltp":1.9,"id":26354926},{"ltp":2.1,"id":26354925}]}]}
{"op":"mcm","clk":"11819282138","pt":1723293427562,"mc":[{"id":"1.231583429","rc":[{"ltp":1.89,"id":26354926}]}]}
{"op":"mcm","clk":"11819303146","pt":1723293515768,"mc":[{"id":"1.231583429","rc":[{"ltp":1.9,"id":26354926}]}]}
{"op":"mcm","clk":"11819319067","pt":1723293580788,"mc":[{"id":"1.231583429","rc":[{"ltp":1.89,"id":26354926},{"ltp":2.12,"id":26354925}]}]}
{"op":"mcm","clk":"11819333878","pt":1723293640212,"mc":[{"id":"1.231583429","rc":[{"ltp":1.9,"id":26354926}]}]}
{"op":"mcm","clk":"11819349716","pt":1723293705759,"mc":[{"id":"1.231583429","rc":[{"ltp":1.91,"id":26354926},{"ltp":2.08,"id":26354925}]}]}
{"op":"mcm","clk":"11819388772","pt":1723293876964,"mc":[{"id":"1.231583429","rc":[{"ltp":1.92,"id":26354926}]}]}
{"op":"mcm","clk":"11819410163","pt":1723293972466,"mc":[{"id":"1.231583429","rc":[{"ltp":1.93,"id":26354926}]}]}
{"op":"mcm","clk":"11819464167","pt":1723294244549,"mc":[{"id":"1.231583429","rc":[{"ltp":1.92,"id":26354926},{"ltp":2.06,"id":26354925}]}]}
{"op":"mcm","clk":"11819475661","pt":1723294305953,"mc":[{"id":"1.231583429","rc":[{"ltp":2.08,"id":26354925}]}]}
{"op":"mcm","clk":"11819507515","pt":1723294481041,"mc":[{"id":"1.231583429","rc":[{"ltp":1.91,"id":26354926}]}]}
{"op":"mcm","clk":"11819519124","pt":1723294544426,"mc":[{"id":"1.231583429","rc":[{"ltp":1.93,"id":26354926}]}]}
{"op":"mcm","clk":"11819528369","pt":1723294592177,"mc":[{"id":"1.231583429","rc":[{"ltp":1.92,"id":26354926},{"ltp":2.06,"id":26354925}]}]}
{"op":"mcm","clk":"11819541663","pt":1723294665351,"mc":[{"id":"1.231583429","rc":[{"ltp":1.93,"id":26354926},{"ltp":2.08,"id":26354925}]}]}
{"op":"mcm","clk":"11819552874","pt":1723294724503,"mc":[{"id":"1.231583429","rc":[{"ltp":1.94,"id":26354926}]}]}
{"op":"mcm","clk":"11819561071","pt":1723294767863,"mc":[{"id":"1.231583429","rc":[{"ltp":2.06,"id":26354925}]}]}
{"op":"mcm","clk":"11819574897","pt":1723294841377,"mc":[{"id":"1.231583429","rc":[{"ltp":1.92,"id":26354926}]}]}
{"op":"mcm","clk":"11819599891","pt":1723294965781,"mc":[{"id":"1.231583429","rc":[{"ltp":1.91,"id":26354926},{"ltp":2.04,"id":26354925}]}]}
{"op":"mcm","clk":"11819611537","pt":1723295025684,"mc":[{"id":"1.231583429","rc":[{"ltp":1.86,"id":26354926},{"ltp":2.16,"id":26354925}]}]}
{"op":"mcm","clk":"11819622659","pt":1723295085726,"mc":[{"id":"1.231583429","rc":[{"ltp":2.14,"id":26354925}]}]}
{"op":"mcm","clk":"11819634785","pt":1723295143756,"mc":[{"id":"1.231583429","rc":[{"ltp":1.87,"id":26354926}]}]}
{"op":"mcm","clk":"11819647095","pt":1723295205632,"mc":[{"id":"1.231583429","rc":[{"ltp":1.93,"id":26354926},{"ltp":2.1,"id":26354925}]}]}
{"op":"mcm","clk":"11819658864","pt":1723295265616,"mc":[{"id":"1.231583429","rc":[{"ltp":1.92,"id":26354926}]}]}
{"op":"mcm","clk":"11819670573","pt":1723295325880,"mc":[{"id":"1.231583429","rc":[{"ltp":1.93,"id":26354926},{"ltp":2.02,"id":26354925}]}]}
{"op":"mcm","clk":"11819682982","pt":1723295386066,"mc":[{"id":"1.231583429","rc":[{"ltp":2.06,"id":26354925}]}]}
{"op":"mcm","clk":"11819695809","pt":1723295446025,"mc":[{"id":"1.231583429","rc":[{"ltp":1.98,"id":26354926},{"ltp":2.02,"id":26354925}]}]}
{"op":"mcm","clk":"11819708420","pt":1723295505989,"mc":[{"id":"1.231583429","rc":[{"ltp":1.95,"id":26354926},{"ltp":2.04,"id":26354925}]}]}
{"op":"mcm","clk":"11819721571","pt":1723295566165,"mc":[{"id":"1.231583429","rc":[{"ltp":1.96,"id":26354926},{"ltp":2.02,"id":26354925}]}]}
{"op":"mcm","clk":"11819747478","pt":1723295685893,"mc":[{"id":"1.231583429","rc":[{"ltp":1.97,"id":26354926},{"ltp":2.04,"id":26354925}]}]}
{"op":"mcm","clk":"11819760880","pt":1723295745762,"mc":[{"id":"1.231583429","rc":[{"ltp":1.98,"id":26354926},{"ltp":2.0,"id":26354925}]}]}
{"op":"mcm","clk":"11819772759","pt":1723295801217,"mc":[{"id":"1.231583429","rc":[{"ltp":1.97,"id":26354926},{"ltp":2.02,"id":26354925}]}]}
{"op":"mcm","clk":"11819786272","pt":1723295865691,"mc":[{"id":"1.231583429","rc":[{"ltp":1.94,"id":26354926},{"ltp":2.06,"id":26354925}]}]}
{"op":"mcm","clk":"11819798547","pt":1723295926255,"mc":[{"id":"1.231583429","rc":[{"ltp":1.93,"id":26354926},{"ltp":2.08,"id":26354925}]}]}
{"op":"mcm","clk":"11819811047","pt":1723295985781,"mc":[{"id":"1.231583429","rc":[{"ltp":1.94,"id":26354926},{"ltp":2.06,"id":26354925}]}]}
{"op":"mcm","clk":"11819823655","pt":1723296045753,"mc":[{"id":"1.231583429","rc":[{"ltp":1.92,"id":26354926},{"ltp":2.08,"id":26354925}]}]}
{"op":"mcm","clk":"11819835506","pt":1723296104821,"mc":[{"id":"1.231583429","rc":[{"ltp":1.91,"id":26354926},{"ltp":2.1,"id":26354925}]}]}
{"op":"mcm","clk":"11819847544","pt":1723296164969,"mc":[{"id":"1.231583429","rc":[{"ltp":1.92,"id":26354926},{"ltp":2.08,"id":26354925}]}]}
{"op":"mcm","clk":"11819860254","pt":1723296226099,"mc":[{"id":"1.231583429","rc":[{"ltp":2.1,"id":26354925}]}]}
{"op":"mcm","clk":"11819873070","pt":1723296286058,"mc":[{"id":"1.231583429","rc":[{"ltp":1.93,"id":26354926},{"ltp":2.08,"id":26354925}]}]}
{"op":"mcm","clk":"11819885150","pt":1723296345857,"mc":[{"id":"1.231583429","rc":[{"ltp":1.94,"id":26354926},{"ltp":2.06,"id":26354925}]}]}
{"op":"mcm","clk":"11819896826","pt":1723296405838,"mc":[{"id":"1.231583429","rc":[{"ltp":1.93,"id":26354926}]}]}
{"op":"mcm","clk":"11819908155","pt":1723296466077,"mc":[{"id":"1.231583429","rc":[{"ltp":1.92,"id":26354926}]}]}
{"op":"mcm","clk":"11819919896","pt":1723296526189,"mc":[{"id":"1.231583429","rc":[{"ltp":1.91,"id":26354926},{"ltp":2.08,"id":26354925}]}]}
{"op":"mcm","clk":"11819943166","pt":1723296646215,"mc":[{"id":"1.231583429","marketDefinition":{"bspMarket":false,"turnInPlayEnabled":true,"persistenceEnabled":true,"marketBaseRate":5.0,"eventId":"33477706","eventTypeId":"4","numberOfWinners":1,"bettingType":"ODDS","marketType":"MATCH_ODDS","marketTime":"2024-08-10T13:30:00.000Z","suspendTime":"2024-08-10T13:30:00.000Z","bspReconciled":false,"complete":true,"inPlay":true,"crossMatching":true,"runnersVoidable":false,"numberOfActiveRunners":2,"betDelay":5,"status":"OPEN","runners":[{"status":"ACTIVE","sortPriority":1,"id":26354926,"name":"Southern Brave"},{"status":"ACTIVE","sortPriority":2,"id":26354925,"name":"Trent Rockets"}],"regulators":["MR_INT"],"countryCode":"GB","discountAllowed":true,"timezone":"GMT","openDate":"2024-08-10T13:30:00.000Z","version":6066005578,"name":"Match Odds","eventName":"Southern Brave v Trent Rockets"},"rc":[{"ltp":1.87,"id":26354926},{"ltp":2.16,"id":26354925}]}]}
{"op":"mcm","clk":"11819955425","pt":1723296706167,"mc":[{"id":"1.231583429","rc":[{"ltp":1.95,"id":26354926},{"ltp":2.06,"id":26354925}]}]}
{"op":"mcm","clk":"11819967611","pt":1723296766227,"mc":[{"id":"1.231583429","rc":[{"ltp":2.08,"id":26354926},{"ltp":1.89,"id":26354925}]}]}
{"op":"mcm","clk":"11819979632","pt":1723296826175,"mc":[{"id":"1.231583429","rc":[{"ltp":2.14,"id":26354926},{"ltp":1.87,"id":26354925}]}]}
{"op":"mcm","clk":"11820002205","pt":1723296946218,"mc":[{"id":"1.231583429","rc":[{"ltp":2.4,"id":26354926},{"ltp":1.71,"id":26354925}]}]}
{"op":"mcm","clk":"11820013080","pt":1723297006217,"mc":[{"id":"1.231583429","rc":[{"ltp":2.56,"id":26354926},{"ltp":1.65,"id":26354925}]}]}
{"op":"mcm","clk":"11820022908","pt":1723297066188,"mc":[{"id":"1.231583429","rc":[{"ltp":2.5,"id":26354926},{"ltp":1.66,"id":26354925}]}]}
{"op":"mcm","clk":"11820033329","pt":1723297126223,"mc":[{"id":"1.231583429","rc":[{"ltp":2.48,"id":26354926},{"ltp":1.67,"id":26354925}]}]}
{"op":"mcm","clk":"11820044733","pt":1723297186220,"mc":[{"id":"1.231583429","rc":[{"ltp":2.6,"id":26354926},{"ltp":1.62,"id":26354925}]}]}
{"op":"mcm","clk":"11820055686","pt":1723297246256,"mc":[{"id":"1.231583429","rc":[{"ltp":1.63,"id":26354925}]}]}
{"op":"mcm","clk":"11820065849","pt":1723297306209,"mc":[{"id":"1.231583429","rc":[{"ltp":2.58,"id":26354926}]}]}
{"op":"mcm","clk":"11820076358","pt":1723297366183,"mc":[{"id":"1.231583429","rc":[{"ltp":2.5,"id":26354926},{"ltp":1.67,"id":26354925}]}]}
{"op":"mcm","clk":"11820114246","pt":1723297486212,"mc":[{"id":"1.231583429","rc":[{"ltp":2.56,"id":26354926},{"ltp":1.64,"id":26354925}]}]}
{"op":"mcm","clk":"11820126565","pt":1723297546198,"mc":[{"id":"1.231583429","rc":[{"ltp":2.48,"id":26354926},{"ltp":1.67,"id":26354925}]}]}
{"op":"mcm","clk":"11820137862","pt":1723297606253,"mc":[{"id":"1.231583429","rc":[{"ltp":2.52,"id":26354926}]}]}
{"op":"mcm","clk":"11820148817","pt":1723297666223,"mc":[{"id":"1.231583429","rc":[{"ltp":2.48,"id":26354926}]}]}
{"op":"mcm","clk":"11820158982","pt":1723297726065,"mc":[{"id":"1.231583429","rc":[{"ltp":2.52,"id":26354926},{"ltp":1.65,"id":26354925}]}]}
{"op":"mcm","clk":"11820168626","pt":1723297785946,"mc":[{"id":"1.231583429","rc":[{"ltp":2.46,"id":26354926},{"ltp":1.68,"id":26354925}]}]}
{"op":"mcm","clk":"11820178798","pt":1723297846179,"mc":[{"id":"1.231583429","rc":[{"ltp":2.14,"id":26354926},{"ltp":1.86,"id":26354925}]}]}
{"op":"mcm","clk":"11820188548","pt":1723297906187,"mc":[{"id":"1.231583429","rc":[{"ltp":2.04,"id":26354926},{"ltp":1.96,"id":26354925}]}]}
{"op":"mcm","clk":"11820206318","pt":1723298026188,"mc":[{"id":"1.231583429","rc":[{"ltp":1.82,"id":26354926},{"ltp":2.2,"id":26354925}]}]}
{"op":"mcm","clk":"11820214603","pt":1723298086249,"mc":[{"id":"1.231583429","rc":[{"ltp":1.83,"id":26354926}]}]}
{"op":"mcm","clk":"11820222652","pt":1723298146233,"mc":[{"id":"1.231583429","rc":[{"ltp":1.86,"id":26354926},{"ltp":2.16,"id":26354925}]}]}
{"op":"mcm","clk":"11820229576","pt":1723298206189,"mc":[{"id":"1.231583429","rc":[{"ltp":1.85,"id":26354926},{"ltp":2.18,"id":26354925}]}]}
{"op":"mcm","clk":"11820236554","pt":1723298266248,"mc":[{"id":"1.231583429","rc":[{"ltp":1.91,"id":26354926},{"ltp":2.08,"id":26354925}]}]}
{"op":"mcm","clk":"11820243950","pt":1723298326225,"mc":[{"id":"1.231583429","rc":[{"ltp":1.9,"id":26354926}]}]}
{"op":"mcm","clk":"11820252099","pt":1723298386150,"mc":[{"id":"1.231583429","rc":[{"ltp":2.0,"id":26354926},{"ltp":2.0,"id":26354925}]}]}
{"op":"mcm","clk":"11820263109","pt":1723298446181,"mc":[{"id":"1.231583429","rc":[{"ltp":2.02,"id":26354926},{"ltp":1.97,"id":26354925}]}]}
{"op":"mcm","clk":"11820275032","pt":1723298506253,"mc":[{"id":"1.231583429","rc":[{"ltp":2.0,"id":26354926},{"ltp":1.99,"id":26354925}]}]}
{"op":"mcm","clk":"11820288033","pt":1723298566264,"mc":[{"id":"1.231583429","rc":[{"ltp":2.08,"id":26354926},{"ltp":1.91,"id":26354925}]}]}
{"op":"mcm","clk":"11820301610","pt":1723298626235,"mc":[{"id":"1.231583429","rc":[{"ltp":2.16,"id":26354926},{"ltp":1.85,"id":26354925}]}]}
{"op":"mcm","clk":"11820315323","pt":1723298686165,"mc":[{"id":"1.231583429","rc":[{"ltp":2.22,"id":26354926},{"ltp":1.83,"id":26354925}]}]}
{"op":"mcm","clk":"11820329610","pt":1723298746132,"mc":[{"id":"1.231583429","rc":[{"ltp":2.2,"id":26354926},{"ltp":1.85,"id":26354925}]}]}
{"op":"mcm","clk":"11820344444","pt":1723298806191,"mc":[{"id":"1.231583429","rc":[{"ltp":1.78,"id":26354926},{"ltp":2.28,"id":26354925}]}]}
{"op":"mcm","clk":"11820360054","pt":1723298866168,"mc":[{"id":"1.231583429","rc":[{"ltp":1.79,"id":26354926},{"ltp":2.26,"id":26354925}]}]}
{"op":"mcm","clk":"11820376355","pt":1723298926231,"mc":[{"id":"1.231583429","rc":[{"ltp":1.7,"id":26354926},{"ltp":2.44,"id":26354925}]}]}
{"op":"mcm","clk":"11820393042","pt":1723298986231,"mc":[{"id":"1.231583429","rc":[{"ltp":1.78,"id":26354926},{"ltp":2.28,"id":26354925}]}]}
{"op":"mcm","clk":"11820409203","pt":1723299046209,"mc":[{"id":"1.231583429","rc":[{"ltp":1.77,"id":26354926},{"ltp":2.3,"id":26354925}]}]}
{"op":"mcm","clk":"11820425007","pt":1723299106256,"mc":[{"id":"1.231583429","rc":[{"ltp":1.76,"id":26354926}]}]}
{"op":"mcm","clk":"11820441048","pt":1723299166171,"mc":[{"id":"1.231583429","rc":[{"ltp":1.72,"id":26354926},{"ltp":2.36,"id":26354925}]}]}
{"op":"mcm","clk":"11820456361","pt":1723299226244,"mc":[{"id":"1.231583429","rc":[{"ltp":1.57,"id":26354926},{"ltp":2.72,"id":26354925}]}]}
{"op":"mcm","clk":"11820471940","pt":1723299286115,"mc":[{"id":"1.231583429","rc":[{"ltp":2.76,"id":26354925}]}]}
{"op":"mcm","clk":"11820487417","pt":1723299346174,"mc":[{"id":"1.231583429","rc":[{"ltp":1.59,"id":26354926}]}]}
{"op":"mcm","clk":"11820503672","pt":1723299406258,"mc":[{"id":"1.231583429","rc":[{"ltp":1.61,"id":26354926},{"ltp":2.62,"id":26354925}]}]}
{"op":"mcm","clk":"11820520596","pt":1723299466252,"mc":[{"id":"1.231583429","rc":[{"ltp":1.56,"id":26354926},{"ltp":2.8,"id":26354925}]}]}
{"op":"mcm","clk":"11820536765","pt":1723299526202,"mc":[{"id":"1.231583429","rc":[{"ltp":1.53,"id":26354926},{"ltp":2.9,"id":26354925}]}]}
{"op":"mcm","clk":"11820552937","pt":1723299586263,"mc":[{"id":"1.231583429","rc":[{"ltp":1.52,"id":26354926},{"ltp":2.92,"id":26354925}]}]}
{"op":"mcm","clk":"11820570137","pt":1723299646217,"mc":[{"id":"1.231583429","rc":[{"ltp":1.53,"id":26354926},{"ltp":2.86,"id":26354925}]}]}
{"op":"mcm","clk":"11820587405","pt":1723299706180,"mc":[{"id":"1.231583429","rc":[{"ltp":1.54,"id":26354926},{"ltp":2.84,"id":26354925}]}]}
{"op":"mcm","clk":"11820622188","pt":1723299826224,"mc":[{"id":"1.231583429","rc":[{"ltp":1.52,"id":26354926},{"ltp":2.94,"id":26354925}]}]}
{"op":"mcm","clk":"11820640532","pt":1723299886181,"mc":[{"id":"1.231583429","rc":[{"ltp":1.54,"id":26354926},{"ltp":2.84,"id":26354925}]}]}
{"op":"mcm","clk":"11820677527","pt":1723300006210,"mc":[{"id":"1.231583429","rc":[{"ltp":1.65,"id":26354926},{"ltp":2.52,"id":26354925}]}]}
{"op":"mcm","clk":"11820695241","pt":1723300066226,"mc":[{"id":"1.231583429","rc":[{"ltp":1.76,"id":26354926},{"ltp":2.32,"id":26354925}]}]}
{"op":"mcm","clk":"11820712453","pt":1723300126222,"mc":[{"id":"1.231583429","rc":[{"ltp":1.75,"id":26354926}]}]}
{"op":"mcm","clk":"11820729560","pt":1723300186243,"mc":[{"id":"1.231583429","rc":[{"ltp":1.55,"id":26354926},{"ltp":2.84,"id":26354925}]}]}
{"op":"mcm","clk":"11820747049","pt":1723300246189,"mc":[{"id":"1.231583429","rc":[{"ltp":1.52,"id":26354926},{"ltp":2.92,"id":26354925}]}]}
{"op":"mcm","clk":"11820763876","pt":1723300306182,"mc":[{"id":"1.231583429","rc":[{"ltp":1.58,"id":26354926},{"ltp":2.74,"id":26354925}]}]}
{"op":"mcm","clk":"11820780384","pt":1723300366265,"mc":[{"id":"1.231583429","rc":[{"ltp":1.63,"id":26354926},{"ltp":2.58,"id":26354925}]}]}
{"op":"mcm","clk":"11820795869","pt":1723300426188,"mc":[{"id":"1.231583429","rc":[{"ltp":1.61,"id":26354926},{"ltp":2.64,"id":26354925}]}]}
{"op":"mcm","clk":"11820811921","pt":1723300486182,"mc":[{"id":"1.231583429","rc":[{"ltp":1.57,"id":26354926},{"ltp":2.74,"id":26354925}]}]}
{"op":"mcm","clk":"11820828512","pt":1723300546241,"mc":[{"id":"1.231583429","rc":[{"ltp":1.47,"id":26354926},{"ltp":3.1,"id":26354925}]}]}
{"op":"mcm","clk":"11820845110","pt":1723300606263,"mc":[{"id":"1.231583429","rc":[{"ltp":1.43,"id":26354926},{"ltp":3.3,"id":26354925}]}]}
{"op":"mcm","clk":"11820860764","pt":1723300666186,"mc":[{"id":"1.231583429","rc":[{"ltp":1.44,"id":26354926},{"ltp":3.25,"id":26354925}]}]}
{"op":"mcm","clk":"11820876537","pt":1723300726256,"mc":[{"id":"1.231583429","rc":[{"ltp":1.41,"id":26354926},{"ltp":3.4,"id":26354925}]}]}
{"op":"mcm","clk":"11820892135","pt":1723300786250,"mc":[{"id":"1.231583429","rc":[{"ltp":1.37,"id":26354926},{"ltp":3.5,"id":26354925}]}]}
{"op":"mcm","clk":"11820908131","pt":1723300846239,"mc":[{"id":"1.231583429","rc":[{"ltp":1.41,"id":26354926},{"ltp":3.4,"id":26354925}]}]}
{"op":"mcm","clk":"11820924182","pt":1723300905789,"mc":[{"id":"1.231583429","rc":[{"ltp":1.44,"id":26354926},{"ltp":3.25,"id":26354925}]}]}
{"op":"mcm","clk":"11820940685","pt":1723300966230,"mc":[{"id":"1.231583429","rc":[{"ltp":1.42,"id":26354926},{"ltp":3.35,"id":26354925}]}]}
{"op":"mcm","clk":"11820957147","pt":1723301026241,"mc":[{"id":"1.231583429","rc":[{"ltp":1.32,"id":26354926},{"ltp":4.1,"id":26354925}]}]}
{"op":"mcm","clk":"11820972595","pt":1723301086251,"mc":[{"id":"1.231583429","rc":[{"ltp":1.31,"id":26354926},{"ltp":4.3,"id":26354925}]}]}
{"op":"mcm","clk":"11820987615","pt":1723301146221,"mc":[{"id":"1.231583429","rc":[{"ltp":1.27,"id":26354926},{"ltp":4.7,"id":26354925}]}]}
{"op":"mcm","clk":"11821002449","pt":1723301206221,"mc":[{"id":"1.231583429","rc":[{"ltp":1.29,"id":26354926},{"ltp":4.4,"id":26354925}]}]}
{"op":"mcm","clk":"11821015508","pt":1723301266167,"mc":[{"id":"1.231583429","rc":[{"ltp":1.3,"id":26354926},{"ltp":4.3,"id":26354925}]}]}
{"op":"mcm","clk":"11821078114","pt":1723301626075,"mc":[{"id":"1.231583429","rc":[{"ltp":1.29,"id":26354926}]}]}
{"op":"mcm","clk":"11821087449","pt":1723301686169,"mc":[{"id":"1.231583429","rc":[{"ltp":1.3,"id":26354926},{"ltp":4.4,"id":26354925}]}]}
{"op":"mcm","clk":"11821099255","pt":1723301746017,"mc":[{"id":"1.231583429","rc":[{"ltp":1.29,"id":26354926}]}]}
{"op":"mcm","clk":"11821116957","pt":1723301866237,"mc":[{"id":"1.231583429","rc":[{"ltp":1.28,"id":26354926},{"ltp":4.5,"id":26354925}]}]}
{"op":"mcm","clk":"11821125911","pt":1723301926190,"mc":[{"id":"1.231583429","rc":[{"ltp":1.3,"id":26354926},{"ltp":4.4,"id":26354925}]}]}
{"op":"mcm","clk":"11821135924","pt":1723301986224,"mc":[{"id":"1.231583429","rc":[{"ltp":1.31,"id":26354926},{"ltp":4.3,"id":26354925}]}]}
{"op":"mcm","clk":"11821177040","pt":1723302165984,"mc":[{"id":"1.231583429","rc":[{"ltp":4.2,"id":26354925}]}]}
{"op":"mcm","clk":"11821192820","pt":1723302226211,"mc":[{"id":"1.231583429","rc":[{"ltp":1.2,"id":26354926},{"ltp":5.7,"id":26354925}]}]}
{"op":"mcm","clk":"11821208123","pt":1723302286216,"mc":[{"id":"1.231583429","rc":[{"ltp":1.21,"id":26354926},{"ltp":6.0,"id":26354925}]}]}
{"op":"mcm","clk":"11821224013","pt":1723302346130,"mc":[{"id":"1.231583429","rc":[{"ltp":1.23,"id":26354926},{"ltp":5.3,"id":26354925}]}]}
{"op":"mcm","clk":"11821240007","pt":1723302406199,"mc":[{"id":"1.231583429","rc":[{"ltp":1.25,"id":26354926},{"ltp":5.0,"id":26354925}]}]}
{"op":"mcm","clk":"11821254714","pt":1723302466194,"mc":[{"id":"1.231583429","rc":[{"ltp":1.22,"id":26354926},{"ltp":5.7,"id":26354925}]}]}
{"op":"mcm","clk":"11821269114","pt":1723302526154,"mc":[{"id":"1.231583429","rc":[{"ltp":1.17,"id":26354926},{"ltp":6.4,"id":26354925}]}]}
{"op":"mcm","clk":"11821283830","pt":1723302586207,"mc":[{"id":"1.231583429","rc":[{"ltp":1.18,"id":26354926}]}]}
{"op":"mcm","clk":"11821299090","pt":1723302646194,"mc":[{"id":"1.231583429","rc":[{"ltp":1.19,"id":26354926},{"ltp":6.2,"id":26354925}]}]}
{"op":"mcm","clk":"11821313346","pt":1723302705917,"mc":[{"id":"1.231583429","rc":[{"ltp":1.21,"id":26354926},{"ltp":5.7,"id":26354925}]}]}
{"op":"mcm","clk":"11821328339","pt":1723302766094,"mc":[{"id":"1.231583429","rc":[{"ltp":1.22,"id":26354926},{"ltp":5.3,"id":26354925}]}]}
{"op":"mcm","clk":"11821357353","pt":1723302826213,"mc":[{"id":"1.231583429","rc":[{"ltp":5.5,"id":26354925}]}]}
{"op":"mcm","clk":"11821372784","pt":1723302886235,"mc":[{"id":"1.231583429","rc":[{"ltp":5.3,"id":26354925}]}]}
{"op":"mcm","clk":"11821388844","pt":1723302946257,"mc":[{"id":"1.231583429","rc":[{"ltp":1.18,"id":26354926},{"ltp":6.2,"id":26354925}]}]}
{"op":"mcm","clk":"11821404626","pt":1723303006260,"mc":[{"id":"1.231583429","rc":[{"ltp":1.16,"id":26354926},{"ltp":7.2,"id":26354925}]}]}
{"op":"mcm","clk":"11821421028","pt":1723303066235,"mc":[{"id":"1.231583429","rc":[{"ltp":1.15,"id":26354926},{"ltp":7.8,"id":26354925}]}]}
{"op":"mcm","clk":"11821436622","pt":1723303126190,"mc":[{"id":"1.231583429","rc":[{"ltp":1.14,"id":26354926},{"ltp":8.2,"id":26354925}]}]}
{"op":"mcm","clk":"11821452600","pt":1723303186254,"mc":[{"id":"1.231583429","rc":[{"ltp":1.23,"id":26354926},{"ltp":5.2,"id":26354925}]}]}
{"op":"mcm","clk":"11821468447","pt":1723303246263,"mc":[{"id":"1.231583429","rc":[{"ltp":1.24,"id":26354926}]}]}
{"op":"mcm","clk":"11821484692","pt":1723303306089,"mc":[{"id":"1.231583429","rc":[{"ltp":1.23,"id":26354926},{"ltp":5.3,"id":26354925}]}]}
{"op":"mcm","clk":"11821500299","pt":1723303366147,"mc":[{"id":"1.231583429","rc":[{"ltp":1.2,"id":26354926},{"ltp":6.0,"id":26354925}]}]}
{"op":"mcm","clk":"11821515799","pt":1723303425825,"mc":[{"id":"1.231583429","rc":[{"ltp":1.19,"id":26354926},{"ltp":6.4,"id":26354925}]}]}
{"op":"mcm","clk":"11821530871","pt":1723303486214,"mc":[{"id":"1.231583429","rc":[{"ltp":1.34,"id":26354926},{"ltp":3.9,"id":26354925}]}]}
{"op":"mcm","clk":"11821546487","pt":1723303546205,"mc":[{"id":"1.231583429","rc":[{"ltp":1.29,"id":26354926},{"ltp":4.4,"id":26354925}]}]}
{"op":"mcm","clk":"11821562334","pt":1723303606206,"mc":[{"id":"1.231583429","rc":[{"ltp":1.25,"id":26354926},{"ltp":4.9,"id":26354925}]}]}
{"op":"mcm","clk":"11821577619","pt":1723303666133,"mc":[{"id":"1.231583429","rc":[{"ltp":1.28,"id":26354926},{"ltp":4.5,"id":26354925}]}]}
{"op":"mcm","clk":"11821592379","pt":1723303726215,"mc":[{"id":"1.231583429","rc":[{"ltp":1.25,"id":26354926},{"ltp":5.0,"id":26354925}]}]}
{"op":"mcm","clk":"11821607342","pt":1723303786213,"mc":[{"id":"1.231583429","rc":[{"ltp":1.42,"id":26354926},{"ltp":3.3,"id":26354925}]}]}
{"op":"mcm","clk":"11821623153","pt":1723303846212,"mc":[{"id":"1.231583429","rc":[{"ltp":1.38,"id":26354926},{"ltp":3.55,"id":26354925}]}]}
{"op":"mcm","clk":"11821638745","pt":1723303906244,"mc":[{"id":"1.231583429","rc":[{"ltp":1.29,"id":26354926},{"ltp":4.4,"id":26354925}]}]}
{"op":"mcm","clk":"11821654301","pt":1723303966136,"mc":[{"id":"1.231583429","rc":[{"ltp":1.26,"id":26354926},{"ltp":4.8,"id":26354925}]}]}
{"op":"mcm","clk":"11821670436","pt":1723304026232,"mc":[{"id":"1.231583429","rc":[{"ltp":1.25,"id":26354926},{"ltp":5.0,"id":26354925}]}]}
{"op":"mcm","clk":"11821685902","pt":1723304086224,"mc":[{"id":"1.231583429","rc":[{"ltp":1.48,"id":26354926},{"ltp":3.1,"id":26354925}]}]}
{"op":"mcm","clk":"11821701364","pt":1723304146222,"mc":[{"id":"1.231583429","rc":[{"ltp":1.46,"id":26354926},{"ltp":3.15,"id":26354925}]}]}
{"op":"mcm","clk":"11821716889","pt":1723304206261,"mc":[{"id":"1.231583429","rc":[{"ltp":1.53,"id":26354926},{"ltp":2.94,"id":26354925}]}]}
{"op":"mcm","clk":"11821731942","pt":1723304266160,"mc":[{"id":"1.231583429","rc":[{"ltp":1.61,"id":26354926},{"ltp":2.64,"id":26354925}]}]}
{"op":"mcm","clk":"11821747396","pt":1723304326203,"mc":[{"id":"1.231583429","rc":[{"ltp":1.6,"id":26354926},{"ltp":2.68,"id":26354925}]}]}
{"op":"mcm","clk":"11821763838","pt":1723304386188,"mc":[{"id":"1.231583429","rc":[{"ltp":1.7,"id":26354926},{"ltp":2.44,"id":26354925}]}]}
{"op":"mcm","clk":"11821779939","pt":1723304446176,"mc":[{"id":"1.231583429","rc":[{"ltp":1.66,"id":26354926},{"ltp":2.48,"id":26354925}]}]}
{"op":"mcm","clk":"11821810461","pt":1723304566195,"mc":[{"id":"1.231583429","rc":[{"ltp":1.74,"id":26354926},{"ltp":2.34,"id":26354925}]}]}
{"op":"mcm","clk":"11821825311","pt":1723304626234,"mc":[{"id":"1.231583429","rc":[{"ltp":3.0,"id":26354926},{"ltp":1.49,"id":26354925}]}]}
{"op":"mcm","clk":"11821839680","pt":1723304686194,"mc":[{"id":"1.231583429","rc":[{"ltp":3.15,"id":26354926},{"ltp":1.46,"id":26354925}]}]}
{"op":"mcm","clk":"11821854133","pt":1723304746258,"mc":[{"id":"1.231583429","rc":[{"ltp":3.2,"id":26354926},{"ltp":1.45,"id":26354925}]}]}
{"op":"mcm","clk":"11821867127","pt":1723304806214,"mc":[{"id":"1.231583429","rc":[{"ltp":3.85,"id":26354926},{"ltp":1.35,"id":26354925}]}]}
{"op":"mcm","clk":"11821890045","pt":1723304926190,"mc":[{"id":"1.231583429","rc":[{"ltp":4.0,"id":26354926},{"ltp":1.33,"id":26354925}]}]}
{"op":"mcm","clk":"11821901513","pt":1723304986241,"mc":[{"id":"1.231583429","rc":[{"ltp":5.0,"id":26354926},{"ltp":1.25,"id":26354925}]}]}
{"op":"mcm","clk":"11821923032","pt":1723305106250,"mc":[{"id":"1.231583429","rc":[{"ltp":6.0,"id":26354926},{"ltp":1.2,"id":26354925}]}]}
{"op":"mcm","clk":"11821932725","pt":1723305166212,"mc":[{"id":"1.231583429","rc":[{"ltp":8.0,"id":26354926},{"ltp":1.14,"id":26354925}]}]}
{"op":"mcm","clk":"11821942026","pt":1723305226197,"mc":[{"id":"1.231583429","rc":[{"ltp":7.6,"id":26354926},{"ltp":1.15,"id":26354925}]}]}
{"op":"mcm","clk":"11821951727","pt":1723305286267,"mc":[{"id":"1.231583429","rc":[{"ltp":6.8,"id":26354926},{"ltp":1.17,"id":26354925}]}]}
{"op":"mcm","clk":"11821961454","pt":1723305346252,"mc":[{"id":"1.231583429","rc":[{"ltp":8.0,"id":26354926},{"ltp":1.15,"id":26354925}]}]}
{"op":"mcm","clk":"11821971248","pt":1723305406172,"mc":[{"id":"1.231583429","rc":[{"ltp":9.4,"id":26354926},{"ltp":1.11,"id":26354925}]}]}
{"op":"mcm","clk":"11821980637","pt":1723305466144,"mc":[{"id":"1.231583429","rc":[{"ltp":10.0,"id":26354926},{"ltp":1.12,"id":26354925}]}]}
{"op":"mcm","clk":"11821990530","pt":1723305526239,"mc":[{"id":"1.231583429","rc":[{"ltp":1.11,"id":26354925}]}]}
{"op":"mcm","clk":"11822000125","pt":1723305586202,"mc":[{"id":"1.231583429","rc":[{"ltp":13.5,"id":26354926},{"ltp":1.08,"id":26354925}]}]}
{"op":"mcm","clk":"11822010650","pt":1723305646205,"mc":[{"id":"1.231583429","rc":[{"ltp":11.0,"id":26354926},{"ltp":1.17,"id":26354925}]}]}
{"op":"mcm","clk":"11822020792","pt":1723305706221,"mc":[{"id":"1.231583429","rc":[{"ltp":2.32,"id":26354926},{"ltp":1.7,"id":26354925}]}]}
{"op":"mcm","clk":"11822031253","pt":1723305766213,"mc":[{"id":"1.231583429","rc":[{"ltp":1.29,"id":26354926},{"ltp":4.4,"id":26354925}]}]}
{"op":"mcm","clk":"11822041369","pt":1723305826269,"mc":[{"id":"1.231583429","rc":[{"ltp":1.25,"id":26354926},{"ltp":5.0,"id":26354925}]}]}
{"op":"mcm","clk":"11822051509","pt":1723305886248,"mc":[{"id":"1.231583429","rc":[{"ltp":1.3,"id":26354926},{"ltp":4.4,"id":26354925}]}]}
{"op":"mcm","clk":"11822061952","pt":1723305946261,"mc":[{"id":"1.231583429","rc":[{"ltp":1.12,"id":26354926},{"ltp":9.2,"id":26354925}]}]}
{"op":"mcm","clk":"11822084310","pt":1723306066161,"mc":[{"id":"1.231583429","rc":[{"ltp":1.04,"id":26354926},{"ltp":26.0,"id":26354925}]}]}
{"op":"mcm","clk":"11822095868","pt":1723306126244,"mc":[{"id":"1.231583429","rc":[{"ltp":1.2,"id":26354926},{"ltp":6.0,"id":26354925}]}]}
{"op":"mcm","clk":"11822107223","pt":1723306186170,"mc":[{"id":"1.231583429","rc":[{"ltp":1.15,"id":26354926},{"ltp":7.6,"id":26354925}]}]}
{"op":"mcm","clk":"11822119906","pt":1723306246246,"mc":[{"id":"1.231583429","rc":[{"ltp":1.19,"id":26354926},{"ltp":6.2,"id":26354925}]}]}
{"op":"mcm","clk":"11822132318","pt":1723306306201,"mc":[{"id":"1.231583429","rc":[{"ltp":1.11,"id":26354926},{"ltp":10.0,"id":26354925}]}]}
{"op":"mcm","clk":"11822144656","pt":1723306366268,"mc":[{"id":"1.231583429","rc":[{"ltp":1.12,"id":26354926},{"ltp":9.2,"id":26354925}]}]}
{"op":"mcm","clk":"11822157726","pt":1723306426206,"mc":[{"id":"1.231583429","rc":[{"ltp":1.19,"id":26354926},{"ltp":5.0,"id":26354925}]}]}
{"op":"mcm","clk":"11822170745","pt":1723306486157,"mc":[{"id":"1.231583429","rc":[{"ltp":1.29,"id":26354926},{"ltp":4.3,"id":26354925}]}]}
{"op":"mcm","clk":"11822183539","pt":1723306546234,"mc":[{"id":"1.231583429","rc":[{"ltp":1.7,"id":26354926},{"ltp":2.42,"id":26354925}]}]}
{"op":"mcm","clk":"11822195171","pt":1723306604183,"mc":[{"id":"1.231583429","marketDefinition":{"bspMarket":false,"turnInPlayEnabled":true,"persistenceEnabled":true,"marketBaseRate":5.0,"eventId":"33477706","eventTypeId":"4","numberOfWinners":1,"bettingType":"ODDS","marketType":"MATCH_ODDS","marketTime":"2024-08-10T13:30:00.000Z","suspendTime":"2024-08-10T13:30:00.000Z","bspReconciled":false,"complete":true,"inPlay":true,"crossMatching":true,"runnersVoidable":false,"numberOfActiveRunners":2,"betDelay":5,"status":"SUSPENDED","runners":[{"status":"ACTIVE","sortPriority":1,"id":26354926,"name":"Southern Brave"},{"status":"ACTIVE","sortPriority":2,"id":26354925,"name":"Trent Rockets"}],"regulators":["MR_INT"],"countryCode":"GB","discountAllowed":true,"timezone":"GMT","openDate":"2024-08-10T13:30:00.000Z","version":6066936252,"name":"Match Odds","eventName":"Southern Brave v Trent Rockets"},"rc":[{"ltp":1.01,"id":26354926},{"ltp":1000.0,"id":26354925}]}]}
{"op":"mcm","clk":"11822240792","pt":1723306829116,"mc":[{"id":"1.231583429","marketDefinition":{"bspMarket":false,"turnInPlayEnabled":true,"persistenceEnabled":true,"marketBaseRate":5.0,"eventId":"33477706","eventTypeId":"4","numberOfWinners":1,"bettingType":"ODDS","marketType":"MATCH_ODDS","marketTime":"2024-08-10T13:30:00.000Z","suspendTime":"2024-08-10T13:30:00.000Z","bspReconciled":false,"complete":true,"inPlay":true,"crossMatching":false,"runnersVoidable":false,"numberOfActiveRunners":0,"betDelay":5,"status":"CLOSED","settledTime":"2024-08-10T16:18:46.000Z","runners":[{"status":"WINNER","sortPriority":1,"id":26354926,"name":"Southern Brave"},{"status":"LOSER","sortPriority":2,"id":26354925,"name":"Trent Rockets"}],"regulators":["MR_INT"],"countryCode":"GB","discountAllowed":true,"timezone":"GMT","openDate":"2024-08-10T13:30:00.000Z","version":6066958758,"name":"Match Odds","eventName":"Southern Brave v Trent Rockets"}}]}
