{"op":"mcm","clk":"11766501854","pt":1722608842280,"mc":[{"id":"1.231361532","marketDefinition":{"bspMarket":false,"turnInPlayEnabled":true,"persistenceEnabled":true,"marketBaseRate":5.0,"eventId":"33463378","eventTypeId":"4","numberOfWinners":1,"bettingType":"ODDS","marketType":"MATCH_ODDS","marketTime":"2024-08-03T20:00:00.000Z","suspendTime":"2024-08-03T20:00:00.000Z","bspReconciled":false,"complete":true,"inPlay":false,"crossMatching":true,"runnersVoidable":false,"numberOfActiveRunners":2,"betDelay":0,"status":"OPEN","runners":[{"status":"ACTIVE","sortPriority":1,"id":19144236,"name":"Toronto Nationals"},{"status":"ACTIVE","sortPriority":2,"id":19144239,"name":"Vancouver Knights"}],"regulators":["MR_INT"],"countryCode":"GB","discountAllowed":true,"timezone":"GMT","openDate":"2024-08-03T20:00:00.000Z","version":6051524547,"name":"Match Odds","eventName":"Toronto Nationals v Vancouver Knights"}}]}
{"op":"mcm","clk":"11767342618","pt":1722618306405,"mc":[{"id":"1.231361532","rc":[{"ltp":1.3,"id":19144236}]}]}
{"op":"mcm","clk":"11769284417","pt":1722635024092,"mc":[{"id":"1.231361532","rc":[{"ltp":1.35,"id":19144236}]}]}
{"op":"mcm","clk":"11771282635","pt":1722671959988,"mc":[{"id":"1.231361532","rc":[{"ltp":2.8,"id":19144236},{"ltp":1.56,"id":19144239}]}]}
{"op":"mcm","clk":"11771285776","pt":1722672012244,"mc":[{"id":"1.231361532","rc":[{"ltp":1.54,"id":19144236},{"ltp":2.88,"id":19144239}]}]}
{"op":"mcm","clk":"11771289822","pt":1722672080046,"mc":[{"id":"1.231361532","rc":[{"ltp":1.55,"id":19144239}]}]}
{"op":"mcm","clk":"11771291828","pt":1722672114970,"mc":[{"id":"1.231361532","rc":[{"ltp":1.65,"id":19144236},{"ltp":2.54,"id":19144239}]}]}
{"op":"mcm","clk":"11771303504","pt":1722672270026,"mc":[{"id":"1.231361532","rc":[{"ltp":2.82,"id":19144236},{"ltp":1.55,"id":19144239}]}]}
{"op":"mcm","clk":"11771818144","pt":1722678919010,"mc":[{"id":"1.231361532","rc":[{"ltp":1.66,"id":19144236},{"ltp":2.06,"id":19144239}]}]}
{"op":"mcm","clk":"11771823187","pt":1722678974603,"mc":[{"id":"1.231361532","rc":[{"ltp":2.08,"id":19144239}]}]}
{"op":"mcm","clk":"11771891756","pt":1722679634052,"mc":[{"id":"1.231361532","rc":[{"ltp":1.67,"id":19144236},{"ltp":2.5,"id":19144239}]}]}
{"op":"mcm","clk":"11771898211","pt":1722679694331,"mc":[{"id":"1.231361532","rc":[{"ltp":1.82,"id":19144236}]}]}
{"op":"mcm","clk":"11771905140","pt":1722679753604,"mc":[{"id":"1.231361532","rc":[{"ltp":1.91,"id":19144236}]}]}
{"op":"mcm","clk":"11771917971","pt":1722679868742,"mc":[{"id":"1.231361532","rc":[{"ltp":1.6,"id":19144236},{"ltp":2.44,"id":19144239}]}]}
{"op":"mcm","clk":"11772200348","pt":1722682376875,"mc":[{"id":"1.231361532","rc":[{"ltp":1.66,"id":19144236}]}]}
{"op":"mcm","clk":"11772209193","pt":1722682459532,"mc":[{"id":"1.231361532","rc":[{"ltp":1.65,"id":19144236}]}]}
{"op":"mcm","clk":"11772242645","pt":1722682819999,"mc":[{"id":"1.231361532","rc":[{"ltp":1.66,"id":19144236}]}]}
{"op":"mcm","clk":"11772255227","pt":1722682935024,"mc":[{"id":"1.231361532","rc":[{"ltp":1.8,"id":19144236}]}]}
{"op":"mcm","clk":"11772269352","pt":1722683060269,"mc":[{"id":"1.231361532","rc":[{"ltp":1.68,"id":19144236},{"ltp":2.48,"id":19144239}]}]}
{"op":"mcm","clk":"11772283209","pt":1722683178842,"mc":[{"id":"1.231361532","rc":[{"ltp":1.79,"id":19144236}]}]}
{"op":"mcm","clk":"11772390812","pt":1722683959060,"mc":[{"id":"1.231361532","rc":[{"ltp":1.7,"id":19144236},{"ltp":2.32,"id":19144239}]}]}
{"op":"mcm","clk":"11773264257","pt":1722690380250,"mc":[{"id":"1.231361532","rc":[{"ltp":2.44,"id":19144239}]}]}
{"op":"mcm","clk":"11774441782","pt":1722697878185,"mc":[{"id":"1.231361532","rc":[{"ltp":2.3,"id":19144239}]}]}
{"op":"mcm","clk":"11775004033","pt":1722700399425,"mc":[{"id":"1.231361532","rc":[{"ltp":1.75,"id":19144236},{"ltp":2.32,"id":19144239}]}]}
{"op":"mcm","clk":"11775189103","pt":1722701591047,"mc":[{"id":"1.231361532","rc":[{"ltp":1.68,"id":19144236}]}]}
{"op":"mcm","clk":"11775456706","pt":1722703039048,"mc":[{"id":"1.231361532","rc":[{"ltp":1.74,"id":19144236},{"ltp":2.34,"id":19144239}]}]}
{"op":"mcm","clk":"11775478436","pt":1722703156600,"mc":[{"id":"1.231361532","rc":[{"ltp":1.67,"id":19144236}]}]}
{"op":"mcm","clk":"11775501198","pt":1722703278008,"mc":[{"id":"1.231361532","rc":[{"ltp":1.75,"id":19144236},{"ltp":2.32,"id":19144239}]}]}
{"op":"mcm","clk":"11775588135","pt":1722703696567,"mc":[{"id":"1.231361532","rc":[{"ltp":2.44,"id":19144239}]}]}
{"op":"mcm","clk":"11775638239","pt":1722704084609,"mc":[{"id":"1.231361532","rc":[{"ltp":2.3,"id":19144239}]}]}
{"op":"mcm","clk":"11775992711","pt":1722706421480,"mc":[{"id":"1.231361532","rc":[{"ltp":2.32,"id":19144239}]}]}
{"op":"mcm","clk":"11776139378","pt":1722707290691,"mc":[{"id":"1.231361532","rc":[{"ltp":1.7,"id":19144236},{"ltp":2.44,"id":19144239}]}]}
{"op":"mcm","clk":"11776183595","pt":1722707581192,"mc":[{"id":"1.231361532","rc":[{"ltp":1.75,"id":19144236},{"ltp":2.32,"id":19144239}]}]}
{"op":"mcm","clk":"11776198526","pt":1722707692540,"mc":[{"id":"1.231361532","rc":[{"ltp":1.72,"id":19144236}]}]}
{"op":"mcm","clk":"11776345264","pt":1722708667039,"mc":[{"id":"1.231361532","rc":[{"ltp":1.75,"id":19144236},{"ltp":2.38,"id":19144239}]}]}
{"op":"mcm","clk":"11776390924","pt":1722708863987,"mc":[{"id":"1.231361532","rc":[{"ltp":2.32,"id":19144239}]}]}
{"op":"mcm","clk":"11776409180","pt":1722708965936,"mc":[{"id":"1.231361532","rc":[{"ltp":1.72,"id":19144236}]}]}
{"op":"mcm","clk":"11776427523","pt":1722709067912,"mc":[{"id":"1.231361532","rc":[{"ltp":1.76,"id":19144236}]}]}
{"op":"mcm","clk":"11776506662","pt":1722709483269,"mc":[{"id":"1.231361532","rc":[{"ltp":1.72,"id":19144236},{"ltp":2.38,"id":19144239}]}]}
{"op":"mcm","clk":"11776530354","pt":1722709615321,"mc":[{"id":"1.231361532","rc":[{"ltp":1.67,"id":19144236},{"ltp":2.46,"id":19144239}]}]}
{"op":"mcm","clk":"11776689159","pt":1722710517318,"mc":[{"id":"1.231361532","rc":[{"ltp":1.72,"id":19144236}]}]}
{"op":"mcm","clk":"11776723608","pt":1722710709798,"mc":[{"id":"1.231361532","rc":[{"ltp":2.38,"id":19144239}]}]}
{"op":"mcm","clk":"11776761477","pt":1722710926826,"mc":[{"id":"1.231361532","rc":[{"ltp":1.67,"id":19144236}]}]}
{"op":"mcm","clk":"11776813160","pt":1722711258929,"mc":[{"id":"1.231361532","rc":[{"ltp":1.72,"id":19144236}]}]}
{"op":"mcm","clk":"11776877211","pt":1722711734666,"mc":[{"id":"1.231361532","rc":[{"ltp":1.74,"id":19144236}]}]}
{"op":"mcm","clk":"11776903161","pt":1722711919791,"mc":[{"id":"1.231361532","rc":[{"ltp":1.7,"id":19144236}]}]}
{"op":"mcm","clk":"11776931240","pt":1722712097569,"mc":[{"id":"1.231361532","rc":[{"ltp":1.74,"id":19144236}]}]}
{"op":"mcm","clk":"11776998857","pt":1722712516833,"mc":[{"id":"1.231361532","rc":[{"ltp":2.32,"id":19144239}]}]}
{"op":"mcm","clk":"11777049298","pt":1722712833816,"mc":[{"id":"1.231361532","rc":[{"ltp":1.7,"id":19144236}]}]}
{"op":"mcm","clk":"11777077917","pt":1722713020958,"mc":[{"id":"1.231361532","rc":[{"ltp":1.72,"id":19144236}]}]}
{"op":"mcm","clk":"11777129590","pt":1722713414148,"mc":[{"id":"1.231361532","rc":[{"ltp":1.77,"id":19144236},{"ltp":2.3,"id":19144239}]}]}
{"op":"mcm","clk":"11777137859","pt":1722713475889,"mc":[{"id":"1.231361532","rc":[{"ltp":1.81,"id":19144236}]}]}
{"op":"mcm","clk":"11777162030","pt":1722713659999,"mc":[{"id":"1.231361532","rc":[{"ltp":1.86,"id":19144236},{"ltp":2.2,"id":19144239}]}]}
{"op":"mcm","clk":"11777176876","pt":1722713775570,"mc":[{"id":"1.231361532","rc":[{"ltp":2.16,"id":19144239}]}]}
{"op":"mcm","clk":"11777184776","pt":1722713838206,"mc":[{"id":"1.231361532","rc":[{"ltp":1.85,"id":19144236}]}]}
{"op":"mcm","clk":"11777190236","pt":1722713886285,"mc":[{"id":"1.231361532","rc":[{"ltp":1.84,"id":19144236}]}]}
{"op":"mcm","clk":"11777198614","pt":1722713958746,"mc":[{"id":"1.231361532","rc":[{"ltp":2.2,"id":19144239}]}]}
{"op":"mcm","clk":"11777205649","pt":1722714018929,"mc":[{"id":"1.231361532","rc":[{"ltp":1.91,"id":19144236},{"ltp":2.1,"id":19144239}]}]}
{"op":"mcm","clk":"11777212755","pt":1722714078700,"mc":[{"id":"1.231361532","rc":[{"ltp":1.9,"id":19144236}]}]}
{"op":"mcm","clk":"11777234833","pt":1722714199557,"mc":[{"id":"1.231361532","rc":[{"ltp":1.82,"id":19144236},{"ltp":2.2,"id":19144239}]}]}
{"op":"mcm","clk":"11777241029","pt":1722714260124,"mc":[{"id":"1.231361532","rc":[{"ltp":2.12,"id":19144239}]}]}
{"op":"mcm","clk":"11777247372","pt":1722714320230,"mc":[{"id":"1.231361532","rc":[{"ltp":1.84,"id":19144236},{"ltp":2.18,"id":19144239}]}]}
{"op":"mcm","clk":"11777253117","pt":1722714379998,"mc":[{"id":"1.231361532","rc":[{"ltp":1.83,"id":19144236},{"ltp":2.2,"id":19144239}]}]}
{"op":"mcm","clk":"11777259053","pt":1722714438738,"mc":[{"id":"1.231361532","rc":[{"ltp":1.86,"id":19144236},{"ltp":2.16,"id":19144239}]}]}
{"op":"mcm","clk":"11777265122","pt":1722714498127,"mc":[{"id":"1.231361532","rc":[{"ltp":1.81,"id":19144236},{"ltp":2.22,"id":19144239}]}]}
{"op":"mcm","clk":"11777271618","pt":1722714559795,"mc":[{"id":"1.231361532","rc":[{"ltp":1.8,"id":19144236},{"ltp":2.24,"id":19144239}]}]}
{"op":"mcm","clk":"11777277418","pt":1722714620180,"mc":[{"id":"1.231361532","rc":[{"ltp":1.83,"id":19144236},{"ltp":2.2,"id":19144239}]}]}
{"op":"mcm","clk":"11777283372","pt":1722714680102,"mc":[{"id":"1.231361532","rc":[{"ltp":1.84,"id":19144236}]}]}
{"op":"mcm","clk":"11777289374","pt":1722714740197,"mc":[{"id":"1.231361532","rc":[{"ltp":1.87,"id":19144236},{"ltp":2.16,"id":19144239}]}]}
{"op":"mcm","clk":"11777294729","pt":1722714800241,"mc":[{"id":"1.231361532","rc":[{"ltp":1.97,"id":19144236},{"ltp":2.02,"id":19144239}]}]}
{"op":"mcm","clk":"11777299849","pt":1722714860206,"mc":[{"id":"1.231361532","rc":[{"ltp":1.91,"id":19144236},{"ltp":2.1,"id":19144239}]}]}
{"op":"mcm","clk":"11777305260","pt":1722714920181,"mc":[{"id":"1.231361532","rc":[{"ltp":1.92,"id":19144236},{"ltp":2.06,"id":19144239}]}]}
{"op":"mcm","clk":"11777310470","pt":1722714979816,"mc":[{"id":"1.231361532","rc":[{"ltp":1.93,"id":19144236}]}]}
{"op":"mcm","clk":"11777314855","pt":1722715039352,"mc":[{"id":"1.231361532","rc":[{"ltp":1.94,"id":19144236}]}]}
{"op":"mcm","clk":"11777319122","pt":1722715100157,"mc":[{"id":"1.231361532","rc":[{"ltp":1.97,"id":19144236},{"ltp":2.02,"id":19144239}]}]}
{"op":"mcm","clk":"11777324058","pt":1722715159995,"mc":[{"id":"1.231361532","rc":[{"ltp":2.04,"id":19144239}]}]}
{"op":"mcm","clk":"11777329124","pt":1722715219939,"mc":[{"id":"1.231361532","marketDefinition":{"bspMarket":false,"turnInPlayEnabled":true,"persistenceEnabled":true,"marketBaseRate":5.0,"eventId":"33463378","eventTypeId":"4","numberOfWinners":1,"bettingType":"ODDS","marketType":"MATCH_ODDS","marketTime":"2024-08-03T20:00:00.000Z","suspendTime":"2024-08-03T20:00:00.000Z","bspReconciled":false,"complete":true,"inPlay":true,"crossMatching":true,"runnersVoidable":false,"numberOfActiveRunners":2,"betDelay":5,"status":"OPEN","runners":[{"status":"ACTIVE","sortPriority":1,"id":19144236,"name":"Toronto Nationals"},{"status":"ACTIVE","sortPriority":2,"id":19144239,"name":"Vancouver Knights"}],"regulators":["MR_INT"],"countryCode":"GB","discountAllowed":true,"timezone":"GMT","openDate":"2024-08-03T20:00:00.000Z","version":6055036282,"name":"Match Odds","eventName":"Toronto Nationals v Vancouver Knights"},"rc":[{"ltp":1.95,"id":19144236}]}]}
{"op":"mcm","clk":"11777334418","pt":1722715280133,"mc":[{"id":"1.231361532","rc":[{"ltp":1.93,"id":19144236},{"ltp":2.06,"id":19144239}]}]}
{"op":"mcm","clk":"11777339410","pt":1722715340282,"mc":[{"id":"1.231361532","rc":[{"ltp":1.8,"id":19144236},{"ltp":2.18,"id":19144239}]}]}
{"op":"mcm","clk":"11777344178","pt":1722715400236,"mc":[{"id":"1.231361532","rc":[{"ltp":1.62,"id":19144236},{"ltp":2.6,"id":19144239}]}]}
{"op":"mcm","clk":"11777348884","pt":1722715460211,"mc":[{"id":"1.231361532","rc":[{"ltp":1.64,"id":19144236},{"ltp":2.56,"id":19144239}]}]}
{"op":"mcm","clk":"11777353397","pt":1722715520146,"mc":[{"id":"1.231361532","rc":[{"ltp":1.59,"id":19144236},{"ltp":2.68,"id":19144239}]}]}
{"op":"mcm","clk":"11777358172","pt":1722715580214,"mc":[{"id":"1.231361532","rc":[{"ltp":1.45,"id":19144236},{"ltp":3.2,"id":19144239}]}]}
{"op":"mcm","clk":"11777362932","pt":1722715640274,"mc":[{"id":"1.231361532","rc":[{"ltp":1.5,"id":19144236},{"ltp":3.0,"id":19144239}]}]}
{"op":"mcm","clk":"11777367763","pt":1722715700254,"mc":[{"id":"1.231361532","rc":[{"ltp":1.71,"id":19144236},{"ltp":2.46,"id":19144239}]}]}
{"op":"mcm","clk":"11777372524","pt":1722715760209,"mc":[{"id":"1.231361532","rc":[{"ltp":1.72,"id":19144236},{"ltp":2.4,"id":19144239}]}]}
{"op":"mcm","clk":"11777377480","pt":1722715820277,"mc":[{"id":"1.231361532","rc":[{"ltp":2.34,"id":19144236},{"ltp":1.74,"id":19144239}]}]}
{"op":"mcm","clk":"11777382573","pt":1722715880248,"mc":[{"id":"1.231361532","rc":[{"ltp":2.32,"id":19144236},{"ltp":1.75,"id":19144239}]}]}
{"op":"mcm","clk":"11777387335","pt":1722715940202,"mc":[{"id":"1.231361532","rc":[{"ltp":2.26,"id":19144236},{"ltp":1.79,"id":19144239}]}]}
{"op":"mcm","clk":"11777392460","pt":1722716000269,"mc":[{"id":"1.231361532","rc":[{"ltp":2.28,"id":19144236},{"ltp":1.78,"id":19144239}]}]}
{"op":"mcm","clk":"11777397742","pt":1722716060253,"mc":[{"id":"1.231361532","rc":[{"ltp":2.02,"id":19144236},{"ltp":1.98,"id":19144239}]}]}
{"op":"mcm","clk":"11777402786","pt":1722716120212,"mc":[{"id":"1.231361532","rc":[{"ltp":1.95,"id":19144236},{"ltp":2.04,"id":19144239}]}]}
{"op":"mcm","clk":"11777407616","pt":1722716180250,"mc":[{"id":"1.231361532","rc":[{"ltp":1.77,"id":19144236},{"ltp":2.28,"id":19144239}]}]}
{"op":"mcm","clk":"11777412218","pt":1722716240163,"mc":[{"id":"1.231361532","rc":[{"ltp":1.79,"id":19144236}]}]}
{"op":"mcm","clk":"11777417181","pt":1722716300217,"mc":[{"id":"1.231361532","rc":[{"ltp":1.65,"id":19144236},{"ltp":2.52,"id":19144239}]}]}
{"op":"mcm","clk":"11777421493","pt":1722716360254,"mc":[{"id":"1.231361532","rc":[{"ltp":1.57,"id":19144236},{"ltp":2.66,"id":19144239}]}]}
{"op":"mcm","clk":"11777425471","pt":1722716420195,"mc":[{"id":"1.231361532","rc":[{"ltp":1.62,"id":19144236},{"ltp":2.6,"id":19144239}]}]}
{"op":"mcm","clk":"11777429678","pt":1722716480183,"mc":[{"id":"1.231361532","rc":[{"ltp":1.59,"id":19144236},{"ltp":2.68,"id":19144239}]}]}
{"op":"mcm","clk":"11777434079","pt":1722716540245,"mc":[{"id":"1.231361532","rc":[{"ltp":1.52,"id":19144236},{"ltp":2.92,"id":19144239}]}]}
{"op":"mcm","clk":"11777438025","pt":1722716600107,"mc":[{"id":"1.231361532","rc":[{"ltp":1.79,"id":19144236},{"ltp":2.28,"id":19144239}]}]}
{"op":"mcm","clk":"11777442089","pt":1722716660272,"mc":[{"id":"1.231361532","rc":[{"ltp":1.81,"id":19144236},{"ltp":2.22,"id":19144239}]}]}
{"op":"mcm","clk":"11777445630","pt":1722716720141,"mc":[{"id":"1.231361532","rc":[{"ltp":1.77,"id":19144236},{"ltp":2.3,"id":19144239}]}]}
{"op":"mcm","clk":"11777449040","pt":1722716779998,"mc":[{"id":"1.231361532","rc":[{"ltp":1.8,"id":19144236},{"ltp":2.26,"id":19144239}]}]}
{"op":"mcm","clk":"11777453016","pt":1722716839976,"mc":[{"id":"1.231361532","rc":[{"ltp":1.78,"id":19144236},{"ltp":2.28,"id":19144239}]}]}
{"op":"mcm","clk":"11777457135","pt":1722716900122,"mc":[{"id":"1.231361532","rc":[{"ltp":1.8,"id":19144236},{"ltp":2.22,"id":19144239}]}]}
{"op":"mcm","clk":"11777461526","pt":1722716960076,"mc":[{"id":"1.231361532","rc":[{"ltp":1.81,"id":19144236}]}]}
{"op":"mcm","clk":"11777466093","pt":1722717020244,"mc":[{"id":"1.231361532","rc":[{"ltp":1.68,"id":19144236},{"ltp":2.46,"id":19144239}]}]}
{"op":"mcm","clk":"11777470629","pt":1722717080235,"mc":[{"id":"1.231361532","rc":[{"ltp":1.69,"id":19144236},{"ltp":2.44,"id":19144239}]}]}
{"op":"mcm","clk":"11777474590","pt":1722717140220,"mc":[{"id":"1.231361532","rc":[{"ltp":1.74,"id":19144236},{"ltp":2.36,"id":19144239}]}]}
{"op":"mcm","clk":"11777478161","pt":1722717200270,"mc":[{"id":"1.231361532","rc":[{"ltp":2.16,"id":19144236},{"ltp":1.85,"id":19144239}]}]}
{"op":"mcm","clk":"11777482021","pt":1722717260227,"mc":[{"id":"1.231361532","rc":[{"ltp":2.04,"id":19144236},{"ltp":1.95,"id":19144239}]}]}
{"op":"mcm","clk":"11777485687","pt":1722717319877,"mc":[{"id":"1.231361532","rc":[{"ltp":2.0,"id":19144236},{"ltp":2.0,"id":19144239}]}]}
{"op":"mcm","clk":"11777489352","pt":1722717379958,"mc":[{"id":"1.231361532","rc":[{"ltp":1.99,"id":19144239}]}]}
{"op":"mcm","clk":"11777493418","pt":1722717440227,"mc":[{"id":"1.231361532","rc":[{"ltp":1.88,"id":19144236},{"ltp":2.12,"id":19144239}]}]}
{"op":"mcm","clk":"11777497401","pt":1722717500189,"mc":[{"id":"1.231361532","rc":[{"ltp":1.9,"id":19144236},{"ltp":2.1,"id":19144239}]}]}
{"op":"mcm","clk":"11777501122","pt":1722717559869,"mc":[{"id":"1.231361532","rc":[{"ltp":1.88,"id":19144236},{"ltp":2.12,"id":19144239}]}]}
{"op":"mcm","clk":"11777504964","pt":1722717620207,"mc":[{"id":"1.231361532","rc":[{"ltp":1.8,"id":19144236},{"ltp":2.24,"id":19144239}]}]}
{"op":"mcm","clk":"11777508554","pt":1722717680059,"mc":[{"id":"1.231361532","rc":[{"ltp":1.78,"id":19144236},{"ltp":2.28,"id":19144239}]}]}
{"op":"mcm","clk":"11777511874","pt":1722717740258,"mc":[{"id":"1.231361532","rc":[{"ltp":1.7,"id":19144236},{"ltp":2.42,"id":19144239}]}]}
{"op":"mcm","clk":"11777515436","pt":1722717800018,"mc":[{"id":"1.231361532","rc":[{"ltp":1.67,"id":19144236},{"ltp":2.48,"id":19144239}]}]}
{"op":"mcm","clk":"11777518908","pt":1722717860248,"mc":[{"id":"1.231361532","rc":[{"ltp":1.64,"id":19144236},{"ltp":2.54,"id":19144239}]}]}
{"op":"mcm","clk":"11777522601","pt":1722717920155,"mc":[{"id":"1.231361532","rc":[{"ltp":1.65,"id":19144236},{"ltp":2.52,"id":19144239}]}]}
{"op":"mcm","clk":"11777526364","pt":1722717979608,"mc":[{"id":"1.231361532","rc":[{"ltp":1.68,"id":19144236},{"ltp":2.5,"id":19144239}]}]}
{"op":"mcm","clk":"11777530320","pt":1722718039668,"mc":[{"id":"1.231361532","rc":[{"ltp":2.38,"id":19144239}]}]}
{"op":"mcm","clk":"11777534435","pt":1722718100062,"mc":[{"id":"1.231361532","rc":[{"ltp":1.72,"id":19144236}]}]}
{"op":"mcm","clk":"11777538265","pt":1722718159811,"mc":[{"id":"1.231361532","rc":[{"ltp":1.69,"id":19144236},{"ltp":2.44,"id":19144239}]}]}
{"op":"mcm","clk":"11777542080","pt":1722718220188,"mc":[{"id":"1.231361532","rc":[{"ltp":1.68,"id":19144236},{"ltp":2.48,"id":19144239}]}]}
{"op":"mcm","clk":"11777545677","pt":1722718280235,"mc":[{"id":"1.231361532","rc":[{"ltp":1.66,"id":19144236},{"ltp":2.5,"id":19144239}]}]}
{"op":"mcm","clk":"11777549227","pt":1722718340220,"mc":[{"id":"1.231361532","rc":[{"ltp":1.69,"id":19144236},{"ltp":2.44,"id":19144239}]}]}
{"op":"mcm","clk":"11777553117","pt":1722718400184,"mc":[{"id":"1.231361532","rc":[{"ltp":1.67,"id":19144236},{"ltp":2.48,"id":19144239}]}]}
{"op":"mcm","clk":"11777556867","pt":1722718460041,"mc":[{"id":"1.231361532","rc":[{"ltp":1.66,"id":19144236}]}]}
{"op":"mcm","clk":"11777560957","pt":1722718520282,"mc":[{"id":"1.231361532","rc":[{"ltp":1.7,"id":19144236}]}]}
{"op":"mcm","clk":"11777564588","pt":1722718580050,"mc":[{"id":"1.231361532","rc":[{"ltp":2.4,"id":19144239}]}]}
{"op":"mcm","clk":"11777568141","pt":1722718639716,"mc":[{"id":"1.231361532","rc":[{"ltp":1.69,"id":19144236},{"ltp":2.44,"id":19144239}]}]}
{"op":"mcm","clk":"11777572249","pt":1722718700271,"mc":[{"id":"1.231361532","rc":[{"ltp":1.61,"id":19144236},{"ltp":2.6,"id":19144239}]}]}
{"op":"mcm","clk":"11777576150","pt":1722718760221,"mc":[{"id":"1.231361532","rc":[{"ltp":1.83,"id":19144236},{"ltp":2.66,"id":19144239}]}]}
{"op":"mcm","clk":"11777580309","pt":1722718820274,"mc":[{"id":"1.231361532","rc":[{"ltp":1.78,"id":19144236},{"ltp":2.28,"id":19144239}]}]}
{"op":"mcm","clk":"11777584513","pt":1722718880217,"mc":[{"id":"1.231361532","rc":[{"ltp":1.79,"id":19144236}]}]}
{"op":"mcm","clk":"11777588593","pt":1722718940179,"mc":[{"id":"1.231361532","rc":[{"ltp":1.77,"id":19144236}]}]}
{"op":"mcm","clk":"11777593004","pt":1722719000209,"mc":[{"id":"1.231361532","rc":[{"ltp":2.2,"id":19144236},{"ltp":1.83,"id":19144239}]}]}
{"op":"mcm","clk":"11777597081","pt":1722719060181,"mc":[{"id":"1.231361532","rc":[{"ltp":2.16,"id":19144236},{"ltp":1.85,"id":19144239}]}]}
{"op":"mcm","clk":"11777600407","pt":1722719120241,"mc":[{"id":"1.231361532","rc":[{"ltp":2.6,"id":19144236},{"ltp":1.62,"id":19144239}]}]}
{"op":"mcm","clk":"11777604213","pt":1722719180202,"mc":[{"id":"1.231361532","rc":[{"ltp":2.62,"id":19144236},{"ltp":1.61,"id":19144239}]}]}
{"op":"mcm","clk":"11777608212","pt":1722719240231,"mc":[{"id":"1.231361532","rc":[{"ltp":2.78,"id":19144236},{"ltp":1.57,"id":19144239}]}]}
{"op":"mcm","clk":"11777612129","pt":1722719300120,"mc":[{"id":"1.231361532","rc":[{"ltp":2.8,"id":19144236},{"ltp":1.56,"id":19144239}]}]}
{"op":"mcm","clk":"11777616025","pt":1722719360187,"mc":[{"id":"1.231361532","rc":[{"ltp":2.66,"id":19144236},{"ltp":1.61,"id":19144239}]}]}
{"op":"mcm","clk":"11777619886","pt":1722719420223,"mc":[{"id":"1.231361532","rc":[{"ltp":2.44,"id":19144236},{"ltp":1.69,"id":19144239}]}]}
{"op":"mcm","clk":"11777627969","pt":1722719540188,"mc":[{"id":"1.231361532","rc":[{"ltp":3.55,"id":19144236},{"ltp":1.39,"id":19144239}]}]}
{"op":"mcm","clk":"11777640790","pt":1722719600234,"mc":[{"id":"1.231361532","rc":[{"ltp":3.75,"id":19144236},{"ltp":1.37,"id":19144239}]}]}
{"op":"mcm","clk":"11777645349","pt":1722719660016,"mc":[{"id":"1.231361532","rc":[{"ltp":3.7,"id":19144236},{"ltp":1.36,"id":19144239}]}]}
{"op":"mcm","clk":"11777650147","pt":1722719720192,"mc":[{"id":"1.231361532","rc":[{"ltp":3.6,"id":19144236},{"ltp":1.38,"id":19144239}]}]}
{"op":"mcm","clk":"11777663502","pt":1722719900282,"mc":[{"id":"1.231361532","rc":[{"ltp":3.5,"id":19144236},{"ltp":1.4,"id":19144239}]}]}
{"op":"mcm","clk":"11777667675","pt":1722719960270,"mc":[{"id":"1.231361532","rc":[{"ltp":3.35,"id":19144236},{"ltp":1.42,"id":19144239}]}]}
{"op":"mcm","clk":"11777671719","pt":1722720020223,"mc":[{"id":"1.231361532","rc":[{"ltp":3.4,"id":19144236},{"ltp":1.41,"id":19144239}]}]}
{"op":"mcm","clk":"11777675705","pt":1722720080241,"mc":[{"id":"1.231361532","rc":[{"ltp":3.55,"id":19144236},{"ltp":1.39,"id":19144239}]}]}
{"op":"mcm","clk":"11777679526","pt":1722720139927,"mc":[{"id":"1.231361532","rc":[{"ltp":4.0,"id":19144236},{"ltp":1.33,"id":19144239}]}]}
{"op":"mcm","clk":"11777682459","pt":1722720199579,"mc":[{"id":"1.231361532","rc":[{"ltp":3.7,"id":19144236},{"ltp":1.37,"id":19144239}]}]}
{"op":"mcm","clk":"11777685818","pt":1722720259981,"mc":[{"id":"1.231361532","rc":[{"ltp":3.75,"id":19144236},{"ltp":1.42,"id":19144239}]}]}
{"op":"mcm","clk":"11777688904","pt":1722720320027,"mc":[{"id":"1.231361532","rc":[{"ltp":3.25,"id":19144236},{"ltp":1.44,"id":19144239}]}]}
{"op":"mcm","clk":"11777692181","pt":1722720380100,"mc":[{"id":"1.231361532","rc":[{"ltp":3.3,"id":19144236},{"ltp":1.42,"id":19144239}]}]}
{"op":"mcm","clk":"11777695545","pt":1722720439988,"mc":[{"id":"1.231361532","rc":[{"ltp":3.25,"id":19144236},{"ltp":1.46,"id":19144239}]}]}
{"op":"mcm","clk":"11777698896","pt":1722720500163,"mc":[{"id":"1.231361532","rc":[{"ltp":2.78,"id":19144236},{"ltp":1.58,"id":19144239}]}]}
{"op":"mcm","clk":"11777701725","pt":1722720560269,"mc":[{"id":"1.231361532","rc":[{"ltp":2.92,"id":19144236},{"ltp":1.52,"id":19144239}]}]}
{"op":"mcm","clk":"11777704283","pt":1722720619898,"mc":[{"id":"1.231361532","rc":[{"ltp":3.0,"id":19144236},{"ltp":1.49,"id":19144239}]}]}
{"op":"mcm","clk":"11777707148","pt":1722720680090,"mc":[{"id":"1.231361532","rc":[{"ltp":3.25,"id":19144236},{"ltp":1.45,"id":19144239}]}]}
{"op":"mcm","clk":"11777710229","pt":1722720740235,"mc":[{"id":"1.231361532","rc":[{"ltp":3.2,"id":19144236}]}]}
{"op":"mcm","clk":"11777713176","pt":1722720800248,"mc":[{"id":"1.231361532","rc":[{"ltp":2.76,"id":19144236},{"ltp":1.56,"id":19144239}]}]}
{"op":"mcm","clk":"11777715971","pt":1722720860182,"mc":[{"id":"1.231361532","rc":[{"ltp":2.72,"id":19144236},{"ltp":1.57,"id":19144239}]}]}
{"op":"mcm","clk":"11777719054","pt":1722720920173,"mc":[{"id":"1.231361532","rc":[{"ltp":2.62,"id":19144236},{"ltp":1.61,"id":19144239}]}]}
{"op":"mcm","clk":"11777725035","pt":1722721039235,"mc":[{"id":"1.231361532","rc":[{"ltp":2.58,"id":19144236},{"ltp":1.63,"id":19144239}]}]}
{"op":"mcm","clk":"11777730352","pt":1722721160035,"mc":[{"id":"1.231361532","rc":[{"ltp":2.5,"id":19144236},{"ltp":1.66,"id":19144239}]}]}
{"op":"mcm","clk":"11777732759","pt":1722721219208,"mc":[{"id":"1.231361532","rc":[{"ltp":1.65,"id":19144239}]}]}
{"op":"mcm","clk":"11777735341","pt":1722721280247,"mc":[{"id":"1.231361532","rc":[{"ltp":1.68,"id":19144239}]}]}
{"op":"mcm","clk":"11777737971","pt":1722721339930,"mc":[{"id":"1.231361532","rc":[{"ltp":2.52,"id":19144236},{"ltp":1.65,"id":19144239}]}]}
{"op":"mcm","clk":"11777743207","pt":1722721460248,"mc":[{"id":"1.231361532","rc":[{"ltp":2.48,"id":19144236},{"ltp":1.67,"id":19144239}]}]}
{"op":"mcm","clk":"11777745654","pt":1722721520087,"mc":[{"id":"1.231361532","rc":[{"ltp":2.52,"id":19144236}]}]}
{"op":"mcm","clk":"11777748368","pt":1722721579834,"mc":[{"id":"1.231361532","rc":[{"ltp":2.48,"id":19144236}]}]}
{"op":"mcm","clk":"11777751396","pt":1722721639928,"mc":[{"id":"1.231361532","rc":[{"ltp":2.5,"id":19144236},{"ltp":1.66,"id":19144239}]}]}
{"op":"mcm","clk":"11777754190","pt":1722721700271,"mc":[{"id":"1.231361532","rc":[{"ltp":2.46,"id":19144236},{"ltp":1.67,"id":19144239}]}]}
{"op":"mcm","clk":"11777756908","pt":1722721759945,"mc":[{"id":"1.231361532","rc":[{"ltp":2.44,"id":19144236},{"ltp":1.7,"id":19144239}]}]}
{"op":"mcm","clk":"11777760141","pt":1722721820220,"mc":[{"id":"1.231361532","rc":[{"ltp":2.42,"id":19144236}]}]}
{"op":"mcm","clk":"11777762831","pt":1722721880231,"mc":[{"id":"1.231361532","rc":[{"ltp":1.83,"id":19144236},{"ltp":2.2,"id":19144239}]}]}
{"op":"mcm","clk":"11777765576","pt":1722721940210,"mc":[{"id":"1.231361532","rc":[{"ltp":1.91,"id":19144236},{"ltp":2.1,"id":19144239}]}]}
{"op":"mcm","clk":"11777768487","pt":1722722000278,"mc":[{"id":"1.231361532","rc":[{"ltp":2.08,"id":19144239}]}]}
{"op":"mcm","clk":"11777771438","pt":1722722060138,"mc":[{"id":"1.231361532","rc":[{"ltp":1.87,"id":19144236},{"ltp":2.12,"id":19144239}]}]}
{"op":"mcm","clk":"11777774195","pt":1722722120281,"mc":[{"id":"1.231361532","rc":[{"ltp":1.91,"id":19144236}]}]}
{"op":"mcm","clk":"11777776656","pt":1722722180035,"mc":[{"id":"1.231361532","rc":[{"ltp":1.94,"id":19144236},{"ltp":2.04,"id":19144239}]}]}
{"op":"mcm","clk":"11777779516","pt":1722722240205,"mc":[{"id":"1.231361532","rc":[{"ltp":2.0,"id":19144236},{"ltp":2.0,"id":19144239}]}]}
{"op":"mcm","clk":"11777782094","pt":1722722300205,"mc":[{"id":"1.231361532","rc":[{"ltp":2.02,"id":19144236},{"ltp":1.98,"id":19144239}]}]}
{"op":"mcm","clk":"11777784728","pt":1722722360260,"mc":[{"id":"1.231361532","rc":[{"ltp":2.08,"id":19144236},{"ltp":1.92,"id":19144239}]}]}
{"op":"mcm","clk":"11777787574","pt":1722722420217,"mc":[{"id":"1.231361532","rc":[{"ltp":2.26,"id":19144236},{"ltp":1.79,"id":19144239}]}]}
{"op":"mcm","clk":"11777790603","pt":1722722480158,"mc":[{"id":"1.231361532","rc":[{"ltp":2.18,"id":19144236},{"ltp":1.84,"id":19144239}]}]}
{"op":"mcm","clk":"11777793292","pt":1722722540215,"mc":[{"id":"1.231361532","rc":[{"ltp":2.64,"id":19144236},{"ltp":1.64,"id":19144239}]}]}
{"op":"mcm","clk":"11777795749","pt":1722722600268,"mc":[{"id":"1.231361532","rc":[{"ltp":2.5,"id":19144236},{"ltp":1.66,"id":19144239}]}]}
{"op":"mcm","clk":"11777798161","pt":1722722660249,"mc":[{"id":"1.231361532","rc":[{"ltp":2.88,"id":19144236},{"ltp":1.53,"id":19144239}]}]}
{"op":"mcm","clk":"11777800889","pt":1722722720124,"mc":[{"id":"1.231361532","rc":[{"ltp":1.52,"id":19144239}]}]}
{"op":"mcm","clk":"11777803344","pt":1722722780190,"mc":[{"id":"1.231361532","rc":[{"ltp":2.96,"id":19144236},{"ltp":1.5,"id":19144239}]}]}
{"op":"mcm","clk":"11777806292","pt":1722722840143,"mc":[{"id":"1.231361532","rc":[{"ltp":3.2,"id":19144236},{"ltp":1.46,"id":19144239}]}]}
{"op":"mcm","clk":"11777809021","pt":1722722900127,"mc":[{"id":"1.231361532","rc":[{"ltp":3.55,"id":19144236},{"ltp":1.39,"id":19144239}]}]}
{"op":"mcm","clk":"11777811748","pt":1722722960111,"mc":[{"id":"1.231361532","rc":[{"ltp":2.36,"id":19144236},{"ltp":1.72,"id":19144239}]}]}
{"op":"mcm","clk":"11777814398","pt":1722723020093,"mc":[{"id":"1.231361532","rc":[{"ltp":2.3,"id":19144236},{"ltp":1.76,"id":19144239}]}]}
{"op":"mcm","clk":"11777816791","pt":1722723080055,"mc":[{"id":"1.231361532","rc":[{"ltp":2.28,"id":19144236},{"ltp":1.77,"id":19144239}]}]}
{"op":"mcm","clk":"11777819247","pt":1722723140258,"mc":[{"id":"1.231361532","rc":[{"ltp":2.2,"id":19144236},{"ltp":1.8,"id":19144239}]}]}
{"op":"mcm","clk":"11777821860","pt":1722723200206,"mc":[{"id":"1.231361532","rc":[{"ltp":1.78,"id":19144236},{"ltp":2.28,"id":19144239}]}]}
{"op":"mcm","clk":"11777824645","pt":1722723259683,"mc":[{"id":"1.231361532","rc":[{"ltp":2.2,"id":19144236},{"ltp":1.82,"id":19144239}]}]}
{"op":"mcm","clk":"11777827499","pt":1722723320252,"mc":[{"id":"1.231361532","rc":[{"ltp":1.85,"id":19144239}]}]}
{"op":"mcm","clk":"11777830432","pt":1722723380195,"mc":[{"id":"1.231361532","rc":[{"ltp":2.16,"id":19144236},{"ltp":1.86,"id":19144239}]}]}
{"op":"mcm","clk":"11777833308","pt":1722723440098,"mc":[{"id":"1.231361532","rc":[{"ltp":2.12,"id":19144236},{"ltp":1.9,"id":19144239}]}]}
{"op":"mcm","clk":"11777836585","pt":1722723500229,"mc":[{"id":"1.231361532","rc":[{"ltp":2.44,"id":19144236},{"ltp":1.68,"id":19144239}]}]}
{"op":"mcm","clk":"11777839392","pt":1722723560128,"mc":[{"id":"1.231361532","rc":[{"ltp":2.8,"id":19144236},{"ltp":1.55,"id":19144239}]}]}
{"op":"mcm","clk":"11777841999","pt":1722723620188,"mc":[{"id":"1.231361532","rc":[{"ltp":2.58,"id":19144236},{"ltp":1.66,"id":19144239}]}]}
{"op":"mcm","clk":"11777845146","pt":1722723680029,"mc":[{"id":"1.231361532","rc":[{"ltp":2.48,"id":19144236}]}]}
{"op":"mcm","clk":"11777847945","pt":1722723739719,"mc":[{"id":"1.231361532","rc":[{"ltp":2.52,"id":19144236}]}]}
{"op":"mcm","clk":"11777850693","pt":1722723800274,"mc":[{"id":"1.231361532","rc":[{"ltp":3.25,"id":19144236},{"ltp":1.44,"id":19144239}]}]}
{"op":"mcm","clk":"11777856321","pt":1722723920086,"mc":[{"id":"1.231361532","rc":[{"ltp":3.15,"id":19144236},{"ltp":1.47,"id":19144239}]}]}
{"op":"mcm","clk":"11777859225","pt":1722723980267,"mc":[{"id":"1.231361532","rc":[{"ltp":2.96,"id":19144236},{"ltp":1.53,"id":19144239}]}]}
{"op":"mcm","clk":"11777862845","pt":1722724040210,"mc":[{"id":"1.231361532","rc":[{"ltp":2.92,"id":19144236},{"ltp":1.52,"id":19144239}]}]}
{"op":"mcm","clk":"11777865678","pt":1722724100161,"mc":[{"id":"1.231361532","rc":[{"ltp":3.05,"id":19144236},{"ltp":1.49,"id":19144239}]}]}
{"op":"mcm","clk":"11777868564","pt":1722724160200,"mc":[{"id":"1.231361532","rc":[{"ltp":3.2,"id":19144236},{"ltp":1.45,"id":19144239}]}]}
{"op":"mcm","clk":"11777871552","pt":1722724220098,"mc":[{"id":"1.231361532","rc":[{"ltp":3.1,"id":19144236},{"ltp":1.47,"id":19144239}]}]}
{"op":"mcm","clk":"11777875008","pt":1722724279343,"mc":[{"id":"1.231361532","rc":[{"ltp":3.25,"id":19144236},{"ltp":1.44,"id":19144239}]}]}
{"op":"mcm","clk":"11777878120","pt":1722724340210,"mc":[{"id":"1.231361532","rc":[{"ltp":3.1,"id":19144236},{"ltp":1.49,"id":19144239}]}]}
{"op":"mcm","clk":"11777881273","pt":1722724399776,"mc":[{"id":"1.231361532","rc":[{"ltp":3.4,"id":19144236},{"ltp":1.42,"id":19144239}]}]}
{"op":"mcm","clk":"11777884267","pt":1722724460074,"mc":[{"id":"1.231361532","rc":[{"ltp":3.3,"id":19144236},{"ltp":1.43,"id":19144239}]}]}
{"op":"mcm","clk":"11777894602","pt":1722724640229,"mc":[{"id":"1.231361532","rc":[{"ltp":2.28,"id":19144236},{"ltp":1.77,"id":19144239}]}]}
{"op":"mcm","clk":"11777897901","pt":1722724700026,"mc":[{"id":"1.231361532","rc":[{"ltp":2.3,"id":19144236}]}]}
{"op":"mcm","clk":"11777901736","pt":1722724760171,"mc":[{"id":"1.231361532","rc":[{"ltp":1.76,"id":19144239}]}]}
{"op":"mcm","clk":"11777905191","pt":1722724820253,"mc":[{"id":"1.231361532","rc":[{"ltp":1.79,"id":19144239}]}]}
{"op":"mcm","clk":"11777908905","pt":1722724880019,"mc":[{"id":"1.231361532","rc":[{"ltp":2.72,"id":19144236},{"ltp":1.55,"id":19144239}]}]}
{"op":"mcm","clk":"11777912633","pt":1722724940254,"mc":[{"id":"1.231361532","rc":[{"ltp":2.8,"id":19144236}]}]}
{"op":"mcm","clk":"11777924137","pt":1722725000111,"mc":[{"id":"1.231361532","rc":[{"ltp":2.88,"id":19144236},{"ltp":1.53,"id":19144239}]}]}
{"op":"mcm","clk":"11777927873","pt":1722725060258,"mc":[{"id":"1.231361532","rc":[{"ltp":3.0,"id":19144236},{"ltp":1.48,"id":19144239}]}]}
{"op":"mcm","clk":"11777931614","pt":1722725120023,"mc":[{"id":"1.231361532","rc":[{"ltp":2.88,"id":19144236},{"ltp":1.53,"id":19144239}]}]}
{"op":"mcm","clk":"11777935561","pt":1722725180184,"mc":[{"id":"1.231361532","rc":[{"ltp":3.85,"id":19144236},{"ltp":1.35,"id":19144239}]}]}
{"op":"mcm","clk":"11777939638","pt":1722725240173,"mc":[{"id":"1.231361532","rc":[{"ltp":4.3,"id":19144236},{"ltp":1.3,"id":19144239}]}]}
{"op":"mcm","clk":"11777947100","pt":1722725360213,"mc":[{"id":"1.231361532","rc":[{"ltp":4.8,"id":19144236},{"ltp":1.26,"id":19144239}]}]}
{"op":"mcm","clk":"11777950589","pt":1722725420052,"mc":[{"id":"1.231361532","rc":[{"ltp":5.1,"id":19144236},{"ltp":1.24,"id":19144239}]}]}
{"op":"mcm","clk":"11777954204","pt":1722725480041,"mc":[{"id":"1.231361532","rc":[{"ltp":4.5,"id":19144236},{"ltp":1.28,"id":19144239}]}]}
{"op":"mcm","clk":"11777958178","pt":1722725539764,"mc":[{"id":"1.231361532","rc":[{"ltp":4.8,"id":19144236},{"ltp":1.26,"id":19144239}]}]}
{"op":"mcm","clk":"11777962043","pt":1722725599535,"mc":[{"id":"1.231361532","rc":[{"ltp":1.25,"id":19144239}]}]}
{"op":"mcm","clk":"11777966061","pt":1722725660221,"mc":[{"id":"1.231361532","rc":[{"ltp":4.9,"id":19144236}]}]}
{"op":"mcm","clk":"11777970707","pt":1722725720247,"mc":[{"id":"1.231361532","rc":[{"ltp":10.0,"id":19144236},{"ltp":1.12,"id":19144239}]}]}
{"op":"mcm","clk":"11777975267","pt":1722725780235,"mc":[{"id":"1.231361532","rc":[{"ltp":1.1,"id":19144239}]}]}
{"op":"mcm","clk":"11777979747","pt":1722725840282,"mc":[{"id":"1.231361532","rc":[{"ltp":10.5,"id":19144236},{"ltp":1.11,"id":19144239}]}]}
{"op":"mcm","clk":"11777983987","pt":1722725900154,"mc":[{"id":"1.231361532","rc":[{"ltp":6.0,"id":19144236},{"ltp":1.2,"id":19144239}]}]}
{"op":"mcm","clk":"11777993602","pt":1722726020256,"mc":[{"id":"1.231361532","rc":[{"ltp":3.45,"id":19144236},{"ltp":1.44,"id":19144239}]}]}
{"op":"mcm","clk":"11777998495","pt":1722726080230,"mc":[{"id":"1.231361532","rc":[{"ltp":3.2,"id":19144236},{"ltp":1.46,"id":19144239}]}]}
{"op":"mcm","clk":"11778003334","pt":1722726140185,"mc":[{"id":"1.231361532","rc":[{"ltp":2.88,"id":19144236},{"ltp":1.51,"id":19144239}]}]}
{"op":"mcm","clk":"11778008387","pt":1722726200264,"mc":[{"id":"1.231361532","rc":[{"ltp":3.35,"id":19144236},{"ltp":1.42,"id":19144239}]}]}
{"op":"mcm","clk":"11778012933","pt":1722726260209,"mc":[{"id":"1.231361532","rc":[{"ltp":3.65,"id":19144236},{"ltp":1.41,"id":19144239}]}]}
{"op":"mcm","clk":"11778016999","pt":1722726320113,"mc":[{"id":"1.231361532","rc":[{"ltp":4.5,"id":19144236},{"ltp":1.3,"id":19144239}]}]}
{"op":"mcm","clk":"11778021370","pt":1722726379934,"mc":[{"id":"1.231361532","rc":[{"ltp":4.8,"id":19144236},{"ltp":1.27,"id":19144239}]}]}
{"op":"mcm","clk":"11778025620","pt":1722726440187,"mc":[{"id":"1.231361532","rc":[{"ltp":4.3,"id":19144236},{"ltp":1.32,"id":19144239}]}]}
{"op":"mcm","clk":"11778030127","pt":1722726500250,"mc":[{"id":"1.231361532","rc":[{"ltp":4.2,"id":19144236},{"ltp":1.31,"id":19144239}]}]}
{"op":"mcm","clk":"11778034267","pt":1722726560002,"mc":[{"id":"1.231361532","rc":[{"ltp":4.3,"id":19144236},{"ltp":1.3,"id":19144239}]}]}
{"op":"mcm","clk":"11778039118","pt":1722726620156,"mc":[{"id":"1.231361532","rc":[{"ltp":4.2,"id":19144236},{"ltp":1.33,"id":19144239}]}]}
{"op":"mcm","clk":"11778043679","pt":1722726680222,"mc":[{"id":"1.231361532","rc":[{"ltp":1.31,"id":19144239}]}]}
{"op":"mcm","clk":"11778048110","pt":1722726740199,"mc":[{"id":"1.231361532","rc":[{"ltp":2.52,"id":19144236},{"ltp":1.61,"id":19144239}]}]}
{"op":"mcm","clk":"11778052659","pt":1722726800225,"mc":[{"id":"1.231361532","rc":[{"ltp":2.72,"id":19144236},{"ltp":1.54,"id":19144239}]}]}
{"op":"mcm","clk":"11778057026","pt":1722726860172,"mc":[{"id":"1.231361532","rc":[{"ltp":2.92,"id":19144236},{"ltp":1.5,"id":19144239}]}]}
{"op":"mcm","clk":"11778061776","pt":1722726919941,"mc":[{"id":"1.231361532","rc":[{"ltp":3.0,"id":19144236},{"ltp":1.49,"id":19144239}]}]}
{"op":"mcm","clk":"11778066181","pt":1722726980196,"mc":[{"id":"1.231361532","rc":[{"ltp":1.57,"id":19144239}]}]}
{"op":"mcm","clk":"11778071027","pt":1722727040277,"mc":[{"id":"1.231361532","rc":[{"ltp":1.5,"id":19144236},{"ltp":3.0,"id":19144239}]}]}
{"op":"mcm","clk":"11778076085","pt":1722727100281,"mc":[{"id":"1.231361532","rc":[{"ltp":1.46,"id":19144236},{"ltp":3.15,"id":19144239}]}]}
{"op":"mcm","clk":"11778080328","pt":1722727160194,"mc":[{"id":"1.231361532","rc":[{"ltp":1.35,"id":19144236},{"ltp":3.85,"id":19144239}]}]}
{"op":"mcm","clk":"11778084729","pt":1722727220262,"mc":[{"id":"1.231361532","rc":[{"ltp":1.2,"id":19144236},{"ltp":6.0,"id":19144239}]}]}
{"op":"mcm","clk":"11778089305","pt":1722727280216,"mc":[{"id":"1.231361532","rc":[{"ltp":1.23,"id":19144236},{"ltp":5.3,"id":19144239}]}]}
{"op":"mcm","clk":"11778094155","pt":1722727340244,"mc":[{"id":"1.231361532","rc":[{"ltp":1.15,"id":19144236},{"ltp":7.0,"id":19144239}]}]}
{"op":"mcm","clk":"11778099182","pt":1722727400202,"mc":[{"id":"1.231361532","rc":[{"ltp":1.06,"id":19144236},{"ltp":17.5,"id":19144239}]}]}
{"op":"mcm","clk":"11778104454","pt":1722727460281,"mc":[{"id":"1.231361532","rc":[{"ltp":1.08,"id":19144236},{"ltp":12.0,"id":19144239}]}]}
{"op":"mcm","clk":"11778109627","pt":1722727520230,"mc":[{"id":"1.231361532","rc":[{"ltp":15.5,"id":19144239}]}]}
{"op":"mcm","clk":"11778114203","pt":1722727578892,"mc":[{"id":"1.231361532","marketDefinition":{"bspMarket":false,"turnInPlayEnabled":true,"persistenceEnabled":true,"marketBaseRate":5.0,"eventId":"33463378","eventTypeId":"4","numberOfWinners":1,"bettingType":"ODDS","marketType":"MATCH_ODDS","marketTime":"2024-08-03T20:00:00.000Z","suspendTime":"2024-08-03T20:00:00.000Z","bspReconciled":false,"complete":true,"inPlay":true,"crossMatching":true,"runnersVoidable":false,"numberOfActiveRunners":2,"betDelay":5,"status":"SUSPENDED","runners":[{"status":"ACTIVE","sortPriority":1,"id":19144236,"name":"Toronto Nationals"},{"status":"ACTIVE","sortPriority":2,"id":19144239,"name":"Vancouver Knights"}],"regulators":["MR_INT"],"countryCode":"GB","discountAllowed":true,"timezone":"GMT","openDate":"2024-08-03T20:00:00.000Z","version":6055381900,"name":"Match Odds","eventName":"Toronto Nationals v Vancouver Knights"},"rc":[{"ltp":1.01,"id":19144236},{"ltp":1000.0,"id":19144239}]}]}
{"op":"mcm","clk":"11778141185","pt":1722727940079,"mc":[{"id":"1.231361532","marketDefinition":{"bspMarket":false,"turnInPlayEnabled":true,"persistenceEnabled":true,"marketBaseRate":5.0,"eventId":"33463378","eventTypeId":"4","numberOfWinners":1,"bettingType":"ODDS","marketType":"MATCH_ODDS","marketTime":"2024-08-03T20:00:00.000Z","suspendTime":"2024-08-03T20:00:00.000Z","bspReconciled":false,"complete":true,"inPlay":true,"crossMatching":false,"runnersVoidable":false,"numberOfActiveRunners":0,"betDelay":5,"status":"CLOSED","settledTime":"2024-08-03T23:31:33.000Z","runners":[{"status":"WINNER","sortPriority":1,"id":19144236,"name":"Toronto Nationals"},{"status":"LOSER","sortPriority":2,"id":19144239,"name":"Vancouver Knights"}],"regulators":["MR_INT"],"countryCode":"GB","discountAllowed":true,"timezone":"GMT","openDate":"2024-08-03T20:00:00.000Z","version":6055395184,"name":"Match Odds","eventName":"Toronto Nationals v Vancouver Knights"}}]}
