{"op":"mcm","clk":"11876643920","pt":1724078118822,"mc":[{"id":"1.232018919","marketDefinition":{"bspMarket":false,"turnInPlayEnabled":true,"persistenceEnabled":true,"marketBaseRate":5.0,"eventId":"33508296","eventTypeId":"4","numberOfWinners":1,"bettingType":"ODDS","marketType":"MATCH_ODDS","marketTime":"2024-08-20T16:00:00.000Z","suspendTime":"2024-08-20T16:00:00.000Z","bspReconciled":false,"complete":true,"inPlay":false,"crossMatching":true,"runnersVoidable":false,"numberOfActiveRunners":2,"betDelay":0,"status":"OPEN","runners":[{"status":"ACTIVE","sortPriority":1,"id":72857115,"name":"Miami Lions"},{"status":"ACTIVE","sortPriority":2,"id":72857116,"name":"Grand Cayman Stingrays"}],"regulators":["MR_INT"],"countryCode":"GB","discountAllowed":true,"timezone":"GMT","openDate":"2024-08-20T16:00:00.000Z","version":6086446828,"name":"Match Odds","eventName":"Miami Lions v Grand Cayman Stingrays"}}]}
{"op":"mcm","clk":"11877545226","pt":1724088012679,"mc":[{"id":"1.232018919","rc":[{"ltp":1.26,"id":72857115},{"ltp":1.26,"id":72857116}]}]}
{"op":"mcm","clk":"11877667482","pt":1724089096878,"mc":[{"id":"1.232018919","rc":[{"ltp":1.5,"id":72857116}]}]}
{"op":"mcm","clk":"11877781725","pt":1724089937371,"mc":[{"id":"1.232018919","rc":[{"ltp":2.54,"id":72857115},{"ltp":1.65,"id":72857116}]}]}
{"op":"mcm","clk":"11877815375","pt":1724090237638,"mc":[{"id":"1.232018919","rc":[{"ltp":1.62,"id":72857115}]}]}
{"op":"mcm","clk":"11878196986","pt":1724092815227,"mc":[{"id":"1.232018919","rc":[{"ltp":1.72,"id":72857115},{"ltp":1.64,"id":72857116}]}]}
{"op":"mcm","clk":"11878470699","pt":1724094977777,"mc":[{"id":"1.232018919","rc":[{"ltp":2.94,"id":72857115},{"ltp":1.52,"id":72857116}]}]}
{"op":"mcm","clk":"11878520578","pt":1724095397720,"mc":[{"id":"1.232018919","rc":[{"ltp":2.12,"id":72857115},{"ltp":1.88,"id":72857116}]}]}
{"op":"mcm","clk":"11878558703","pt":1724095757129,"mc":[{"id":"1.232018919","rc":[{"ltp":1.56,"id":72857116}]}]}
{"op":"mcm","clk":"11879879191","pt":1724115546390,"mc":[{"id":"1.232018919","rc":[{"ltp":1.79,"id":72857116}]}]}
{"op":"mcm","clk":"11880030391","pt":1724118015807,"mc":[{"id":"1.232018919","rc":[{"ltp":2.18,"id":72857115},{"ltp":1.85,"id":72857116}]}]}
{"op":"mcm","clk":"11880098582","pt":1724119336429,"mc":[{"id":"1.232018919","rc":[{"ltp":2.1,"id":72857115},{"ltp":1.91,"id":72857116}]}]}
{"op":"mcm","clk":"11880733906","pt":1724137930035,"mc":[{"id":"1.232018919","rc":[{"ltp":2.26,"id":72857115},{"ltp":1.8,"id":72857116}]}]}
{"op":"mcm","clk":"11880768034","pt":1724138708990,"mc":[{"id":"1.232018919","rc":[{"ltp":2.24,"id":72857115}]}]}
{"op":"mcm","clk":"11880774941","pt":1724138905003,"mc":[{"id":"1.232018919","rc":[{"ltp":2.12,"id":72857115}]}]}
{"op":"mcm","clk":"11880787484","pt":1724139192112,"mc":[{"id":"1.232018919","rc":[{"ltp":1.81,"id":72857116}]}]}
{"op":"mcm","clk":"11880918920","pt":1724142317915,"mc":[{"id":"1.232018919","rc":[{"ltp":1.86,"id":72857116}]}]}
{"op":"mcm","clk":"11881007352","pt":1724143810464,"mc":[{"id":"1.232018919","rc":[{"ltp":2.24,"id":72857115}]}]}
{"op":"mcm","clk":"11881421314","pt":1724149020864,"mc":[{"id":"1.232018919","rc":[{"ltp":1.82,"id":72857116}]}]}
{"op":"mcm","clk":"11881621532","pt":1724151122626,"mc":[{"id":"1.232018919","rc":[{"ltp":2.16,"id":72857115}]}]}
{"op":"mcm","clk":"11881629064","pt":1724151194903,"mc":[{"id":"1.232018919","rc":[{"ltp":1.83,"id":72857116}]}]}
{"op":"mcm","clk":"11881728546","pt":1724152211720,"mc":[{"id":"1.232018919","rc":[{"ltp":2.22,"id":72857115}]}]}
{"op":"mcm","clk":"11881750484","pt":1724152486976,"mc":[{"id":"1.232018919","rc":[{"ltp":2.16,"id":72857115}]}]}
{"op":"mcm","clk":"11881765772","pt":1724152660640,"mc":[{"id":"1.232018919","rc":[{"ltp":2.22,"id":72857115}]}]}
{"op":"mcm","clk":"11881847971","pt":1724153592581,"mc":[{"id":"1.232018919","rc":[{"ltp":1.82,"id":72857116}]}]}
{"op":"mcm","clk":"11881956118","pt":1724154808652,"mc":[{"id":"1.232018919","rc":[{"ltp":2.2,"id":72857115}]}]}
{"op":"mcm","clk":"11882034286","pt":1724155781663,"mc":[{"id":"1.232018919","rc":[{"ltp":1.81,"id":72857116}]}]}
{"op":"mcm","clk":"11882098871","pt":1724156617780,"mc":[{"id":"1.232018919","rc":[{"ltp":2.22,"id":72857115}]}]}
{"op":"mcm","clk":"11882123592","pt":1724156890823,"mc":[{"id":"1.232018919","rc":[{"ltp":1.87,"id":72857116}]}]}
{"op":"mcm","clk":"11882127155","pt":1724156938992,"mc":[{"id":"1.232018919","rc":[{"ltp":2.14,"id":72857115}]}]}
{"op":"mcm","clk":"11882159724","pt":1724157352230,"mc":[{"id":"1.232018919","rc":[{"ltp":1.88,"id":72857116}]}]}
{"op":"mcm","clk":"11882165259","pt":1724157427900,"mc":[{"id":"1.232018919","rc":[{"ltp":2.1,"id":72857115},{"ltp":1.89,"id":72857116}]}]}
{"op":"mcm","clk":"11882185596","pt":1724157669991,"mc":[{"id":"1.232018919","rc":[{"ltp":1.87,"id":72857116}]}]}
{"op":"mcm","clk":"11882195343","pt":1724157790940,"mc":[{"id":"1.232018919","rc":[{"ltp":2.14,"id":72857115},{"ltp":1.88,"id":72857116}]}]}
{"op":"mcm","clk":"11882225524","pt":1724158185237,"mc":[{"id":"1.232018919","rc":[{"ltp":1.89,"id":72857116}]}]}
{"op":"mcm","clk":"11882241780","pt":1724158396610,"mc":[{"id":"1.232018919","rc":[{"ltp":1.9,"id":72857116}]}]}
{"op":"mcm","clk":"11882354758","pt":1724159596518,"mc":[{"id":"1.232018919","rc":[{"ltp":1.84,"id":72857116}]}]}
{"op":"mcm","clk":"11882421649","pt":1724160317547,"mc":[{"id":"1.232018919","rc":[{"ltp":2.3,"id":72857115},{"ltp":1.76,"id":72857116}]}]}
{"op":"mcm","clk":"11882426458","pt":1724160365710,"mc":[{"id":"1.232018919","rc":[{"ltp":1.82,"id":72857116}]}]}
{"op":"mcm","clk":"11882447079","pt":1724160557782,"mc":[{"id":"1.232018919","rc":[{"ltp":2.22,"id":72857115}]}]}
{"op":"mcm","clk":"11882511484","pt":1724161151764,"mc":[{"id":"1.232018919","rc":[{"ltp":1.83,"id":72857116}]}]}
{"op":"mcm","clk":"11882518302","pt":1724161216008,"mc":[{"id":"1.232018919","rc":[{"ltp":1.82,"id":72857116}]}]}
{"op":"mcm","clk":"11882557089","pt":1724161566508,"mc":[{"id":"1.232018919","rc":[{"ltp":1.81,"id":72857116}]}]}
{"op":"mcm","clk":"11882633540","pt":1724162401620,"mc":[{"id":"1.232018919","rc":[{"ltp":2.14,"id":72857115},{"ltp":1.86,"id":72857116}]}]}
{"op":"mcm","clk":"11882657468","pt":1724162654463,"mc":[{"id":"1.232018919","rc":[{"ltp":2.16,"id":72857115},{"ltp":1.78,"id":72857116}]}]}
{"op":"mcm","clk":"11882670280","pt":1724162777427,"mc":[{"id":"1.232018919","rc":[{"ltp":2.14,"id":72857115},{"ltp":1.87,"id":72857116}]}]}
{"op":"mcm","clk":"11882713078","pt":1724163195444,"mc":[{"id":"1.232018919","rc":[{"ltp":1.88,"id":72857116}]}]}
{"op":"mcm","clk":"11882713842","pt":1724163202401,"mc":[{"id":"1.232018919","rc":[{"ltp":2.08,"id":72857115}]}]}
{"op":"mcm","clk":"11882736753","pt":1724163436368,"mc":[{"id":"1.232018919","rc":[{"ltp":2.12,"id":72857115},{"ltp":1.87,"id":72857116}]}]}
{"op":"mcm","clk":"11882744265","pt":1724163519772,"mc":[{"id":"1.232018919","rc":[{"ltp":2.1,"id":72857115},{"ltp":1.9,"id":72857116}]}]}
{"op":"mcm","clk":"11882799098","pt":1724164097620,"mc":[{"id":"1.232018919","rc":[{"ltp":2.16,"id":72857115},{"ltp":1.86,"id":72857116}]}]}
{"op":"mcm","clk":"11882799255","pt":1724164099591,"mc":[{"id":"1.232018919","rc":[{"ltp":2.14,"id":72857115}]}]}
{"op":"mcm","clk":"11882806100","pt":1724164175863,"mc":[{"id":"1.232018919","rc":[{"ltp":2.16,"id":72857115}]}]}
{"op":"mcm","clk":"11882847062","pt":1724164596448,"mc":[{"id":"1.232018919","rc":[{"ltp":1.82,"id":72857116}]}]}
{"op":"mcm","clk":"11882873116","pt":1724164871524,"mc":[{"id":"1.232018919","rc":[{"ltp":1.86,"id":72857116}]}]}
{"op":"mcm","clk":"11882906626","pt":1724165113671,"mc":[{"id":"1.232018919","rc":[{"ltp":1.82,"id":72857116}]}]}
{"op":"mcm","clk":"11882937129","pt":1724165417415,"mc":[{"id":"1.232018919","rc":[{"ltp":2.22,"id":72857115},{"ltp":1.81,"id":72857116}]}]}
{"op":"mcm","clk":"11882964926","pt":1724165714662,"mc":[{"id":"1.232018919","rc":[{"ltp":1.79,"id":72857116}]}]}
{"op":"mcm","clk":"11882993317","pt":1724166016770,"mc":[{"id":"1.232018919","rc":[{"ltp":1.82,"id":72857116}]}]}
{"op":"mcm","clk":"11883008983","pt":1724166196499,"mc":[{"id":"1.232018919","rc":[{"ltp":2.2,"id":72857115},{"ltp":1.84,"id":72857116}]}]}
{"op":"mcm","clk":"11883039805","pt":1724166496414,"mc":[{"id":"1.232018919","rc":[{"ltp":2.18,"id":72857115},{"ltp":1.83,"id":72857116}]}]}
{"op":"mcm","clk":"11883052140","pt":1724166603644,"mc":[{"id":"1.232018919","rc":[{"ltp":2.2,"id":72857115}]}]}
{"op":"mcm","clk":"11883086876","pt":1724166895001,"mc":[{"id":"1.232018919","rc":[{"ltp":1.85,"id":72857116}]}]}
{"op":"mcm","clk":"11883095585","pt":1724166960927,"mc":[{"id":"1.232018919","rc":[{"ltp":1.83,"id":72857116}]}]}
{"op":"mcm","clk":"11883103125","pt":1724167019898,"mc":[{"id":"1.232018919","rc":[{"ltp":2.18,"id":72857115}]}]}
{"op":"mcm","clk":"11883107758","pt":1724167057747,"mc":[{"id":"1.232018919","rc":[{"ltp":2.2,"id":72857115}]}]}
{"op":"mcm","clk":"11883148394","pt":1724167386687,"mc":[{"id":"1.232018919","rc":[{"ltp":1.79,"id":72857116}]}]}
{"op":"mcm","clk":"11883196747","pt":1724167752628,"mc":[{"id":"1.232018919","rc":[{"ltp":2.24,"id":72857115},{"ltp":1.8,"id":72857116}]}]}
{"op":"mcm","clk":"11883204987","pt":1724167815980,"mc":[{"id":"1.232018919","rc":[{"ltp":2.26,"id":72857115},{"ltp":1.79,"id":72857116}]}]}
{"op":"mcm","clk":"11883212174","pt":1724167872063,"mc":[{"id":"1.232018919","rc":[{"ltp":2.18,"id":72857115},{"ltp":1.84,"id":72857116}]}]}
{"op":"mcm","clk":"11883220775","pt":1724167933506,"mc":[{"id":"1.232018919","rc":[{"ltp":2.2,"id":72857115},{"ltp":1.82,"id":72857116}]}]}
{"op":"mcm","clk":"11883240691","pt":1724168072139,"mc":[{"id":"1.232018919","rc":[{"ltp":1.83,"id":72857116}]}]}
{"op":"mcm","clk":"11883264735","pt":1724168237597,"mc":[{"id":"1.232018919","rc":[{"ltp":1.79,"id":72857116}]}]}
{"op":"mcm","clk":"11883273193","pt":1724168296483,"mc":[{"id":"1.232018919","rc":[{"ltp":2.24,"id":72857115}]}]}
{"op":"mcm","clk":"11883281885","pt":1724168357502,"mc":[{"id":"1.232018919","rc":[{"ltp":2.26,"id":72857115}]}]}
{"op":"mcm","clk":"11883299045","pt":1724168477366,"mc":[{"id":"1.232018919","rc":[{"ltp":2.24,"id":72857115}]}]}
{"op":"mcm","clk":"11883307236","pt":1724168537201,"mc":[{"id":"1.232018919","rc":[{"ltp":2.26,"id":72857115},{"ltp":1.8,"id":72857116}]}]}
{"op":"mcm","clk":"11883315752","pt":1724168593708,"mc":[{"id":"1.232018919","rc":[{"ltp":2.24,"id":72857115},{"ltp":1.79,"id":72857116}]}]}
{"op":"mcm","clk":"11883367943","pt":1724168949470,"mc":[{"id":"1.232018919","rc":[{"ltp":1.81,"id":72857116}]}]}
{"op":"mcm","clk":"11883376844","pt":1724169015034,"mc":[{"id":"1.232018919","rc":[{"ltp":2.26,"id":72857115},{"ltp":1.79,"id":72857116}]}]}
{"op":"mcm","clk":"11883392927","pt":1724169137592,"mc":[{"id":"1.232018919","rc":[{"ltp":2.28,"id":72857115},{"ltp":1.75,"id":72857116}]}]}
{"op":"mcm","clk":"11883399724","pt":1724169192213,"mc":[{"id":"1.232018919","rc":[{"ltp":2.3,"id":72857115},{"ltp":1.77,"id":72857116}]}]}
{"op":"mcm","clk":"11883408069","pt":1724169257501,"mc":[{"id":"1.232018919","rc":[{"ltp":2.32,"id":72857115},{"ltp":1.75,"id":72857116}]}]}
{"op":"mcm","clk":"11883415917","pt":1724169316304,"mc":[{"id":"1.232018919","rc":[{"ltp":2.3,"id":72857115},{"ltp":1.76,"id":72857116}]}]}
{"op":"mcm","clk":"11883423730","pt":1724169374515,"mc":[{"id":"1.232018919","rc":[{"ltp":2.34,"id":72857115},{"ltp":1.74,"id":72857116}]}]}
{"op":"mcm","clk":"11883431826","pt":1724169436510,"mc":[{"id":"1.232018919","rc":[{"ltp":2.4,"id":72857115},{"ltp":1.71,"id":72857116}]}]}
{"op":"mcm","clk":"11883439197","pt":1724169495786,"mc":[{"id":"1.232018919","rc":[{"ltp":1.7,"id":72857116}]}]}
{"op":"mcm","clk":"11883446909","pt":1724169556865,"mc":[{"id":"1.232018919","rc":[{"ltp":2.3,"id":72857115},{"ltp":1.75,"id":72857116}]}]}
{"op":"mcm","clk":"11883454699","pt":1724169617079,"mc":[{"id":"1.232018919","marketDefinition":{"bspMarket":false,"turnInPlayEnabled":true,"persistenceEnabled":true,"marketBaseRate":5.0,"eventId":"33508296","eventTypeId":"4","numberOfWinners":1,"bettingType":"ODDS","marketType":"MATCH_ODDS","marketTime":"2024-08-20T16:00:00.000Z","suspendTime":"2024-08-20T16:00:00.000Z","bspReconciled":false,"complete":true,"inPlay":true,"crossMatching":true,"runnersVoidable":false,"numberOfActiveRunners":2,"betDelay":5,"status":"OPEN","runners":[{"status":"ACTIVE","sortPriority":1,"id":72857115,"name":"Miami Lions"},{"status":"ACTIVE","sortPriority":2,"id":72857116,"name":"Grand Cayman Stingrays"}],"regulators":["MR_INT"],"countryCode":"GB","discountAllowed":true,"timezone":"GMT","openDate":"2024-08-20T16:00:00.000Z","version":6087699061,"name":"Match Odds","eventName":"Miami Lions v Grand Cayman Stingrays"},"rc":[{"ltp":2.32,"id":72857115},{"ltp":1.72,"id":72857116}]}]}
{"op":"mcm","clk":"11883462600","pt":1724169677100,"mc":[{"id":"1.232018919","rc":[{"ltp":2.5,"id":72857115}]}]}
{"op":"mcm","clk":"11883470569","pt":1724169737768,"mc":[{"id":"1.232018919","rc":[{"ltp":3.1,"id":72857115},{"ltp":1.47,"id":72857116}]}]}
{"op":"mcm","clk":"11883478812","pt":1724169797633,"mc":[{"id":"1.232018919","rc":[{"ltp":3.0,"id":72857115},{"ltp":1.49,"id":72857116}]}]}
{"op":"mcm","clk":"11883487418","pt":1724169857520,"mc":[{"id":"1.232018919","rc":[{"ltp":4.4,"id":72857115},{"ltp":1.29,"id":72857116}]}]}
{"op":"mcm","clk":"11883496319","pt":1724169917526,"mc":[{"id":"1.232018919","rc":[{"ltp":5.0,"id":72857115},{"ltp":1.25,"id":72857116}]}]}
{"op":"mcm","clk":"11883505325","pt":1724169977627,"mc":[{"id":"1.232018919","rc":[{"ltp":6.0,"id":72857115},{"ltp":1.2,"id":72857116}]}]}
{"op":"mcm","clk":"11883514063","pt":1724170037804,"mc":[{"id":"1.232018919","rc":[{"ltp":4.7,"id":72857115},{"ltp":1.28,"id":72857116}]}]}
{"op":"mcm","clk":"11883522907","pt":1724170097568,"mc":[{"id":"1.232018919","rc":[{"ltp":4.3,"id":72857115},{"ltp":1.3,"id":72857116}]}]}
{"op":"mcm","clk":"11883531506","pt":1724170157727,"mc":[{"id":"1.232018919","rc":[{"ltp":4.0,"id":72857115},{"ltp":1.33,"id":72857116}]}]}
{"op":"mcm","clk":"11883540293","pt":1724170217768,"mc":[{"id":"1.232018919","rc":[{"ltp":5.5,"id":72857115},{"ltp":1.22,"id":72857116}]}]}
{"op":"mcm","clk":"11883549007","pt":1724170277748,"mc":[{"id":"1.232018919","rc":[{"ltp":5.3,"id":72857115}]}]}
{"op":"mcm","clk":"11883557450","pt":1724170337670,"mc":[{"id":"1.232018919","rc":[{"ltp":5.1,"id":72857115},{"ltp":1.24,"id":72857116}]}]}
{"op":"mcm","clk":"11883576218","pt":1724170397628,"mc":[{"id":"1.232018919","rc":[{"ltp":5.5,"id":72857115},{"ltp":1.22,"id":72857116}]}]}
{"op":"mcm","clk":"11883586026","pt":1724170457472,"mc":[{"id":"1.232018919","rc":[{"ltp":5.0,"id":72857115},{"ltp":1.23,"id":72857116}]}]}
{"op":"mcm","clk":"11883595709","pt":1724170517780,"mc":[{"id":"1.232018919","rc":[{"ltp":5.1,"id":72857115},{"ltp":1.24,"id":72857116}]}]}
{"op":"mcm","clk":"11883605010","pt":1724170577793,"mc":[{"id":"1.232018919","rc":[{"ltp":5.0,"id":72857115},{"ltp":1.25,"id":72857116}]}]}
{"op":"mcm","clk":"11883613859","pt":1724170637664,"mc":[{"id":"1.232018919","rc":[{"ltp":5.1,"id":72857115},{"ltp":1.24,"id":72857116}]}]}
{"op":"mcm","clk":"11883622783","pt":1724170697766,"mc":[{"id":"1.232018919","rc":[{"ltp":4.5,"id":72857115},{"ltp":1.28,"id":72857116}]}]}
{"op":"mcm","clk":"11883631338","pt":1724170757616,"mc":[{"id":"1.232018919","rc":[{"ltp":4.7,"id":72857115},{"ltp":1.27,"id":72857116}]}]}
{"op":"mcm","clk":"11883640174","pt":1724170817791,"mc":[{"id":"1.232018919","rc":[{"ltp":4.1,"id":72857115},{"ltp":1.32,"id":72857116}]}]}
{"op":"mcm","clk":"11883648731","pt":1724170877810,"mc":[{"id":"1.232018919","rc":[{"ltp":4.2,"id":72857115}]}]}
{"op":"mcm","clk":"11883657345","pt":1724170937695,"mc":[{"id":"1.232018919","rc":[{"ltp":6.2,"id":72857115},{"ltp":1.19,"id":72857116}]}]}
{"op":"mcm","clk":"11883666544","pt":1724170997788,"mc":[{"id":"1.232018919","rc":[{"ltp":6.8,"id":72857115},{"ltp":1.17,"id":72857116}]}]}
{"op":"mcm","clk":"11883683895","pt":1724171117769,"mc":[{"id":"1.232018919","rc":[{"ltp":7.2,"id":72857115},{"ltp":1.16,"id":72857116}]}]}
{"op":"mcm","clk":"11883692256","pt":1724171177818,"mc":[{"id":"1.232018919","rc":[{"ltp":6.2,"id":72857115},{"ltp":1.2,"id":72857116}]}]}
{"op":"mcm","clk":"11883700821","pt":1724171237520,"mc":[{"id":"1.232018919","rc":[{"ltp":5.0,"id":72857115},{"ltp":1.25,"id":72857116}]}]}
{"op":"mcm","clk":"11883736706","pt":1724171477146,"mc":[{"id":"1.232018919","rc":[{"ltp":5.1,"id":72857115},{"ltp":1.24,"id":72857116}]}]}
{"op":"mcm","clk":"11883745850","pt":1724171537730,"mc":[{"id":"1.232018919","rc":[{"ltp":4.7,"id":72857115},{"ltp":1.27,"id":72857116}]}]}
{"op":"mcm","clk":"11883755239","pt":1724171597798,"mc":[{"id":"1.232018919","rc":[{"ltp":4.8,"id":72857115},{"ltp":1.26,"id":72857116}]}]}
{"op":"mcm","clk":"11883765101","pt":1724171657652,"mc":[{"id":"1.232018919","rc":[{"ltp":5.3,"id":72857115},{"ltp":1.22,"id":72857116}]}]}
{"op":"mcm","clk":"11883775196","pt":1724171717803,"mc":[{"id":"1.232018919","rc":[{"ltp":1.26,"id":72857116}]}]}
{"op":"mcm","clk":"11883785460","pt":1724171777690,"mc":[{"id":"1.232018919","rc":[{"ltp":4.3,"id":72857115},{"ltp":1.31,"id":72857116}]}]}
{"op":"mcm","clk":"11883796321","pt":1724171837810,"mc":[{"id":"1.232018919","rc":[{"ltp":1.32,"id":72857116}]}]}
{"op":"mcm","clk":"11883807051","pt":1724171897758,"mc":[{"id":"1.232018919","rc":[{"ltp":5.3,"id":72857115},{"ltp":1.23,"id":72857116}]}]}
{"op":"mcm","clk":"11883817683","pt":1724171957733,"mc":[{"id":"1.232018919","rc":[{"ltp":5.0,"id":72857115},{"ltp":1.22,"id":72857116}]}]}
{"op":"mcm","clk":"11883828825","pt":1724172017764,"mc":[{"id":"1.232018919","rc":[{"ltp":7.8,"id":72857115},{"ltp":1.15,"id":72857116}]}]}
{"op":"mcm","clk":"11883839638","pt":1724172077539,"mc":[{"id":"1.232018919","rc":[{"ltp":7.6,"id":72857115}]}]}
{"op":"mcm","clk":"11883850861","pt":1724172137727,"mc":[{"id":"1.232018919","rc":[{"ltp":6.0,"id":72857115},{"ltp":1.2,"id":72857116}]}]}
{"op":"mcm","clk":"11883861766","pt":1724172197786,"mc":[{"id":"1.232018919","rc":[{"ltp":1.21,"id":72857116}]}]}
{"op":"mcm","clk":"11883872604","pt":1724172257646,"mc":[{"id":"1.232018919","rc":[{"ltp":8.2,"id":72857115},{"ltp":1.15,"id":72857116}]}]}
{"op":"mcm","clk":"11883883319","pt":1724172317431,"mc":[{"id":"1.232018919","rc":[{"ltp":8.0,"id":72857115},{"ltp":1.14,"id":72857116}]}]}
{"op":"mcm","clk":"11883904749","pt":1724172437697,"mc":[{"id":"1.232018919","rc":[{"ltp":9.2,"id":72857115},{"ltp":1.11,"id":72857116}]}]}
{"op":"mcm","clk":"11883914924","pt":1724172497415,"mc":[{"id":"1.232018919","rc":[{"ltp":8.6,"id":72857115},{"ltp":1.13,"id":72857116}]}]}
{"op":"mcm","clk":"11883925751","pt":1724172557788,"mc":[{"id":"1.232018919","rc":[{"ltp":9.2,"id":72857115},{"ltp":1.12,"id":72857116}]}]}
{"op":"mcm","clk":"11883935461","pt":1724172617603,"mc":[{"id":"1.232018919","rc":[{"ltp":10.5,"id":72857115},{"ltp":1.1,"id":72857116}]}]}
{"op":"mcm","clk":"11883945175","pt":1724172676844,"mc":[{"id":"1.232018919","rc":[{"ltp":9.2,"id":72857115},{"ltp":1.12,"id":72857116}]}]}
{"op":"mcm","clk":"11883955353","pt":1724172737730,"mc":[{"id":"1.232018919","rc":[{"ltp":9.4,"id":72857115}]}]}
{"op":"mcm","clk":"11883964770","pt":1724172797000,"mc":[{"id":"1.232018919","rc":[{"ltp":10.0,"id":72857115},{"ltp":1.11,"id":72857116}]}]}
{"op":"mcm","clk":"11883974542","pt":1724172857430,"mc":[{"id":"1.232018919","rc":[{"ltp":10.5,"id":72857115}]}]}
{"op":"mcm","clk":"11884002515","pt":1724173037603,"mc":[{"id":"1.232018919","rc":[{"ltp":1.1,"id":72857116}]}]}
{"op":"mcm","clk":"11884011559","pt":1724173097690,"mc":[{"id":"1.232018919","rc":[{"ltp":1.11,"id":72857116}]}]}
{"op":"mcm","clk":"11884021500","pt":1724173157816,"mc":[{"id":"1.232018919","rc":[{"ltp":1.1,"id":72857116}]}]}
{"op":"mcm","clk":"11884031040","pt":1724173217180,"mc":[{"id":"1.232018919","rc":[{"ltp":10.0,"id":72857115},{"ltp":1.11,"id":72857116}]}]}
{"op":"mcm","clk":"11884059057","pt":1724173397802,"mc":[{"id":"1.232018919","rc":[{"ltp":15.0,"id":72857115},{"ltp":1.08,"id":72857116}]}]}
{"op":"mcm","clk":"11884068553","pt":1724173457801,"mc":[{"id":"1.232018919","rc":[{"ltp":15.5,"id":72857115},{"ltp":1.07,"id":72857116}]}]}
{"op":"mcm","clk":"11884077454","pt":1724173517745,"mc":[{"id":"1.232018919","rc":[{"ltp":26.0,"id":72857115},{"ltp":1.04,"id":72857116}]}]}
{"op":"mcm","clk":"11884086179","pt":1724173577614,"mc":[{"id":"1.232018919","rc":[{"ltp":29.0,"id":72857115}]}]}
{"op":"mcm","clk":"11884095024","pt":1724173637509,"mc":[{"id":"1.232018919","rc":[{"ltp":28.0,"id":72857115}]}]}
{"op":"mcm","clk":"11884104719","pt":1724173697583,"mc":[{"id":"1.232018919","rc":[{"ltp":36.0,"id":72857115},{"ltp":1.03,"id":72857116}]}]}
{"op":"mcm","clk":"11884114126","pt":1724173757556,"mc":[{"id":"1.232018919","rc":[{"ltp":55.0,"id":72857115},{"ltp":1.02,"id":72857116}]}]}
{"op":"mcm","clk":"11884123358","pt":1724173817690,"mc":[{"id":"1.232018919","rc":[{"ltp":1.03,"id":72857116}]}]}
{"op":"mcm","clk":"11884132624","pt":1724173877494,"mc":[{"id":"1.232018919","rc":[{"ltp":38.0,"id":72857115},{"ltp":1.02,"id":72857116}]}]}
{"op":"mcm","clk":"11884142430","pt":1724173937658,"mc":[{"id":"1.232018919","rc":[{"ltp":42.0,"id":72857115}]}]}
{"op":"mcm","clk":"11884151716","pt":1724173997820,"mc":[{"id":"1.232018919","rc":[{"ltp":65.0,"id":72857115}]}]}
{"op":"mcm","clk":"11884161061","pt":1724174057695,"mc":[{"id":"1.232018919","rc":[{"ltp":110.0,"id":72857115},{"ltp":1.01,"id":72857116}]}]}
{"op":"mcm","clk":"11884170195","pt":1724174117743,"mc":[{"id":"1.232018919","rc":[{"ltp":120.0,"id":72857115}]}]}
{"op":"mcm","clk":"11884179335","pt":1724174177789,"mc":[{"id":"1.232018919","rc":[{"ltp":220.0,"id":72857115}]}]}
{"op":"mcm","clk":"11884197160","pt":1724174297783,"mc":[{"id":"1.232018919","rc":[{"ltp":170.0,"id":72857115}]}]}
{"op":"mcm","clk":"11884205380","pt":1724174353797,"mc":[{"id":"1.232018919","rc":[{"ltp":310.0,"id":72857115}]}]}
{"op":"mcm","clk":"11884213723","pt":1724174415020,"mc":[{"id":"1.232018919","rc":[{"ltp":150.0,"id":72857115}]}]}
{"op":"mcm","clk":"11884222583","pt":1724174477484,"mc":[{"id":"1.232018919","rc":[{"ltp":500.0,"id":72857115}]}]}
{"op":"mcm","clk":"11884230984","pt":1724174537803,"mc":[{"id":"1.232018919","rc":[{"ltp":1000.0,"id":72857115}]}]}
{"op":"mcm","clk":"11884239373","pt":1724174597694,"mc":[{"id":"1.232018919","rc":[{"ltp":350.0,"id":72857115}]}]}
{"op":"mcm","clk":"11884247995","pt":1724174657673,"mc":[{"id":"1.232018919","rc":[{"ltp":530.0,"id":72857115}]}]}
{"op":"mcm","clk":"11884264742","pt":1724174777749,"mc":[{"id":"1.232018919","rc":[{"ltp":1000.0,"id":72857115}]}]}
{"op":"mcm","clk":"11884358995","pt":1724175493393,"mc":[{"id":"1.232018919","marketDefinition":{"bspMarket":false,"turnInPlayEnabled":true,"persistenceEnabled":true,"marketBaseRate":5.0,"eventId":"33508296","eventTypeId":"4","numberOfWinners":1,"bettingType":"ODDS","marketType":"MATCH_ODDS","marketTime":"2024-08-20T16:00:00.000Z","suspendTime":"2024-08-20T16:00:00.000Z","bspReconciled":false,"complete":true,"inPlay":true,"crossMatching":true,"runnersVoidable":false,"numberOfActiveRunners":2,"betDelay":5,"status":"SUSPENDED","runners":[{"status":"ACTIVE","sortPriority":1,"id":72857115,"name":"Miami Lions"},{"status":"ACTIVE","sortPriority":2,"id":72857116,"name":"Grand Cayman Stingrays"}],"regulators":["MR_INT"],"countryCode":"GB","discountAllowed":true,"timezone":"GMT","openDate":"2024-08-20T16:00:00.000Z","version":6087911253,"name":"Match Odds","eventName":"Miami Lions v Grand Cayman Stingrays"}}]}
{"op":"mcm","clk":"11884380592","pt":1724175642335,"mc":[{"id":"1.232018919","marketDefinition":{"bspMarket":false,"turnInPlayEnabled":true,"persistenceEnabled":true,"marketBaseRate":5.0,"eventId":"33508296","eventTypeId":"4","numberOfWinners":1,"bettingType":"ODDS","marketType":"MATCH_ODDS","marketTime":"2024-08-20T16:00:00.000Z","suspendTime":"2024-08-20T16:00:00.000Z","bspReconciled":false,"complete":true,"inPlay":true,"crossMatching":false,"runnersVoidable":false,"numberOfActiveRunners":0,"betDelay":5,"status":"CLOSED","settledTime":"2024-08-20T17:40:22.000Z","runners":[{"status":"LOSER","sortPriority":1,"id":72857115,"name":"Miami Lions"},{"status":"WINNER","sortPriority":2,"id":72857116,"name":"Grand Cayman Stingrays"}],"regulators":["MR_INT"],"countryCode":"GB","discountAllowed":true,"timezone":"GMT","openDate":"2024-08-20T16:00:00.000Z","version":6087915494,"name":"Match Odds","eventName":"Miami Lions v Grand Cayman Stingrays"}}]}
