{"op":"mcm","clk":"11865889074","pt":1723455674614,"mc":[{"id":"1.231730279","marketDefinition":{"bspMarket":false,"turnInPlayEnabled":true,"persistenceEnabled":true,"marketBaseRate":5.0,"eventId":"33488414","eventTypeId":"4","numberOfWinners":1,"bettingType":"ODDS","marketType":"MATCH_ODDS","marketTime":"2024-08-14T17:30:00.000Z","suspendTime":"2024-08-14T17:30:00.000Z","bspReconciled":false,"complete":true,"inPlay":false,"crossMatching":true,"runnersVoidable":false,"numberOfActiveRunners":2,"betDelay":0,"status":"OPEN","runners":[{"status":"ACTIVE","sortPriority":1,"id":26354925,"name":"Trent Rockets"},{"status":"ACTIVE","sortPriority":2,"id":26354923,"name":"Oval Invincibles"}],"regulators":["MR_INT"],"countryCode":"GB","discountAllowed":true,"timezone":"GMT","openDate":"2024-08-14T17:30:00.000Z","version":6071650663,"name":"Match Odds","eventName":"Trent Rockets v Oval Invincibles"}}]}
{"op":"mcm","clk":"11867463659","pt":1723481108809,"mc":[{"id":"1.231730279","rc":[{"ltp":1.4,"id":26354925}]}]}
{"op":"mcm","clk":"11867648693","pt":1723483386813,"mc":[{"id":"1.231730279","rc":[{"ltp":1.41,"id":26354925}]}]}
{"op":"mcm","clk":"11867659012","pt":1723483498913,"mc":[{"id":"1.231730279","rc":[{"ltp":3.4,"id":26354923},{"ltp":1.42,"id":26354925}]}]}
{"op":"mcm","clk":"11867668420","pt":1723483604880,"mc":[{"id":"1.231730279","rc":[{"ltp":3.25,"id":26354923},{"ltp":1.45,"id":26354925}]}]}
{"op":"mcm","clk":"11868589222","pt":1723495686361,"mc":[{"id":"1.231730279","rc":[{"ltp":1.72,"id":26354923},{"ltp":2.3,"id":26354925}]}]}
{"op":"mcm","clk":"11868605693","pt":1723496059186,"mc":[{"id":"1.231730279","rc":[{"ltp":1.83,"id":26354923}]}]}
{"op":"mcm","clk":"11868933181","pt":1723503276968,"mc":[{"id":"1.231730279","rc":[{"ltp":1.73,"id":26354923}]}]}
{"op":"mcm","clk":"11870794698","pt":1723550641489,"mc":[{"id":"1.231730279","rc":[{"ltp":1.76,"id":26354923}]}]}
{"op":"mcm","clk":"11872207683","pt":1723571808949,"mc":[{"id":"1.231730279","rc":[{"ltp":1.77,"id":26354923}]}]}
{"op":"mcm","clk":"11873249555","pt":1723578139240,"mc":[{"id":"1.231730279","rc":[{"ltp":1.76,"id":26354923}]}]}
{"op":"mcm","clk":"11873730894","pt":1723582026979,"mc":[{"id":"1.231730279","rc":[{"ltp":1.78,"id":26354923},{"ltp":2.26,"id":26354925}]}]}
{"op":"mcm","clk":"11873764143","pt":1723582648410,"mc":[{"id":"1.231730279","rc":[{"ltp":1.76,"id":26354923}]}]}
{"op":"mcm","clk":"11873930721","pt":1723585667119,"mc":[{"id":"1.231730279","rc":[{"ltp":2.3,"id":26354925}]}]}
{"op":"mcm","clk":"11874001358","pt":1723586906258,"mc":[{"id":"1.231730279","rc":[{"ltp":1.77,"id":26354923},{"ltp":2.28,"id":26354925}]}]}
{"op":"mcm","clk":"11874446122","pt":1723592591344,"mc":[{"id":"1.231730279","rc":[{"ltp":1.76,"id":26354923}]}]}
{"op":"mcm","clk":"11874660126","pt":1723595927660,"mc":[{"id":"1.231730279","rc":[{"ltp":1.77,"id":26354923}]}]}
{"op":"mcm","clk":"11875237330","pt":1723610410502,"mc":[{"id":"1.231730279","rc":[{"ltp":1.78,"id":26354923}]}]}
{"op":"mcm","clk":"11875255498","pt":1723611071152,"mc":[{"id":"1.231730279","rc":[{"ltp":1.77,"id":26354923}]}]}
{"op":"mcm","clk":"11875281779","pt":1723611941539,"mc":[{"id":"1.231730279","rc":[{"ltp":1.78,"id":26354923}]}]}
{"op":"mcm","clk":"11875434021","pt":1723616871659,"mc":[{"id":"1.231730279","rc":[{"ltp":1.79,"id":26354923}]}]}
{"op":"mcm","clk":"11875449217","pt":1723617424738,"mc":[{"id":"1.231730279","rc":[{"ltp":1.81,"id":26354923}]}]}
{"op":"mcm","clk":"11875472573","pt":1723617971672,"mc":[{"id":"1.231730279","rc":[{"ltp":2.24,"id":26354925}]}]}
{"op":"mcm","clk":"11875496648","pt":1723618951311,"mc":[{"id":"1.231730279","rc":[{"ltp":1.8,"id":26354923}]}]}
{"op":"mcm","clk":"11875534887","pt":1723620132584,"mc":[{"id":"1.231730279","rc":[{"ltp":1.79,"id":26354923},{"ltp":2.26,"id":26354925}]}]}
{"op":"mcm","clk":"11875550381","pt":1723620790250,"mc":[{"id":"1.231730279","rc":[{"ltp":1.81,"id":26354923},{"ltp":2.22,"id":26354925}]}]}
{"op":"mcm","clk":"11875555301","pt":1723620989640,"mc":[{"id":"1.231730279","rc":[{"ltp":1.79,"id":26354923}]}]}
{"op":"mcm","clk":"11875563953","pt":1723621340861,"mc":[{"id":"1.231730279","rc":[{"ltp":1.81,"id":26354923}]}]}
{"op":"mcm","clk":"11875579991","pt":1723621931670,"mc":[{"id":"1.231730279","rc":[{"ltp":1.79,"id":26354923},{"ltp":2.26,"id":26354925}]}]}
{"op":"mcm","clk":"11875594086","pt":1723622461759,"mc":[{"id":"1.231730279","rc":[{"ltp":2.24,"id":26354925}]}]}
{"op":"mcm","clk":"11875596161","pt":1723622531211,"mc":[{"id":"1.231730279","rc":[{"ltp":1.81,"id":26354923}]}]}
{"op":"mcm","clk":"11875602023","pt":1723622712500,"mc":[{"id":"1.231730279","rc":[{"ltp":1.82,"id":26354923},{"ltp":2.22,"id":26354925}]}]}
{"op":"mcm","clk":"11875644323","pt":1723623639176,"mc":[{"id":"1.231730279","rc":[{"ltp":1.81,"id":26354923}]}]}
{"op":"mcm","clk":"11875782790","pt":1723626791831,"mc":[{"id":"1.231730279","rc":[{"ltp":1.8,"id":26354923},{"ltp":2.26,"id":26354925}]}]}
{"op":"mcm","clk":"11875784854","pt":1723626849584,"mc":[{"id":"1.231730279","rc":[{"ltp":1.79,"id":26354923},{"ltp":2.28,"id":26354925}]}]}
{"op":"mcm","clk":"11875824005","pt":1723627850136,"mc":[{"id":"1.231730279","rc":[{"ltp":2.24,"id":26354925}]}]}
{"op":"mcm","clk":"11875902522","pt":1723629607364,"mc":[{"id":"1.231730279","rc":[{"ltp":2.26,"id":26354925}]}]}
{"op":"mcm","clk":"11875917378","pt":1723629912314,"mc":[{"id":"1.231730279","rc":[{"ltp":1.78,"id":26354923}]}]}
{"op":"mcm","clk":"11875926492","pt":1723630112539,"mc":[{"id":"1.231730279","rc":[{"ltp":1.79,"id":26354923}]}]}
{"op":"mcm","clk":"11875965729","pt":1723630869572,"mc":[{"id":"1.231730279","rc":[{"ltp":1.78,"id":26354923}]}]}
{"op":"mcm","clk":"11876005925","pt":1723631737569,"mc":[{"id":"1.231730279","rc":[{"ltp":1.79,"id":26354923}]}]}
{"op":"mcm","clk":"11876222883","pt":1723635949313,"mc":[{"id":"1.231730279","rc":[{"ltp":1.8,"id":26354923},{"ltp":2.24,"id":26354925}]}]}
{"op":"mcm","clk":"11876227548","pt":1723636026652,"mc":[{"id":"1.231730279","rc":[{"ltp":1.81,"id":26354923}]}]}
{"op":"mcm","clk":"11876253170","pt":1723636568932,"mc":[{"id":"1.231730279","rc":[{"ltp":1.8,"id":26354923}]}]}
{"op":"mcm","clk":"11876275479","pt":1723637083222,"mc":[{"id":"1.231730279","rc":[{"ltp":2.26,"id":26354925}]}]}
{"op":"mcm","clk":"11876326678","pt":1723638212819,"mc":[{"id":"1.231730279","rc":[{"ltp":1.79,"id":26354923}]}]}
{"op":"mcm","clk":"11876440282","pt":1723640634864,"mc":[{"id":"1.231730279","rc":[{"ltp":1.78,"id":26354923}]}]}
{"op":"mcm","clk":"11876548676","pt":1723642842768,"mc":[{"id":"1.231730279","rc":[{"ltp":1.79,"id":26354923}]}]}
{"op":"mcm","clk":"11876576211","pt":1723643290928,"mc":[{"id":"1.231730279","rc":[{"ltp":1.78,"id":26354923}]}]}
{"op":"mcm","clk":"11876580913","pt":1723643369492,"mc":[{"id":"1.231730279","rc":[{"ltp":2.24,"id":26354925}]}]}
{"op":"mcm","clk":"11876588916","pt":1723643516059,"mc":[{"id":"1.231730279","rc":[{"ltp":1.8,"id":26354923}]}]}
{"op":"mcm","clk":"11876590891","pt":1723643551604,"mc":[{"id":"1.231730279","rc":[{"ltp":1.78,"id":26354923}]}]}
{"op":"mcm","clk":"11876610612","pt":1723643950151,"mc":[{"id":"1.231730279","rc":[{"ltp":1.8,"id":26354923}]}]}
{"op":"mcm","clk":"11876613001","pt":1723643994298,"mc":[{"id":"1.231730279","rc":[{"ltp":1.78,"id":26354923}]}]}
{"op":"mcm","clk":"11876643142","pt":1723644419069,"mc":[{"id":"1.231730279","rc":[{"ltp":1.8,"id":26354923}]}]}
{"op":"mcm","clk":"11876665315","pt":1723644724858,"mc":[{"id":"1.231730279","rc":[{"ltp":1.78,"id":26354923}]}]}
{"op":"mcm","clk":"11876735092","pt":1723645510161,"mc":[{"id":"1.231730279","rc":[{"ltp":1.8,"id":26354923}]}]}
{"op":"mcm","clk":"11876740292","pt":1723645563562,"mc":[{"id":"1.231730279","rc":[{"ltp":1.79,"id":26354923}]}]}
{"op":"mcm","clk":"11876747115","pt":1723645654092,"mc":[{"id":"1.231730279","rc":[{"ltp":1.8,"id":26354923}]}]}
{"op":"mcm","clk":"11876753490","pt":1723645745401,"mc":[{"id":"1.231730279","rc":[{"ltp":1.79,"id":26354923}]}]}
{"op":"mcm","clk":"11876778683","pt":1723646046920,"mc":[{"id":"1.231730279","rc":[{"ltp":1.78,"id":26354923}]}]}
{"op":"mcm","clk":"11876780719","pt":1723646072410,"mc":[{"id":"1.231730279","rc":[{"ltp":1.79,"id":26354923}]}]}
{"op":"mcm","clk":"11876788573","pt":1723646166728,"mc":[{"id":"1.231730279","rc":[{"ltp":1.78,"id":26354923}]}]}
{"op":"mcm","clk":"11876838730","pt":1723646727046,"mc":[{"id":"1.231730279","rc":[{"ltp":2.26,"id":26354925}]}]}
{"op":"mcm","clk":"11876844320","pt":1723646796715,"mc":[{"id":"1.231730279","rc":[{"ltp":1.8,"id":26354923}]}]}
{"op":"mcm","clk":"11876972013","pt":1723648253358,"mc":[{"id":"1.231730279","rc":[{"ltp":1.78,"id":26354923}]}]}
{"op":"mcm","clk":"11877036713","pt":1723648983312,"mc":[{"id":"1.231730279","rc":[{"ltp":2.28,"id":26354925}]}]}
{"op":"mcm","clk":"11877068163","pt":1723649401192,"mc":[{"id":"1.231730279","rc":[{"ltp":1.8,"id":26354923}]}]}
{"op":"mcm","clk":"11877077825","pt":1723649531199,"mc":[{"id":"1.231730279","rc":[{"ltp":1.79,"id":26354923}]}]}
{"op":"mcm","clk":"11877082391","pt":1723649587319,"mc":[{"id":"1.231730279","rc":[{"ltp":1.8,"id":26354923}]}]}
{"op":"mcm","clk":"11877092496","pt":1723649709366,"mc":[{"id":"1.231730279","rc":[{"ltp":1.79,"id":26354923}]}]}
{"op":"mcm","clk":"11877116647","pt":1723649951311,"mc":[{"id":"1.231730279","rc":[{"ltp":1.8,"id":26354923},{"ltp":2.24,"id":26354925}]}]}
{"op":"mcm","clk":"11877172082","pt":1723650355590,"mc":[{"id":"1.231730279","rc":[{"ltp":1.79,"id":26354923}]}]}
{"op":"mcm","clk":"11877243523","pt":1723651117684,"mc":[{"id":"1.231730279","rc":[{"ltp":2.26,"id":26354925}]}]}
{"op":"mcm","clk":"11877285969","pt":1723651571175,"mc":[{"id":"1.231730279","rc":[{"ltp":1.8,"id":26354923}]}]}
{"op":"mcm","clk":"11877291806","pt":1723651631114,"mc":[{"id":"1.231730279","rc":[{"ltp":1.81,"id":26354923},{"ltp":2.22,"id":26354925}]}]}
{"op":"mcm","clk":"11877297993","pt":1723651692083,"mc":[{"id":"1.231730279","rc":[{"ltp":1.79,"id":26354923},{"ltp":2.26,"id":26354925}]}]}
{"op":"mcm","clk":"11877335666","pt":1723652046577,"mc":[{"id":"1.231730279","rc":[{"ltp":2.24,"id":26354925}]}]}
{"op":"mcm","clk":"11877349857","pt":1723652170280,"mc":[{"id":"1.231730279","rc":[{"ltp":1.8,"id":26354923},{"ltp":2.26,"id":26354925}]}]}
{"op":"mcm","clk":"11877371007","pt":1723652346572,"mc":[{"id":"1.231730279","rc":[{"ltp":1.79,"id":26354923}]}]}
{"op":"mcm","clk":"11877394116","pt":1723652568178,"mc":[{"id":"1.231730279","rc":[{"ltp":2.24,"id":26354925}]}]}
{"op":"mcm","clk":"11877408612","pt":1723652709651,"mc":[{"id":"1.231730279","rc":[{"ltp":1.77,"id":26354923},{"ltp":2.3,"id":26354925}]}]}
{"op":"mcm","clk":"11877413465","pt":1723652761506,"mc":[{"id":"1.231730279","rc":[{"ltp":1.78,"id":26354923}]}]}
{"op":"mcm","clk":"11877435890","pt":1723653003214,"mc":[{"id":"1.231730279","rc":[{"ltp":2.28,"id":26354925}]}]}
{"op":"mcm","clk":"11877442596","pt":1723653070873,"mc":[{"id":"1.231730279","rc":[{"ltp":1.76,"id":26354923},{"ltp":2.32,"id":26354925}]}]}
{"op":"mcm","clk":"11877448308","pt":1723653130800,"mc":[{"id":"1.231730279","rc":[{"ltp":2.3,"id":26354925}]}]}
{"op":"mcm","clk":"11877454156","pt":1723653185717,"mc":[{"id":"1.231730279","rc":[{"ltp":1.77,"id":26354923}]}]}
{"op":"mcm","clk":"11877462181","pt":1723653249964,"mc":[{"id":"1.231730279","rc":[{"ltp":2.28,"id":26354925}]}]}
{"op":"mcm","clk":"11877468750","pt":1723653307948,"mc":[{"id":"1.231730279","rc":[{"ltp":1.76,"id":26354923}]}]}
{"op":"mcm","clk":"11877475814","pt":1723653367901,"mc":[{"id":"1.231730279","rc":[{"ltp":1.77,"id":26354923}]}]}
{"op":"mcm","clk":"11877493451","pt":1723653532609,"mc":[{"id":"1.231730279","rc":[{"ltp":1.76,"id":26354923}]}]}
{"op":"mcm","clk":"11877500872","pt":1723653610497,"mc":[{"id":"1.231730279","rc":[{"ltp":2.3,"id":26354925}]}]}
{"op":"mcm","clk":"11877516742","pt":1723653792014,"mc":[{"id":"1.231730279","rc":[{"ltp":1.74,"id":26354923},{"ltp":2.32,"id":26354925}]}]}
{"op":"mcm","clk":"11877520974","pt":1723653844562,"mc":[{"id":"1.231730279","rc":[{"ltp":1.76,"id":26354923}]}]}
{"op":"mcm","clk":"11877532220","pt":1723653966738,"mc":[{"id":"1.231730279","rc":[{"ltp":1.75,"id":26354923},{"ltp":2.3,"id":26354925}]}]}
{"op":"mcm","clk":"11877538219","pt":1723654032249,"mc":[{"id":"1.231730279","rc":[{"ltp":1.76,"id":26354923},{"ltp":2.32,"id":26354925}]}]}
{"op":"mcm","clk":"11877543946","pt":1723654091347,"mc":[{"id":"1.231730279","rc":[{"ltp":1.75,"id":26354923}]}]}
{"op":"mcm","clk":"11877549409","pt":1723654147189,"mc":[{"id":"1.231730279","rc":[{"ltp":2.3,"id":26354925}]}]}
{"op":"mcm","clk":"11877554867","pt":1723654211950,"mc":[{"id":"1.231730279","rc":[{"ltp":1.76,"id":26354923},{"ltp":2.32,"id":26354925}]}]}
{"op":"mcm","clk":"11877560453","pt":1723654272113,"mc":[{"id":"1.231730279","rc":[{"ltp":1.75,"id":26354923}]}]}
{"op":"mcm","clk":"11877566056","pt":1723654330210,"mc":[{"id":"1.231730279","rc":[{"ltp":1.74,"id":26354923}]}]}
{"op":"mcm","clk":"11877571928","pt":1723654390343,"mc":[{"id":"1.231730279","rc":[{"ltp":1.75,"id":26354923},{"ltp":2.3,"id":26354925}]}]}
{"op":"mcm","clk":"11877578398","pt":1723654450914,"mc":[{"id":"1.231730279","rc":[{"ltp":1.77,"id":26354923},{"ltp":2.28,"id":26354925}]}]}
{"op":"mcm","clk":"11877584671","pt":1723654511267,"mc":[{"id":"1.231730279","rc":[{"ltp":1.76,"id":26354923},{"ltp":2.3,"id":26354925}]}]}
{"op":"mcm","clk":"11877590426","pt":1723654565861,"mc":[{"id":"1.231730279","rc":[{"ltp":1.77,"id":26354923},{"ltp":2.32,"id":26354925}]}]}
{"op":"mcm","clk":"11877596976","pt":1723654632540,"mc":[{"id":"1.231730279","rc":[{"ltp":1.74,"id":26354923},{"ltp":2.34,"id":26354925}]}]}
{"op":"mcm","clk":"11877602915","pt":1723654691375,"mc":[{"id":"1.231730279","rc":[{"ltp":1.73,"id":26354923}]}]}
{"op":"mcm","clk":"11877608742","pt":1723654751977,"mc":[{"id":"1.231730279","rc":[{"ltp":1.72,"id":26354923},{"ltp":2.38,"id":26354925}]}]}
{"op":"mcm","clk":"11877615568","pt":1723654812392,"mc":[{"id":"1.231730279","rc":[{"ltp":1.73,"id":26354923},{"ltp":2.36,"id":26354925}]}]}
{"op":"mcm","clk":"11877629824","pt":1723654930548,"mc":[{"id":"1.231730279","rc":[{"ltp":1.75,"id":26354923},{"ltp":2.32,"id":26354925}]}]}
{"op":"mcm","clk":"11877637437","pt":1723654992538,"mc":[{"id":"1.231730279","rc":[{"ltp":1.81,"id":26354923},{"ltp":2.24,"id":26354925}]}]}
{"op":"mcm","clk":"11877644736","pt":1723655052201,"mc":[{"id":"1.231730279","rc":[{"ltp":1.83,"id":26354923},{"ltp":2.2,"id":26354925}]}]}
{"op":"mcm","clk":"11877651915","pt":1723655112368,"mc":[{"id":"1.231730279","rc":[{"ltp":1.82,"id":26354923},{"ltp":2.24,"id":26354925}]}]}
{"op":"mcm","clk":"11877659010","pt":1723655171627,"mc":[{"id":"1.231730279","rc":[{"ltp":1.85,"id":26354923},{"ltp":2.18,"id":26354925}]}]}
{"op":"mcm","clk":"11877666340","pt":1723655232298,"mc":[{"id":"1.231730279","rc":[{"ltp":1.84,"id":26354923},{"ltp":2.16,"id":26354925}]}]}
{"op":"mcm","clk":"11877673867","pt":1723655292292,"mc":[{"id":"1.231730279","rc":[{"ltp":2.18,"id":26354925}]}]}
{"op":"mcm","clk":"11877680370","pt":1723655352366,"mc":[{"id":"1.231730279","rc":[{"ltp":1.8,"id":26354923},{"ltp":2.22,"id":26354925}]}]}
{"op":"mcm","clk":"11877686869","pt":1723655412306,"mc":[{"id":"1.231730279","rc":[{"ltp":1.84,"id":26354923},{"ltp":2.18,"id":26354925}]}]}
{"op":"mcm","clk":"11877693142","pt":1723655472270,"mc":[{"id":"1.231730279","rc":[{"ltp":1.87,"id":26354923},{"ltp":2.16,"id":26354925}]}]}
{"op":"mcm","clk":"11877699165","pt":1723655530836,"mc":[{"id":"1.231730279","rc":[{"ltp":2.14,"id":26354925}]}]}
{"op":"mcm","clk":"11877714665","pt":1723655592484,"mc":[{"id":"1.231730279","rc":[{"ltp":2.12,"id":26354925}]}]}
{"op":"mcm","clk":"11877720665","pt":1723655652361,"mc":[{"id":"1.231730279","rc":[{"ltp":1.88,"id":26354923}]}]}
{"op":"mcm","clk":"11877726352","pt":1723655712309,"mc":[{"id":"1.231730279","rc":[{"ltp":2.14,"id":26354925}]}]}
{"op":"mcm","clk":"11877732557","pt":1723655772486,"mc":[{"id":"1.231730279","rc":[{"ltp":1.92,"id":26354923},{"ltp":2.1,"id":26354925}]}]}
{"op":"mcm","clk":"11877738164","pt":1723655832334,"mc":[{"id":"1.231730279","rc":[{"ltp":1.88,"id":26354923},{"ltp":2.14,"id":26354925}]}]}
{"op":"mcm","clk":"11877744351","pt":1723655891479,"mc":[{"id":"1.231730279","rc":[{"ltp":1.89,"id":26354923},{"ltp":2.12,"id":26354925}]}]}
{"op":"mcm","clk":"11877750829","pt":1723655951753,"mc":[{"id":"1.231730279","rc":[{"ltp":1.91,"id":26354923},{"ltp":2.1,"id":26354925}]}]}
{"op":"mcm","clk":"11877757034","pt":1723656012111,"mc":[{"id":"1.231730279","rc":[{"ltp":1.9,"id":26354923}]}]}
{"op":"mcm","clk":"11877763440","pt":1723656072564,"mc":[{"id":"1.231730279","rc":[{"ltp":1.89,"id":26354923},{"ltp":2.12,"id":26354925}]}]}
{"op":"mcm","clk":"11877769579","pt":1723656131443,"mc":[{"id":"1.231730279","rc":[{"ltp":2.1,"id":26354925}]}]}
{"op":"mcm","clk":"11877781785","pt":1723656252595,"mc":[{"id":"1.231730279","rc":[{"ltp":1.9,"id":26354923}]}]}
{"op":"mcm","clk":"11877794838","pt":1723656372602,"mc":[{"id":"1.231730279","rc":[{"ltp":1.91,"id":26354923}]}]}
{"op":"mcm","clk":"11877801170","pt":1723656432480,"mc":[{"id":"1.231730279","rc":[{"ltp":1.9,"id":26354923}]}]}
{"op":"mcm","clk":"11877807282","pt":1723656492603,"mc":[{"id":"1.231730279","rc":[{"ltp":1.91,"id":26354923},{"ltp":2.08,"id":26354925}]}]}
{"op":"mcm","clk":"11877814145","pt":1723656552597,"mc":[{"id":"1.231730279","rc":[{"ltp":1.9,"id":26354923},{"ltp":2.1,"id":26354925}]}]}
{"op":"mcm","clk":"11877820488","pt":1723656612544,"mc":[{"id":"1.231730279","marketDefinition":{"bspMarket":false,"turnInPlayEnabled":true,"persistenceEnabled":true,"marketBaseRate":5.0,"eventId":"33488414","eventTypeId":"4","numberOfWinners":1,"bettingType":"ODDS","marketType":"MATCH_ODDS","marketTime":"2024-08-14T17:30:00.000Z","suspendTime":"2024-08-14T17:30:00.000Z","bspReconciled":false,"complete":true,"inPlay":true,"crossMatching":true,"runnersVoidable":false,"numberOfActiveRunners":2,"betDelay":5,"status":"OPEN","runners":[{"status":"ACTIVE","sortPriority":1,"id":26354925,"name":"Trent Rockets"},{"status":"ACTIVE","sortPriority":2,"id":26354923,"name":"Oval Invincibles"}],"regulators":["MR_INT"],"countryCode":"GB","discountAllowed":true,"timezone":"GMT","openDate":"2024-08-14T17:30:00.000Z","version":6074687227,"name":"Match Odds","eventName":"Trent Rockets v Oval Invincibles"},"rc":[{"ltp":1.91,"id":26354923},{"ltp":2.12,"id":26354925}]}]}
{"op":"mcm","clk":"11877827531","pt":1723656672543,"mc":[{"id":"1.231730279","rc":[{"ltp":1.88,"id":26354923}]}]}
{"op":"mcm","clk":"11877835053","pt":1723656732519,"mc":[{"id":"1.231730279","rc":[{"ltp":1.91,"id":26354923},{"ltp":2.08,"id":26354925}]}]}
{"op":"mcm","clk":"11877850595","pt":1723656852540,"mc":[{"id":"1.231730279","rc":[{"ltp":1.92,"id":26354923}]}]}
{"op":"mcm","clk":"11877858338","pt":1723656912558,"mc":[{"id":"1.231730279","rc":[{"ltp":1.99,"id":26354923},{"ltp":2.0,"id":26354925}]}]}
{"op":"mcm","clk":"11877866263","pt":1723656972544,"mc":[{"id":"1.231730279","rc":[{"ltp":1.79,"id":26354923},{"ltp":2.26,"id":26354925}]}]}
{"op":"mcm","clk":"11877874337","pt":1723657032552,"mc":[{"id":"1.231730279","rc":[{"ltp":1.75,"id":26354923},{"ltp":2.32,"id":26354925}]}]}
{"op":"mcm","clk":"11877882250","pt":1723657092540,"mc":[{"id":"1.231730279","rc":[{"ltp":1.67,"id":26354923},{"ltp":2.48,"id":26354925}]}]}
{"op":"mcm","clk":"11877890536","pt":1723657152520,"mc":[{"id":"1.231730279","rc":[{"ltp":1.55,"id":26354923},{"ltp":2.84,"id":26354925}]}]}
{"op":"mcm","clk":"11877898175","pt":1723657212599,"mc":[{"id":"1.231730279","rc":[{"ltp":1.56,"id":26354923},{"ltp":2.8,"id":26354925}]}]}
{"op":"mcm","clk":"11877905901","pt":1723657272553,"mc":[{"id":"1.231730279","rc":[{"ltp":1.51,"id":26354923},{"ltp":2.98,"id":26354925}]}]}
{"op":"mcm","clk":"11877913177","pt":1723657332508,"mc":[{"id":"1.231730279","rc":[{"ltp":1.42,"id":26354923},{"ltp":3.35,"id":26354925}]}]}
{"op":"mcm","clk":"11877919656","pt":1723657392582,"mc":[{"id":"1.231730279","rc":[{"ltp":1.44,"id":26354923},{"ltp":3.2,"id":26354925}]}]}
{"op":"mcm","clk":"11877926793","pt":1723657452542,"mc":[{"id":"1.231730279","rc":[{"ltp":1.46,"id":26354923},{"ltp":3.15,"id":26354925}]}]}
{"op":"mcm","clk":"11877934306","pt":1723657512512,"mc":[{"id":"1.231730279","rc":[{"ltp":1.52,"id":26354923},{"ltp":2.88,"id":26354925}]}]}
{"op":"mcm","clk":"11877941958","pt":1723657572510,"mc":[{"id":"1.231730279","rc":[{"ltp":2.96,"id":26354925}]}]}
{"op":"mcm","clk":"11877948652","pt":1723657632589,"mc":[{"id":"1.231730279","rc":[{"ltp":1.53,"id":26354923},{"ltp":2.88,"id":26354925}]}]}
{"op":"mcm","clk":"11877955895","pt":1723657692560,"mc":[{"id":"1.231730279","rc":[{"ltp":2.92,"id":26354925}]}]}
{"op":"mcm","clk":"11877962611","pt":1723657752543,"mc":[{"id":"1.231730279","rc":[{"ltp":1.51,"id":26354923},{"ltp":2.96,"id":26354925}]}]}
{"op":"mcm","clk":"11877969386","pt":1723657812472,"mc":[{"id":"1.231730279","rc":[{"ltp":1.53,"id":26354923},{"ltp":2.9,"id":26354925}]}]}
{"op":"mcm","clk":"11877976484","pt":1723657872543,"mc":[{"id":"1.231730279","rc":[{"ltp":1.54,"id":26354923}]}]}
{"op":"mcm","clk":"11877983552","pt":1723657932576,"mc":[{"id":"1.231730279","rc":[{"ltp":1.69,"id":26354923},{"ltp":2.44,"id":26354925}]}]}
{"op":"mcm","clk":"11877990405","pt":1723657992513,"mc":[{"id":"1.231730279","rc":[{"ltp":1.7,"id":26354923},{"ltp":2.4,"id":26354925}]}]}
{"op":"mcm","clk":"11877996377","pt":1723658052603,"mc":[{"id":"1.231730279","rc":[{"ltp":1.73,"id":26354923},{"ltp":2.38,"id":26354925}]}]}
{"op":"mcm","clk":"11878002280","pt":1723658112582,"mc":[{"id":"1.231730279","rc":[{"ltp":1.76,"id":26354923},{"ltp":2.32,"id":26354925}]}]}
{"op":"mcm","clk":"11878008605","pt":1723658172513,"mc":[{"id":"1.231730279","rc":[{"ltp":1.74,"id":26354923},{"ltp":2.28,"id":26354925}]}]}
{"op":"mcm","clk":"11878014413","pt":1723658232511,"mc":[{"id":"1.231730279","rc":[{"ltp":2.36,"id":26354925}]}]}
{"op":"mcm","clk":"11878020739","pt":1723658292591,"mc":[{"id":"1.231730279","rc":[{"ltp":1.75,"id":26354923},{"ltp":2.32,"id":26354925}]}]}
{"op":"mcm","clk":"11878027266","pt":1723658352542,"mc":[{"id":"1.231730279","rc":[{"ltp":1.76,"id":26354923},{"ltp":2.28,"id":26354925}]}]}
{"op":"mcm","clk":"11878032990","pt":1723658412476,"mc":[{"id":"1.231730279","rc":[{"ltp":1.8,"id":26354923},{"ltp":2.26,"id":26354925}]}]}
{"op":"mcm","clk":"11878039327","pt":1723658472554,"mc":[{"id":"1.231730279","rc":[{"ltp":1.89,"id":26354923},{"ltp":2.14,"id":26354925}]}]}
{"op":"mcm","clk":"11878045821","pt":1723658532557,"mc":[{"id":"1.231730279","rc":[{"ltp":1.84,"id":26354923},{"ltp":2.16,"id":26354925}]}]}
{"op":"mcm","clk":"11878051969","pt":1723658592517,"mc":[{"id":"1.231730279","rc":[{"ltp":2.18,"id":26354925}]}]}
{"op":"mcm","clk":"11878059825","pt":1723658652572,"mc":[{"id":"1.231730279","rc":[{"ltp":1.87,"id":26354923},{"ltp":2.14,"id":26354925}]}]}
{"op":"mcm","clk":"11878067013","pt":1723658712591,"mc":[{"id":"1.231730279","rc":[{"ltp":1.72,"id":26354923},{"ltp":2.4,"id":26354925}]}]}
{"op":"mcm","clk":"11878073924","pt":1723658772576,"mc":[{"id":"1.231730279","rc":[{"ltp":1.73,"id":26354923},{"ltp":2.34,"id":26354925}]}]}
{"op":"mcm","clk":"11878081251","pt":1723658832566,"mc":[{"id":"1.231730279","rc":[{"ltp":1.81,"id":26354923},{"ltp":2.22,"id":26354925}]}]}
{"op":"mcm","clk":"11878089081","pt":1723658892515,"mc":[{"id":"1.231730279","rc":[{"ltp":1.8,"id":26354923},{"ltp":2.24,"id":26354925}]}]}
{"op":"mcm","clk":"11878097084","pt":1723658952597,"mc":[{"id":"1.231730279","rc":[{"ltp":1.84,"id":26354923},{"ltp":2.16,"id":26354925}]}]}
{"op":"mcm","clk":"11878105087","pt":1723659012541,"mc":[{"id":"1.231730279","rc":[{"ltp":1.77,"id":26354923},{"ltp":2.2,"id":26354925}]}]}
{"op":"mcm","clk":"11878113258","pt":1723659072505,"mc":[{"id":"1.231730279","rc":[{"ltp":1.63,"id":26354923},{"ltp":2.58,"id":26354925}]}]}
{"op":"mcm","clk":"11878120852","pt":1723659132488,"mc":[{"id":"1.231730279","rc":[{"ltp":1.62,"id":26354923}]}]}
{"op":"mcm","clk":"11878127937","pt":1723659192543,"mc":[{"id":"1.231730279","rc":[{"ltp":1.61,"id":26354923},{"ltp":2.6,"id":26354925}]}]}
{"op":"mcm","clk":"11878144008","pt":1723659312495,"mc":[{"id":"1.231730279","rc":[{"ltp":1.6,"id":26354923},{"ltp":2.68,"id":26354925}]}]}
{"op":"mcm","clk":"11878152161","pt":1723659372523,"mc":[{"id":"1.231730279","rc":[{"ltp":1.56,"id":26354923},{"ltp":2.78,"id":26354925}]}]}
{"op":"mcm","clk":"11878159430","pt":1723659432407,"mc":[{"id":"1.231730279","rc":[{"ltp":1.54,"id":26354923},{"ltp":2.82,"id":26354925}]}]}
{"op":"mcm","clk":"11878165981","pt":1723659492587,"mc":[{"id":"1.231730279","rc":[{"ltp":1.49,"id":26354923},{"ltp":3.0,"id":26354925}]}]}
{"op":"mcm","clk":"11878172492","pt":1723659552509,"mc":[{"id":"1.231730279","rc":[{"ltp":1.5,"id":26354923}]}]}
{"op":"mcm","clk":"11878179080","pt":1723659612592,"mc":[{"id":"1.231730279","rc":[{"ltp":1.44,"id":26354923},{"ltp":3.25,"id":26354925}]}]}
{"op":"mcm","clk":"11878185496","pt":1723659672534,"mc":[{"id":"1.231730279","rc":[{"ltp":1.48,"id":26354923},{"ltp":3.05,"id":26354925}]}]}
{"op":"mcm","clk":"11878192070","pt":1723659732428,"mc":[{"id":"1.231730279","rc":[{"ltp":1.51,"id":26354923},{"ltp":2.96,"id":26354925}]}]}
{"op":"mcm","clk":"11878198896","pt":1723659792594,"mc":[{"id":"1.231730279","rc":[{"ltp":1.52,"id":26354923},{"ltp":2.88,"id":26354925}]}]}
{"op":"mcm","clk":"11878206025","pt":1723659852447,"mc":[{"id":"1.231730279","rc":[{"ltp":1.56,"id":26354923},{"ltp":2.8,"id":26354925}]}]}
{"op":"mcm","clk":"11878212272","pt":1723659912502,"mc":[{"id":"1.231730279","rc":[{"ltp":1.63,"id":26354923},{"ltp":2.62,"id":26354925}]}]}
{"op":"mcm","clk":"11878219160","pt":1723659972595,"mc":[{"id":"1.231730279","rc":[{"ltp":1.64,"id":26354923},{"ltp":2.56,"id":26354925}]}]}
{"op":"mcm","clk":"11878225907","pt":1723660032538,"mc":[{"id":"1.231730279","rc":[{"ltp":1.69,"id":26354923},{"ltp":2.44,"id":26354925}]}]}
{"op":"mcm","clk":"11878232263","pt":1723660092589,"mc":[{"id":"1.231730279","rc":[{"ltp":1.82,"id":26354923},{"ltp":2.2,"id":26354925}]}]}
{"op":"mcm","clk":"11878239107","pt":1723660152463,"mc":[{"id":"1.231730279","rc":[{"ltp":1.8,"id":26354923},{"ltp":2.26,"id":26354925}]}]}
{"op":"mcm","clk":"11878246168","pt":1723660212533,"mc":[{"id":"1.231730279","rc":[{"ltp":1.77,"id":26354923},{"ltp":2.28,"id":26354925}]}]}
{"op":"mcm","clk":"11878253272","pt":1723660272590,"mc":[{"id":"1.231730279","rc":[{"ltp":1.83,"id":26354923},{"ltp":2.18,"id":26354925}]}]}
{"op":"mcm","clk":"11878260481","pt":1723660332448,"mc":[{"id":"1.231730279","rc":[{"ltp":1.85,"id":26354923},{"ltp":2.16,"id":26354925}]}]}
{"op":"mcm","clk":"11878267760","pt":1723660392586,"mc":[{"id":"1.231730279","rc":[{"ltp":1.83,"id":26354923},{"ltp":2.18,"id":26354925}]}]}
{"op":"mcm","clk":"11878274116","pt":1723660452544,"mc":[{"id":"1.231730279","rc":[{"ltp":1.57,"id":26354923},{"ltp":2.74,"id":26354925}]}]}
{"op":"mcm","clk":"11878280862","pt":1723660512586,"mc":[{"id":"1.231730279","rc":[{"ltp":1.49,"id":26354923},{"ltp":3.0,"id":26354925}]}]}
{"op":"mcm","clk":"11878287430","pt":1723660572571,"mc":[{"id":"1.231730279","rc":[{"ltp":1.51,"id":26354923}]}]}
{"op":"mcm","clk":"11878294431","pt":1723660632511,"mc":[{"id":"1.231730279","rc":[{"ltp":1.53,"id":26354923},{"ltp":2.88,"id":26354925}]}]}
{"op":"mcm","clk":"11878301586","pt":1723660692581,"mc":[{"id":"1.231730279","rc":[{"ltp":1.58,"id":26354923},{"ltp":2.66,"id":26354925}]}]}
{"op":"mcm","clk":"11878308970","pt":1723660752433,"mc":[{"id":"1.231730279","rc":[{"ltp":2.7,"id":26354925}]}]}
{"op":"mcm","clk":"11878316583","pt":1723660812499,"mc":[{"id":"1.231730279","rc":[{"ltp":1.59,"id":26354923}]}]}
{"op":"mcm","clk":"11878324360","pt":1723660872586,"mc":[{"id":"1.231730279","rc":[{"ltp":1.61,"id":26354923},{"ltp":2.62,"id":26354925}]}]}
{"op":"mcm","clk":"11878332342","pt":1723660932575,"mc":[{"id":"1.231730279","rc":[{"ltp":2.64,"id":26354925}]}]}
{"op":"mcm","clk":"11878348797","pt":1723660992447,"mc":[{"id":"1.231730279","rc":[{"ltp":1.59,"id":26354923},{"ltp":2.66,"id":26354925}]}]}
{"op":"mcm","clk":"11878356398","pt":1723661052491,"mc":[{"id":"1.231730279","rc":[{"ltp":1.61,"id":26354923},{"ltp":2.62,"id":26354925}]}]}
{"op":"mcm","clk":"11878363477","pt":1723661112261,"mc":[{"id":"1.231730279","rc":[{"ltp":2.64,"id":26354925}]}]}
{"op":"mcm","clk":"11878378324","pt":1723661232570,"mc":[{"id":"1.231730279","rc":[{"ltp":2.62,"id":26354925}]}]}
{"op":"mcm","clk":"11878385344","pt":1723661292494,"mc":[{"id":"1.231730279","rc":[{"ltp":1.6,"id":26354923}]}]}
{"op":"mcm","clk":"11878392778","pt":1723661352545,"mc":[{"id":"1.231730279","rc":[{"ltp":1.61,"id":26354923},{"ltp":2.64,"id":26354925}]}]}
{"op":"mcm","clk":"11878398616","pt":1723661412526,"mc":[{"id":"1.231730279","rc":[{"ltp":1.6,"id":26354923}]}]}
{"op":"mcm","clk":"11878404196","pt":1723661471771,"mc":[{"id":"1.231730279","rc":[{"ltp":1.61,"id":26354923}]}]}
{"op":"mcm","clk":"11878409771","pt":1723661532531,"mc":[{"id":"1.231730279","rc":[{"ltp":1.62,"id":26354923},{"ltp":2.62,"id":26354925}]}]}
{"op":"mcm","clk":"11878415207","pt":1723661592573,"mc":[{"id":"1.231730279","rc":[{"ltp":1.61,"id":26354923}]}]}
{"op":"mcm","clk":"11878420732","pt":1723661652571,"mc":[{"id":"1.231730279","rc":[{"ltp":1.63,"id":26354923},{"ltp":2.58,"id":26354925}]}]}
{"op":"mcm","clk":"11878426510","pt":1723661712426,"mc":[{"id":"1.231730279","rc":[{"ltp":1.64,"id":26354923}]}]}
{"op":"mcm","clk":"11878432658","pt":1723661772498,"mc":[{"id":"1.231730279","rc":[{"ltp":1.57,"id":26354923},{"ltp":2.78,"id":26354925}]}]}
{"op":"mcm","clk":"11878438934","pt":1723661832574,"mc":[{"id":"1.231730279","rc":[{"ltp":1.39,"id":26354923},{"ltp":3.6,"id":26354925}]}]}
{"op":"mcm","clk":"11878444236","pt":1723661892538,"mc":[{"id":"1.231730279","rc":[{"ltp":1.5,"id":26354923},{"ltp":2.96,"id":26354925}]}]}
{"op":"mcm","clk":"11878449964","pt":1723661952575,"mc":[{"id":"1.231730279","rc":[{"ltp":1.57,"id":26354923},{"ltp":2.74,"id":26354925}]}]}
{"op":"mcm","clk":"11878461510","pt":1723662072522,"mc":[{"id":"1.231730279","rc":[{"ltp":1.35,"id":26354923},{"ltp":3.85,"id":26354925}]}]}
{"op":"mcm","clk":"11878467330","pt":1723662132589,"mc":[{"id":"1.231730279","rc":[{"ltp":1.41,"id":26354923},{"ltp":3.35,"id":26354925}]}]}
{"op":"mcm","clk":"11878473455","pt":1723662192537,"mc":[{"id":"1.231730279","rc":[{"ltp":1.43,"id":26354923},{"ltp":3.3,"id":26354925}]}]}
{"op":"mcm","clk":"11878479961","pt":1723662252528,"mc":[{"id":"1.231730279","rc":[{"ltp":1.59,"id":26354923},{"ltp":2.7,"id":26354925}]}]}
{"op":"mcm","clk":"11878486593","pt":1723662312547,"mc":[{"id":"1.231730279","rc":[{"ltp":1.53,"id":26354923},{"ltp":2.88,"id":26354925}]}]}
{"op":"mcm","clk":"11878493563","pt":1723662372531,"mc":[{"id":"1.231730279","rc":[{"ltp":1.48,"id":26354923},{"ltp":3.0,"id":26354925}]}]}
{"op":"mcm","clk":"11878500855","pt":1723662432512,"mc":[{"id":"1.231730279","rc":[{"ltp":1.66,"id":26354923},{"ltp":2.52,"id":26354925}]}]}
{"op":"mcm","clk":"11878507619","pt":1723662492600,"mc":[{"id":"1.231730279","rc":[{"ltp":1.64,"id":26354923}]}]}
{"op":"mcm","clk":"11878514315","pt":1723662552589,"mc":[{"id":"1.231730279","rc":[{"ltp":1.61,"id":26354923},{"ltp":2.62,"id":26354925}]}]}
{"op":"mcm","clk":"11878520887","pt":1723662612526,"mc":[{"id":"1.231730279","rc":[{"ltp":1.63,"id":26354923},{"ltp":2.6,"id":26354925}]}]}
{"op":"mcm","clk":"11878527197","pt":1723662672498,"mc":[{"id":"1.231730279","rc":[{"ltp":1.57,"id":26354923},{"ltp":2.72,"id":26354925}]}]}
{"op":"mcm","clk":"11878533344","pt":1723662732562,"mc":[{"id":"1.231730279","rc":[{"ltp":1.5,"id":26354923},{"ltp":3.0,"id":26354925}]}]}
{"op":"mcm","clk":"11878539369","pt":1723662792535,"mc":[{"id":"1.231730279","rc":[{"ltp":1.43,"id":26354923},{"ltp":3.3,"id":26354925}]}]}
{"op":"mcm","clk":"11878546307","pt":1723662852596,"mc":[{"id":"1.231730279","rc":[{"ltp":1.41,"id":26354923},{"ltp":3.45,"id":26354925}]}]}
{"op":"mcm","clk":"11878552784","pt":1723662912581,"mc":[{"id":"1.231730279","rc":[{"ltp":1.5,"id":26354923},{"ltp":3.0,"id":26354925}]}]}
{"op":"mcm","clk":"11878559494","pt":1723662972547,"mc":[{"id":"1.231730279","rc":[{"ltp":1.56,"id":26354923},{"ltp":2.82,"id":26354925}]}]}
{"op":"mcm","clk":"11878566317","pt":1723663032540,"mc":[{"id":"1.231730279","rc":[{"ltp":1.66,"id":26354923},{"ltp":2.48,"id":26354925}]}]}
{"op":"mcm","clk":"11878572253","pt":1723663092502,"mc":[{"id":"1.231730279","rc":[{"ltp":2.52,"id":26354925}]}]}
{"op":"mcm","clk":"11878578600","pt":1723663152572,"mc":[{"id":"1.231730279","rc":[{"ltp":1.65,"id":26354923},{"ltp":2.54,"id":26354925}]}]}
{"op":"mcm","clk":"11878584519","pt":1723663212452,"mc":[{"id":"1.231730279","rc":[{"ltp":2.52,"id":26354925}]}]}
{"op":"mcm","clk":"11878590885","pt":1723663272593,"mc":[{"id":"1.231730279","rc":[{"ltp":1.37,"id":26354923},{"ltp":3.5,"id":26354925}]}]}
{"op":"mcm","clk":"11878597850","pt":1723663332570,"mc":[{"id":"1.231730279","rc":[{"ltp":1.32,"id":26354923},{"ltp":4.1,"id":26354925}]}]}
{"op":"mcm","clk":"11878604521","pt":1723663392538,"mc":[{"id":"1.231730279","rc":[{"ltp":1.29,"id":26354923},{"ltp":4.5,"id":26354925}]}]}
{"op":"mcm","clk":"11878611090","pt":1723663452578,"mc":[{"id":"1.231730279","rc":[{"ltp":1.27,"id":26354923},{"ltp":4.7,"id":26354925}]}]}
{"op":"mcm","clk":"11878616946","pt":1723663512553,"mc":[{"id":"1.231730279","rc":[{"ltp":1.4,"id":26354923},{"ltp":3.5,"id":26354925}]}]}
{"op":"mcm","clk":"11878622567","pt":1723663572542,"mc":[{"id":"1.231730279","rc":[{"ltp":1.36,"id":26354923},{"ltp":3.75,"id":26354925}]}]}
{"op":"mcm","clk":"11878627756","pt":1723663632506,"mc":[{"id":"1.231730279","rc":[{"ltp":1.4,"id":26354923},{"ltp":3.4,"id":26354925}]}]}
{"op":"mcm","clk":"11878632862","pt":1723663692558,"mc":[{"id":"1.231730279","rc":[{"ltp":1.19,"id":26354923},{"ltp":6.4,"id":26354925}]}]}
{"op":"mcm","clk":"11878638316","pt":1723663752411,"mc":[{"id":"1.231730279","rc":[{"ltp":1.21,"id":26354923},{"ltp":5.7,"id":26354925}]}]}
{"op":"mcm","clk":"11878643518","pt":1723663812582,"mc":[{"id":"1.231730279","rc":[{"ltp":5.8,"id":26354925}]}]}
{"op":"mcm","clk":"11878649009","pt":1723663872550,"mc":[{"id":"1.231730279","rc":[{"ltp":1.17,"id":26354923},{"ltp":6.6,"id":26354925}]}]}
{"op":"mcm","clk":"11878654680","pt":1723663932561,"mc":[{"id":"1.231730279","rc":[{"ltp":6.4,"id":26354925}]}]}
{"op":"mcm","clk":"11878660085","pt":1723663992512,"mc":[{"id":"1.231730279","rc":[{"ltp":1.19,"id":26354923}]}]}
{"op":"mcm","clk":"11878666085","pt":1723664052525,"mc":[{"id":"1.231730279","rc":[{"ltp":1.53,"id":26354923},{"ltp":2.9,"id":26354925}]}]}
{"op":"mcm","clk":"11878671766","pt":1723664112585,"mc":[{"id":"1.231730279","rc":[{"ltp":1.42,"id":26354923},{"ltp":3.4,"id":26354925}]}]}
{"op":"mcm","clk":"11878677568","pt":1723664172570,"mc":[{"id":"1.231730279","rc":[{"ltp":1.4,"id":26354923},{"ltp":3.5,"id":26354925}]}]}
{"op":"mcm","clk":"11878683209","pt":1723664232429,"mc":[{"id":"1.231730279","rc":[{"ltp":1.38,"id":26354923},{"ltp":3.55,"id":26354925}]}]}
{"op":"mcm","clk":"11878689466","pt":1723664292558,"mc":[{"id":"1.231730279","rc":[{"ltp":1.6,"id":26354923},{"ltp":2.66,"id":26354925}]}]}
{"op":"mcm","clk":"11878695862","pt":1723664352529,"mc":[{"id":"1.231730279","rc":[{"ltp":1.52,"id":26354923},{"ltp":2.88,"id":26354925}]}]}
{"op":"mcm","clk":"11878702244","pt":1723664412574,"mc":[{"id":"1.231730279","rc":[{"ltp":1.59,"id":26354923},{"ltp":2.7,"id":26354925}]}]}
{"op":"mcm","clk":"11878708106","pt":1723664472532,"mc":[{"id":"1.231730279","rc":[{"ltp":1.4,"id":26354923},{"ltp":3.55,"id":26354925}]}]}
{"op":"mcm","clk":"11878713471","pt":1723664532491,"mc":[{"id":"1.231730279","rc":[{"ltp":1.44,"id":26354923},{"ltp":3.25,"id":26354925}]}]}
{"op":"mcm","clk":"11878718725","pt":1723664592538,"mc":[{"id":"1.231730279","rc":[{"ltp":1.35,"id":26354923},{"ltp":3.9,"id":26354925}]}]}
{"op":"mcm","clk":"11878723912","pt":1723664652495,"mc":[{"id":"1.231730279","rc":[{"ltp":1.57,"id":26354923},{"ltp":2.84,"id":26354925}]}]}
{"op":"mcm","clk":"11878729158","pt":1723664712576,"mc":[{"id":"1.231730279","rc":[{"ltp":1.53,"id":26354923},{"ltp":2.86,"id":26354925}]}]}
{"op":"mcm","clk":"11878734403","pt":1723664772600,"mc":[{"id":"1.231730279","rc":[{"ltp":1.37,"id":26354923},{"ltp":3.7,"id":26354925}]}]}
{"op":"mcm","clk":"11878739479","pt":1723664832591,"mc":[{"id":"1.231730279","rc":[{"ltp":1.34,"id":26354923},{"ltp":3.9,"id":26354925}]}]}
{"op":"mcm","clk":"11878744617","pt":1723664892451,"mc":[{"id":"1.231730279","rc":[{"ltp":1.37,"id":26354923},{"ltp":3.75,"id":26354925}]}]}
{"op":"mcm","clk":"11878750113","pt":1723664952495,"mc":[{"id":"1.231730279","rc":[{"ltp":1.46,"id":26354923},{"ltp":3.2,"id":26354925}]}]}
{"op":"mcm","clk":"11878755785","pt":1723665012584,"mc":[{"id":"1.231730279","rc":[{"ltp":1.87,"id":26354923},{"ltp":2.14,"id":26354925}]}]}
{"op":"mcm","clk":"11878761302","pt":1723665072507,"mc":[{"id":"1.231730279","rc":[{"ltp":1.71,"id":26354923},{"ltp":2.38,"id":26354925}]}]}
{"op":"mcm","clk":"11878766818","pt":1723665132537,"mc":[{"id":"1.231730279","rc":[{"ltp":2.1,"id":26354923},{"ltp":1.9,"id":26354925}]}]}
{"op":"mcm","clk":"11878771838","pt":1723665192585,"mc":[{"id":"1.231730279","rc":[{"ltp":3.25,"id":26354923},{"ltp":1.43,"id":26354925}]}]}
{"op":"mcm","clk":"11878776803","pt":1723665252535,"mc":[{"id":"1.231730279","rc":[{"ltp":3.35,"id":26354923},{"ltp":1.42,"id":26354925}]}]}
{"op":"mcm","clk":"11878781255","pt":1723665312537,"mc":[{"id":"1.231730279","rc":[{"ltp":3.55,"id":26354923},{"ltp":1.39,"id":26354925}]}]}
{"op":"mcm","clk":"11878786115","pt":1723665372512,"mc":[{"id":"1.231730279","rc":[{"ltp":4.9,"id":26354923},{"ltp":1.26,"id":26354925}]}]}
{"op":"mcm","clk":"11878791245","pt":1723665432591,"mc":[{"id":"1.231730279","rc":[{"ltp":4.8,"id":26354923}]}]}
{"op":"mcm","clk":"11878795927","pt":1723665492527,"mc":[{"id":"1.231730279","rc":[{"ltp":4.4,"id":26354923},{"ltp":1.29,"id":26354925}]}]}
{"op":"mcm","clk":"11878800959","pt":1723665552601,"mc":[{"id":"1.231730279","rc":[{"ltp":3.2,"id":26354923},{"ltp":1.39,"id":26354925}]}]}
{"op":"mcm","clk":"11878806073","pt":1723665612544,"mc":[{"id":"1.231730279","rc":[{"ltp":3.35,"id":26354923},{"ltp":1.42,"id":26354925}]}]}
{"op":"mcm","clk":"11878810656","pt":1723665672507,"mc":[{"id":"1.231730279","rc":[{"ltp":9.2,"id":26354923},{"ltp":1.13,"id":26354925}]}]}
{"op":"mcm","clk":"11878814639","pt":1723665732579,"mc":[{"id":"1.231730279","rc":[{"ltp":3.9,"id":26354923},{"ltp":1.34,"id":26354925}]}]}
{"op":"mcm","clk":"11878818454","pt":1723665792543,"mc":[{"id":"1.231730279","rc":[{"ltp":3.95,"id":26354923},{"ltp":1.33,"id":26354925}]}]}
{"op":"mcm","clk":"11878822869","pt":1723665852518,"mc":[{"id":"1.231730279","rc":[{"ltp":34.0,"id":26354923},{"ltp":1.03,"id":26354925}]}]}
{"op":"mcm","clk":"11878827046","pt":1723665912562,"mc":[{"id":"1.231730279","rc":[{"ltp":29.0,"id":26354923}]}]}
{"op":"mcm","clk":"11878831508","pt":1723665972524,"mc":[{"id":"1.231730279","rc":[{"ltp":32.0,"id":26354923}]}]}
{"op":"mcm","clk":"11878836246","pt":1723666032415,"mc":[{"id":"1.231730279","rc":[{"ltp":50.0,"id":26354923},{"ltp":1.02,"id":26354925}]}]}
{"op":"mcm","clk":"11878841297","pt":1723666092564,"mc":[{"id":"1.231730279","rc":[{"ltp":38.0,"id":26354923}]}]}
{"op":"mcm","clk":"11878845984","pt":1723666152435,"mc":[{"id":"1.231730279","rc":[{"ltp":75.0,"id":26354923}]}]}
{"op":"mcm","clk":"11878850089","pt":1723666212582,"mc":[{"id":"1.231730279","rc":[{"ltp":100.0,"id":26354923},{"ltp":1.01,"id":26354925}]}]}
{"op":"mcm","clk":"11878854770","pt":1723666271934,"mc":[{"id":"1.231730279","marketDefinition":{"bspMarket":false,"turnInPlayEnabled":true,"persistenceEnabled":true,"marketBaseRate":5.0,"eventId":"33488414","eventTypeId":"4","numberOfWinners":1,"bettingType":"ODDS","marketType":"MATCH_ODDS","marketTime":"2024-08-14T17:30:00.000Z","suspendTime":"2024-08-14T17:30:00.000Z","bspReconciled":false,"complete":true,"inPlay":true,"crossMatching":true,"runnersVoidable":false,"numberOfActiveRunners":2,"betDelay":5,"status":"SUSPENDED","runners":[{"status":"ACTIVE","sortPriority":1,"id":26354925,"name":"Trent Rockets"},{"status":"ACTIVE","sortPriority":2,"id":26354923,"name":"Oval Invincibles"}],"regulators":["MR_INT"],"countryCode":"GB","discountAllowed":true,"timezone":"GMT","openDate":"2024-08-14T17:30:00.000Z","version":6075003811,"name":"Match Odds","eventName":"Trent Rockets v Oval Invincibles"},"rc":[{"ltp":1000.0,"id":26354923}]}]}
{"op":"mcm","clk":"11878874068","pt":1723666422501,"mc":[{"id":"1.231730279","marketDefinition":{"bspMarket":false,"turnInPlayEnabled":true,"persistenceEnabled":true,"marketBaseRate":5.0,"eventId":"33488414","eventTypeId":"4","numberOfWinners":1,"bettingType":"ODDS","marketType":"MATCH_ODDS","marketTime":"2024-08-14T17:30:00.000Z","suspendTime":"2024-08-14T17:30:00.000Z","bspReconciled":false,"complete":true,"inPlay":true,"crossMatching":false,"runnersVoidable":false,"numberOfActiveRunners":0,"betDelay":5,"status":"CLOSED","settledTime":"2024-08-14T20:12:22.000Z","runners":[{"status":"WINNER","sortPriority":1,"id":26354925,"name":"Trent Rockets"},{"status":"LOSER","sortPriority":2,"id":26354923,"name":"Oval Invincibles"}],"regulators":["MR_INT"],"countryCode":"GB","discountAllowed":true,"timezone":"GMT","openDate":"2024-08-14T17:30:00.000Z","version":6075006392,"name":"Match Odds","eventName":"Trent Rockets v Oval Invincibles"}}]}
