{"op":"mcm","clk":"11803626997","pt":1723117340119,"mc":[{"id":"1.231587461","marketDefinition":{"bspMarket":false,"turnInPlayEnabled":true,"persistenceEnabled":true,"marketBaseRate":5.0,"eventId":"33478039","eventTypeId":"4","numberOfWinners":1,"bettingType":"ODDS","marketType":"MATCH_ODDS","marketTime":"2024-08-11T15:00:00.000Z","suspendTime":"2024-08-11T15:00:00.000Z","bspReconciled":false,"complete":true,"inPlay":false,"crossMatching":true,"runnersVoidable":false,"numberOfActiveRunners":2,"betDelay":0,"status":"OPEN","runners":[{"status":"ACTIVE","sortPriority":1,"id":10108898,"name":"Ireland Women"},{"status":"ACTIVE","sortPriority":2,"id":10787826,"name":"Sri Lanka Women"}],"regulators":["MR_INT"],"countryCode":"GB","discountAllowed":true,"timezone":"GMT","openDate":"2024-08-11T15:00:00.000Z","version":6061760637,"name":"Match Odds","eventName":"Ireland Women v Sri Lanka Women"}}]}
{"op":"mcm","clk":"11803853696","pt":1723121568153,"mc":[{"id":"1.231587461","rc":[{"ltp":1.61,"id":10787826}]}]}
{"op":"mcm","clk":"11804368460","pt":1723128857061,"mc":[{"id":"1.231587461","rc":[{"ltp":1.53,"id":10787826}]}]}
{"op":"mcm","clk":"11804598106","pt":1723131110867,"mc":[{"id":"1.231587461","rc":[{"ltp":1.49,"id":10787826}]}]}
{"op":"mcm","clk":"11805915062","pt":1723142428330,"mc":[{"id":"1.231587461","rc":[{"ltp":1.35,"id":10787826},{"ltp":3.85,"id":10108898}]}]}
{"op":"mcm","clk":"11806679553","pt":1723150190787,"mc":[{"id":"1.231587461","rc":[{"ltp":1.48,"id":10787826},{"ltp":3.1,"id":10108898}]}]}
{"op":"mcm","clk":"11806759396","pt":1723151569404,"mc":[{"id":"1.231587461","rc":[{"ltp":1.36,"id":10787826},{"ltp":3.15,"id":10108898}]}]}
{"op":"mcm","clk":"11806820195","pt":1723152594180,"mc":[{"id":"1.231587461","rc":[{"ltp":1.48,"id":10787826},{"ltp":3.1,"id":10108898}]}]}
{"op":"mcm","clk":"11807021952","pt":1723156142611,"mc":[{"id":"1.231587461","rc":[{"ltp":1.49,"id":10787826}]}]}
{"op":"mcm","clk":"11807095099","pt":1723157451500,"mc":[{"id":"1.231587461","rc":[{"ltp":1.48,"id":10787826}]}]}
{"op":"mcm","clk":"11808472237","pt":1723183814389,"mc":[{"id":"1.231587461","rc":[{"ltp":1.56,"id":10787826},{"ltp":2.78,"id":10108898}]}]}
{"op":"mcm","clk":"11809168579","pt":1723196747313,"mc":[{"id":"1.231587461","rc":[{"ltp":1.5,"id":10787826}]}]}
{"op":"mcm","clk":"11809223497","pt":1723197747228,"mc":[{"id":"1.231587461","rc":[{"ltp":1.49,"id":10787826}]}]}
{"op":"mcm","clk":"11809236722","pt":1723197946862,"mc":[{"id":"1.231587461","rc":[{"ltp":1.5,"id":10787826}]}]}
{"op":"mcm","clk":"11809441017","pt":1723200742440,"mc":[{"id":"1.231587461","rc":[{"ltp":1.48,"id":10787826},{"ltp":3.1,"id":10108898}]}]}
{"op":"mcm","clk":"11812336006","pt":1723225605556,"mc":[{"id":"1.231587461","rc":[{"ltp":1.49,"id":10787826}]}]}
{"op":"mcm","clk":"11812934811","pt":1723228481825,"mc":[{"id":"1.231587461","rc":[{"ltp":1.48,"id":10787826}]}]}
{"op":"mcm","clk":"11814465943","pt":1723236951957,"mc":[{"id":"1.231587461","rc":[{"ltp":1.53,"id":10787826},{"ltp":2.88,"id":10108898}]}]}
{"op":"mcm","clk":"11814590874","pt":1723238938645,"mc":[{"id":"1.231587461","rc":[{"ltp":2.9,"id":10108898}]}]}
{"op":"mcm","clk":"11814661911","pt":1723240499777,"mc":[{"id":"1.231587461","rc":[{"ltp":1.54,"id":10787826}]}]}
{"op":"mcm","clk":"11814666108","pt":1723240605729,"mc":[{"id":"1.231587461","rc":[{"ltp":1.48,"id":10787826}]}]}
{"op":"mcm","clk":"11815913135","pt":1723257094822,"mc":[{"id":"1.231587461","rc":[{"ltp":1.5,"id":10787826}]}]}
{"op":"mcm","clk":"11815929729","pt":1723257328577,"mc":[{"id":"1.231587461","rc":[{"ltp":1.53,"id":10787826}]}]}
{"op":"mcm","clk":"11815941551","pt":1723257519943,"mc":[{"id":"1.231587461","rc":[{"ltp":1.48,"id":10787826},{"ltp":3.45,"id":10108898}]}]}
{"op":"mcm","clk":"11815944968","pt":1723257583824,"mc":[{"id":"1.231587461","rc":[{"ltp":1.52,"id":10787826}]}]}
{"op":"mcm","clk":"11815951722","pt":1723257709359,"mc":[{"id":"1.231587461","rc":[{"ltp":3.4,"id":10108898}]}]}
{"op":"mcm","clk":"11815973265","pt":1723258097667,"mc":[{"id":"1.231587461","rc":[{"ltp":1.41,"id":10787826}]}]}
{"op":"mcm","clk":"11816016258","pt":1723258911618,"mc":[{"id":"1.231587461","rc":[{"ltp":1.52,"id":10787826}]}]}
{"op":"mcm","clk":"11816026204","pt":1723259088705,"mc":[{"id":"1.231587461","rc":[{"ltp":1.51,"id":10787826}]}]}
{"op":"mcm","clk":"11816050427","pt":1723259510712,"mc":[{"id":"1.231587461","rc":[{"ltp":1.41,"id":10787826}]}]}
{"op":"mcm","clk":"11816099564","pt":1723260170102,"mc":[{"id":"1.231587461","rc":[{"ltp":1.52,"id":10787826},{"ltp":2.94,"id":10108898}]}]}
{"op":"mcm","clk":"11816129771","pt":1723260765330,"mc":[{"id":"1.231587461","rc":[{"ltp":1.41,"id":10787826}]}]}
{"op":"mcm","clk":"11816394467","pt":1723265613152,"mc":[{"id":"1.231587461","rc":[{"ltp":3.4,"id":10108898}]}]}
{"op":"mcm","clk":"11816432456","pt":1723266351771,"mc":[{"id":"1.231587461","rc":[{"ltp":1.45,"id":10787826}]}]}
{"op":"mcm","clk":"11816446746","pt":1723266588265,"mc":[{"id":"1.231587461","rc":[{"ltp":1.41,"id":10787826},{"ltp":3.45,"id":10108898}]}]}
{"op":"mcm","clk":"11816450600","pt":1723266652131,"mc":[{"id":"1.231587461","rc":[{"ltp":1.42,"id":10787826},{"ltp":3.4,"id":10108898}]}]}
{"op":"mcm","clk":"11816458565","pt":1723266771759,"mc":[{"id":"1.231587461","rc":[{"ltp":1.4,"id":10787826},{"ltp":3.5,"id":10108898}]}]}
{"op":"mcm","clk":"11816468239","pt":1723266951898,"mc":[{"id":"1.231587461","rc":[{"ltp":1.42,"id":10787826},{"ltp":3.4,"id":10108898}]}]}
{"op":"mcm","clk":"11816474632","pt":1723267070345,"mc":[{"id":"1.231587461","rc":[{"ltp":1.38,"id":10787826},{"ltp":3.65,"id":10108898}]}]}
{"op":"mcm","clk":"11816481265","pt":1723267191357,"mc":[{"id":"1.231587461","rc":[{"ltp":1.42,"id":10787826},{"ltp":3.4,"id":10108898}]}]}
{"op":"mcm","clk":"11816523881","pt":1723267889698,"mc":[{"id":"1.231587461","rc":[{"ltp":3.3,"id":10108898}]}]}
{"op":"mcm","clk":"11816555890","pt":1723268530716,"mc":[{"id":"1.231587461","rc":[{"ltp":1.43,"id":10787826}]}]}
{"op":"mcm","clk":"11816595537","pt":1723269221855,"mc":[{"id":"1.231587461","rc":[{"ltp":1.42,"id":10787826},{"ltp":3.35,"id":10108898}]}]}
{"op":"mcm","clk":"11816641341","pt":1723270010047,"mc":[{"id":"1.231587461","rc":[{"ltp":1.41,"id":10787826},{"ltp":3.45,"id":10108898}]}]}
{"op":"mcm","clk":"11816657362","pt":1723270249460,"mc":[{"id":"1.231587461","rc":[{"ltp":3.5,"id":10108898}]}]}
{"op":"mcm","clk":"11816705608","pt":1723270731904,"mc":[{"id":"1.231587461","rc":[{"ltp":3.45,"id":10108898}]}]}
{"op":"mcm","clk":"11816824729","pt":1723272989712,"mc":[{"id":"1.231587461","rc":[{"ltp":1.42,"id":10787826}]}]}
{"op":"mcm","clk":"11816842651","pt":1723273369237,"mc":[{"id":"1.231587461","rc":[{"ltp":1.4,"id":10787826},{"ltp":3.5,"id":10108898}]}]}
{"op":"mcm","clk":"11816943881","pt":1723275399864,"mc":[{"id":"1.231587461","rc":[{"ltp":1.41,"id":10787826}]}]}
{"op":"mcm","clk":"11817278418","pt":1723280447706,"mc":[{"id":"1.231587461","rc":[{"ltp":1.4,"id":10787826}]}]}
{"op":"mcm","clk":"11817297430","pt":1723280686038,"mc":[{"id":"1.231587461","rc":[{"ltp":1.38,"id":10787826},{"ltp":3.65,"id":10108898}]}]}
{"op":"mcm","clk":"11817329228","pt":1723281034055,"mc":[{"id":"1.231587461","rc":[{"ltp":1.36,"id":10787826},{"ltp":3.8,"id":10108898}]}]}
{"op":"mcm","clk":"11817858179","pt":1723285539259,"mc":[{"id":"1.231587461","rc":[{"ltp":1.39,"id":10787826}]}]}
{"op":"mcm","clk":"11820112976","pt":1723297480105,"mc":[{"id":"1.231587461","rc":[{"ltp":1.38,"id":10787826}]}]}
{"op":"mcm","clk":"11822818291","pt":1723309551751,"mc":[{"id":"1.231587461","rc":[{"ltp":1.41,"id":10787826},{"ltp":3.45,"id":10108898}]}]}
{"op":"mcm","clk":"11824835162","pt":1723320050557,"mc":[{"id":"1.231587461","rc":[{"ltp":3.4,"id":10108898}]}]}
{"op":"mcm","clk":"11825415937","pt":1723323908416,"mc":[{"id":"1.231587461","rc":[{"ltp":1.4,"id":10787826}]}]}
{"op":"mcm","clk":"11825575424","pt":1723325808594,"mc":[{"id":"1.231587461","rc":[{"ltp":1.42,"id":10787826}]}]}
{"op":"mcm","clk":"11826390260","pt":1723337686930,"mc":[{"id":"1.231587461","rc":[{"ltp":1.41,"id":10787826}]}]}
{"op":"mcm","clk":"11826393880","pt":1723337746172,"mc":[{"id":"1.231587461","rc":[{"ltp":1.43,"id":10787826}]}]}
{"op":"mcm","clk":"11826481614","pt":1723339003232,"mc":[{"id":"1.231587461","rc":[{"ltp":3.35,"id":10108898}]}]}
{"op":"mcm","clk":"11826840609","pt":1723343751410,"mc":[{"id":"1.231587461","rc":[{"ltp":1.45,"id":10787826},{"ltp":3.25,"id":10108898}]}]}
{"op":"mcm","clk":"11826867738","pt":1723344170998,"mc":[{"id":"1.231587461","rc":[{"ltp":1.47,"id":10787826},{"ltp":3.1,"id":10108898}]}]}
{"op":"mcm","clk":"11827025457","pt":1723346872079,"mc":[{"id":"1.231587461","rc":[{"ltp":1.45,"id":10787826},{"ltp":3.15,"id":10108898}]}]}
{"op":"mcm","clk":"11827069521","pt":1723347857762,"mc":[{"id":"1.231587461","rc":[{"ltp":1.46,"id":10787826}]}]}
{"op":"mcm","clk":"11827077938","pt":1723348050384,"mc":[{"id":"1.231587461","rc":[{"ltp":3.1,"id":10108898}]}]}
{"op":"mcm","clk":"11827080603","pt":1723348112757,"mc":[{"id":"1.231587461","rc":[{"ltp":1.45,"id":10787826}]}]}
{"op":"mcm","clk":"11827180096","pt":1723350344307,"mc":[{"id":"1.231587461","rc":[{"ltp":3.2,"id":10108898}]}]}
{"op":"mcm","clk":"11827200889","pt":1723350879407,"mc":[{"id":"1.231587461","rc":[{"ltp":1.46,"id":10787826}]}]}
{"op":"mcm","clk":"11827518159","pt":1723358629451,"mc":[{"id":"1.231587461","rc":[{"ltp":1.45,"id":10787826}]}]}
{"op":"mcm","clk":"11827599418","pt":1723360996865,"mc":[{"id":"1.231587461","rc":[{"ltp":1.46,"id":10787826}]}]}
{"op":"mcm","clk":"11827670788","pt":1723362500683,"mc":[{"id":"1.231587461","rc":[{"ltp":1.47,"id":10787826}]}]}
{"op":"mcm","clk":"11827673095","pt":1723362558195,"mc":[{"id":"1.231587461","rc":[{"ltp":3.1,"id":10108898}]}]}
{"op":"mcm","clk":"11827735986","pt":1723363851830,"mc":[{"id":"1.231587461","rc":[{"ltp":1.48,"id":10787826}]}]}
{"op":"mcm","clk":"11827738630","pt":1723363910421,"mc":[{"id":"1.231587461","rc":[{"ltp":1.57,"id":10787826},{"ltp":2.76,"id":10108898}]}]}
{"op":"mcm","clk":"11827742044","pt":1723363970154,"mc":[{"id":"1.231587461","rc":[{"ltp":1.58,"id":10787826},{"ltp":2.74,"id":10108898}]}]}
{"op":"mcm","clk":"11827748543","pt":1723364086146,"mc":[{"id":"1.231587461","rc":[{"ltp":1.59,"id":10787826},{"ltp":2.68,"id":10108898}]}]}
{"op":"mcm","clk":"11827752280","pt":1723364146628,"mc":[{"id":"1.231587461","rc":[{"ltp":1.57,"id":10787826},{"ltp":2.76,"id":10108898}]}]}
{"op":"mcm","clk":"11827764735","pt":1723364332008,"mc":[{"id":"1.231587461","rc":[{"ltp":1.55,"id":10787826},{"ltp":2.82,"id":10108898}]}]}
{"op":"mcm","clk":"11827776529","pt":1723364490458,"mc":[{"id":"1.231587461","rc":[{"ltp":1.52,"id":10787826},{"ltp":2.94,"id":10108898}]}]}
{"op":"mcm","clk":"11827793457","pt":1723364727960,"mc":[{"id":"1.231587461","rc":[{"ltp":1.53,"id":10787826},{"ltp":2.9,"id":10108898}]}]}
{"op":"mcm","clk":"11827866161","pt":1723365648726,"mc":[{"id":"1.231587461","rc":[{"ltp":1.52,"id":10787826}]}]}
{"op":"mcm","clk":"11827877802","pt":1723365790180,"mc":[{"id":"1.231587461","rc":[{"ltp":1.51,"id":10787826},{"ltp":2.98,"id":10108898}]}]}
{"op":"mcm","clk":"11827900236","pt":1723366053402,"mc":[{"id":"1.231587461","rc":[{"ltp":1.5,"id":10787826},{"ltp":3.0,"id":10108898}]}]}
{"op":"mcm","clk":"11827928906","pt":1723366371216,"mc":[{"id":"1.231587461","rc":[{"ltp":1.52,"id":10787826},{"ltp":2.94,"id":10108898}]}]}
{"op":"mcm","clk":"11827940562","pt":1723366492190,"mc":[{"id":"1.231587461","rc":[{"ltp":1.5,"id":10787826},{"ltp":3.0,"id":10108898}]}]}
{"op":"mcm","clk":"11827952279","pt":1723366607243,"mc":[{"id":"1.231587461","rc":[{"ltp":1.48,"id":10787826},{"ltp":3.1,"id":10108898}]}]}
{"op":"mcm","clk":"11828115905","pt":1723368291117,"mc":[{"id":"1.231587461","rc":[{"ltp":1.5,"id":10787826},{"ltp":3.0,"id":10108898}]}]}
{"op":"mcm","clk":"11828297551","pt":1723370024631,"mc":[{"id":"1.231587461","rc":[{"ltp":1.49,"id":10787826}]}]}
{"op":"mcm","clk":"11828337753","pt":1723370345524,"mc":[{"id":"1.231587461","rc":[{"ltp":1.48,"id":10787826}]}]}
{"op":"mcm","clk":"11828410664","pt":1723370862092,"mc":[{"id":"1.231587461","rc":[{"ltp":1.5,"id":10787826}]}]}
{"op":"mcm","clk":"11828675539","pt":1723372935138,"mc":[{"id":"1.231587461","rc":[{"ltp":1.51,"id":10787826}]}]}
{"op":"mcm","clk":"11828696828","pt":1723373016929,"mc":[{"id":"1.231587461","rc":[{"ltp":1.52,"id":10787826}]}]}
{"op":"mcm","clk":"11828705407","pt":1723373090489,"mc":[{"id":"1.231587461","rc":[{"ltp":1.51,"id":10787826}]}]}
{"op":"mcm","clk":"11828776422","pt":1723373678788,"mc":[{"id":"1.231587461","rc":[{"ltp":1.52,"id":10787826},{"ltp":2.92,"id":10108898}]}]}
{"op":"mcm","clk":"11828894092","pt":1723374542916,"mc":[{"id":"1.231587461","rc":[{"ltp":1.51,"id":10787826}]}]}
{"op":"mcm","clk":"11828917723","pt":1723374686507,"mc":[{"id":"1.231587461","rc":[{"ltp":1.52,"id":10787826}]}]}
{"op":"mcm","clk":"11829203871","pt":1723376507155,"mc":[{"id":"1.231587461","rc":[{"ltp":1.55,"id":10787826},{"ltp":2.82,"id":10108898}]}]}
{"op":"mcm","clk":"11829232981","pt":1723376685859,"mc":[{"id":"1.231587461","rc":[{"ltp":1.56,"id":10787826},{"ltp":2.8,"id":10108898}]}]}
{"op":"mcm","clk":"11829600741","pt":1723378887419,"mc":[{"id":"1.231587461","rc":[{"ltp":1.53,"id":10787826}]}]}
{"op":"mcm","clk":"11829646108","pt":1723379150413,"mc":[{"id":"1.231587461","rc":[{"ltp":1.54,"id":10787826}]}]}
{"op":"mcm","clk":"11829660780","pt":1723379236751,"mc":[{"id":"1.231587461","rc":[{"ltp":1.52,"id":10787826},{"ltp":2.9,"id":10108898}]}]}
{"op":"mcm","clk":"11829746291","pt":1723379691631,"mc":[{"id":"1.231587461","rc":[{"ltp":1.49,"id":10787826},{"ltp":3.0,"id":10108898}]}]}
{"op":"mcm","clk":"11829766073","pt":1723379797532,"mc":[{"id":"1.231587461","rc":[{"ltp":1.48,"id":10787826}]}]}
{"op":"mcm","clk":"11829833970","pt":1723380159974,"mc":[{"id":"1.231587461","rc":[{"ltp":1.53,"id":10787826},{"ltp":2.88,"id":10108898}]}]}
{"op":"mcm","clk":"11829884531","pt":1723380431713,"mc":[{"id":"1.231587461","rc":[{"ltp":1.54,"id":10787826}]}]}
{"op":"mcm","clk":"11830027170","pt":1723381308105,"mc":[{"id":"1.231587461","rc":[{"ltp":1.53,"id":10787826}]}]}
{"op":"mcm","clk":"11830039412","pt":1723381371823,"mc":[{"id":"1.231587461","rc":[{"ltp":1.47,"id":10787826}]}]}
{"op":"mcm","clk":"11830165274","pt":1723381994829,"mc":[{"id":"1.231587461","rc":[{"ltp":1.49,"id":10787826}]}]}
{"op":"mcm","clk":"11830449111","pt":1723383589688,"mc":[{"id":"1.231587461","rc":[{"ltp":2.96,"id":10108898}]}]}
{"op":"mcm","clk":"11830568437","pt":1723384247385,"mc":[{"id":"1.231587461","rc":[{"ltp":1.45,"id":10787826},{"ltp":3.2,"id":10108898}]}]}
{"op":"mcm","clk":"11830576692","pt":1723384302081,"mc":[{"id":"1.231587461","rc":[{"ltp":1.44,"id":10787826}]}]}
{"op":"mcm","clk":"11830670397","pt":1723384931988,"mc":[{"id":"1.231587461","rc":[{"ltp":3.1,"id":10108898}]}]}
{"op":"mcm","clk":"11830688155","pt":1723385030679,"mc":[{"id":"1.231587461","rc":[{"ltp":1.48,"id":10787826},{"ltp":3.05,"id":10108898}]}]}
{"op":"mcm","clk":"11830748115","pt":1723385357561,"mc":[{"id":"1.231587461","rc":[{"ltp":2.94,"id":10108898}]}]}
{"op":"mcm","clk":"11830774508","pt":1723385501135,"mc":[{"id":"1.231587461","rc":[{"ltp":1.51,"id":10787826}]}]}
{"op":"mcm","clk":"11830817169","pt":1723385737407,"mc":[{"id":"1.231587461","rc":[{"ltp":2.82,"id":10108898}]}]}
{"op":"mcm","clk":"11830858428","pt":1723385966373,"mc":[{"id":"1.231587461","rc":[{"ltp":2.94,"id":10108898}]}]}
{"op":"mcm","clk":"11830936440","pt":1723386386305,"mc":[{"id":"1.231587461","rc":[{"ltp":2.84,"id":10108898}]}]}
{"op":"mcm","clk":"11830970929","pt":1723386574289,"mc":[{"id":"1.231587461","rc":[{"ltp":2.94,"id":10108898}]}]}
{"op":"mcm","clk":"11830981249","pt":1723386630660,"mc":[{"id":"1.231587461","rc":[{"ltp":2.86,"id":10108898}]}]}
{"op":"mcm","clk":"11831041734","pt":1723386946036,"mc":[{"id":"1.231587461","rc":[{"ltp":2.9,"id":10108898}]}]}
{"op":"mcm","clk":"11831053277","pt":1723387007757,"mc":[{"id":"1.231587461","rc":[{"ltp":2.92,"id":10108898}]}]}
{"op":"mcm","clk":"11831064763","pt":1723387070846,"mc":[{"id":"1.231587461","rc":[{"ltp":1.48,"id":10787826}]}]}
{"op":"mcm","clk":"11831075287","pt":1723387130882,"mc":[{"id":"1.231587461","rc":[{"ltp":1.47,"id":10787826},{"ltp":2.94,"id":10108898}]}]}
{"op":"mcm","clk":"11831085504","pt":1723387188223,"mc":[{"id":"1.231587461","rc":[{"ltp":3.1,"id":10108898}]}]}
{"op":"mcm","clk":"11831095949","pt":1723387251711,"mc":[{"id":"1.231587461","rc":[{"ltp":1.48,"id":10787826}]}]}
{"op":"mcm","clk":"11831116381","pt":1723387370998,"mc":[{"id":"1.231587461","rc":[{"ltp":1.45,"id":10787826}]}]}
{"op":"mcm","clk":"11831124721","pt":1723387422146,"mc":[{"id":"1.231587461","rc":[{"ltp":1.47,"id":10787826},{"ltp":3.05,"id":10108898}]}]}
{"op":"mcm","clk":"11831136667","pt":1723387491905,"mc":[{"id":"1.231587461","rc":[{"ltp":1.51,"id":10787826},{"ltp":3.0,"id":10108898}]}]}
{"op":"mcm","clk":"11831147167","pt":1723387551575,"mc":[{"id":"1.231587461","rc":[{"ltp":1.48,"id":10787826}]}]}
{"op":"mcm","clk":"11831156987","pt":1723387611315,"mc":[{"id":"1.231587461","rc":[{"ltp":1.5,"id":10787826}]}]}
{"op":"mcm","clk":"11831166616","pt":1723387671710,"mc":[{"id":"1.231587461","rc":[{"ltp":1.53,"id":10787826},{"ltp":2.9,"id":10108898}]}]}
{"op":"mcm","clk":"11831176055","pt":1723387732081,"mc":[{"id":"1.231587461","rc":[{"ltp":1.5,"id":10787826},{"ltp":2.94,"id":10108898}]}]}
{"op":"mcm","clk":"11831184332","pt":1723387790153,"mc":[{"id":"1.231587461","rc":[{"ltp":1.51,"id":10787826},{"ltp":2.96,"id":10108898}]}]}
{"op":"mcm","clk":"11831192004","pt":1723387845301,"mc":[{"id":"1.231587461","rc":[{"ltp":1.52,"id":10787826},{"ltp":2.86,"id":10108898}]}]}
{"op":"mcm","clk":"11831200508","pt":1723387910276,"mc":[{"id":"1.231587461","rc":[{"ltp":1.53,"id":10787826},{"ltp":2.9,"id":10108898}]}]}
{"op":"mcm","clk":"11831208185","pt":1723387970756,"mc":[{"id":"1.231587461","rc":[{"ltp":1.54,"id":10787826},{"ltp":2.84,"id":10108898}]}]}
{"op":"mcm","clk":"11831216023","pt":1723388030232,"mc":[{"id":"1.231587461","rc":[{"ltp":1.51,"id":10787826},{"ltp":2.88,"id":10108898}]}]}
{"op":"mcm","clk":"11831224197","pt":1723388091558,"mc":[{"id":"1.231587461","rc":[{"ltp":2.98,"id":10108898}]}]}
{"op":"mcm","clk":"11831232818","pt":1723388151546,"mc":[{"id":"1.231587461","rc":[{"ltp":2.92,"id":10108898}]}]}
{"op":"mcm","clk":"11831241112","pt":1723388211807,"mc":[{"id":"1.231587461","rc":[{"ltp":1.52,"id":10787826}]}]}
{"op":"mcm","clk":"11831249269","pt":1723388271270,"mc":[{"id":"1.231587461","rc":[{"ltp":1.51,"id":10787826}]}]}
{"op":"mcm","clk":"11831266683","pt":1723388390763,"mc":[{"id":"1.231587461","rc":[{"ltp":1.53,"id":10787826}]}]}
{"op":"mcm","clk":"11831276162","pt":1723388451435,"mc":[{"id":"1.231587461","marketDefinition":{"bspMarket":false,"turnInPlayEnabled":true,"persistenceEnabled":true,"marketBaseRate":5.0,"eventId":"33478039","eventTypeId":"4","numberOfWinners":1,"bettingType":"ODDS","marketType":"MATCH_ODDS","marketTime":"2024-08-11T15:00:00.000Z","suspendTime":"2024-08-11T15:00:00.000Z","bspReconciled":false,"complete":true,"inPlay":true,"crossMatching":true,"runnersVoidable":false,"numberOfActiveRunners":2,"betDelay":5,"status":"OPEN","runners":[{"status":"ACTIVE","sortPriority":1,"id":10108898,"name":"Ireland Women"},{"status":"ACTIVE","sortPriority":2,"id":10787826,"name":"Sri Lanka Women"}],"regulators":["MR_INT"],"countryCode":"GB","discountAllowed":true,"timezone":"GMT","openDate":"2024-08-11T15:00:00.000Z","version":6069801412,"name":"Match Odds","eventName":"Ireland Women v Sri Lanka Women"},"rc":[{"ltp":1.54,"id":10787826},{"ltp":2.84,"id":10108898}]}]}
{"op":"mcm","clk":"11831285135","pt":1723388511903,"mc":[{"id":"1.231587461","rc":[{"ltp":1.49,"id":10787826},{"ltp":3.0,"id":10108898}]}]}
{"op":"mcm","clk":"11831294944","pt":1723388571942,"mc":[{"id":"1.231587461","rc":[{"ltp":1.5,"id":10787826}]}]}
{"op":"mcm","clk":"11831305168","pt":1723388632120,"mc":[{"id":"1.231587461","rc":[{"ltp":1.38,"id":10787826},{"ltp":3.2,"id":10108898}]}]}
{"op":"mcm","clk":"11831315709","pt":1723388692096,"mc":[{"id":"1.231587461","rc":[{"ltp":1.41,"id":10787826},{"ltp":3.3,"id":10108898}]}]}
{"op":"mcm","clk":"11831326861","pt":1723388752071,"mc":[{"id":"1.231587461","rc":[{"ltp":1.34,"id":10787826},{"ltp":3.55,"id":10108898}]}]}
{"op":"mcm","clk":"11831337756","pt":1723388812165,"mc":[{"id":"1.231587461","rc":[{"ltp":1.37,"id":10787826},{"ltp":3.85,"id":10108898}]}]}
{"op":"mcm","clk":"11831349106","pt":1723388871352,"mc":[{"id":"1.231587461","rc":[{"ltp":1.38,"id":10787826},{"ltp":3.6,"id":10108898}]}]}
{"op":"mcm","clk":"11831373102","pt":1723388992169,"mc":[{"id":"1.231587461","rc":[{"ltp":1.44,"id":10787826},{"ltp":3.25,"id":10108898}]}]}
{"op":"mcm","clk":"11831384825","pt":1723389051909,"mc":[{"id":"1.231587461","rc":[{"ltp":1.46,"id":10787826},{"ltp":3.15,"id":10108898}]}]}
{"op":"mcm","clk":"11831396933","pt":1723389112104,"mc":[{"id":"1.231587461","rc":[{"ltp":1.49,"id":10787826},{"ltp":3.0,"id":10108898}]}]}
{"op":"mcm","clk":"11831431142","pt":1723389232152,"mc":[{"id":"1.231587461","rc":[{"ltp":1.5,"id":10787826}]}]}
{"op":"mcm","clk":"11831443432","pt":1723389292002,"mc":[{"id":"1.231587461","rc":[{"ltp":1.56,"id":10787826},{"ltp":2.84,"id":10108898}]}]}
{"op":"mcm","clk":"11831455398","pt":1723389351680,"mc":[{"id":"1.231587461","rc":[{"ltp":1.64,"id":10787826},{"ltp":2.56,"id":10108898}]}]}
{"op":"mcm","clk":"11831467741","pt":1723389411910,"mc":[{"id":"1.231587461","rc":[{"ltp":2.52,"id":10108898}]}]}
{"op":"mcm","clk":"11831479690","pt":1723389471005,"mc":[{"id":"1.231587461","rc":[{"ltp":1.53,"id":10787826},{"ltp":3.0,"id":10108898}]}]}
{"op":"mcm","clk":"11831491541","pt":1723389532075,"mc":[{"id":"1.231587461","rc":[{"ltp":1.52,"id":10787826},{"ltp":2.88,"id":10108898}]}]}
{"op":"mcm","clk":"11831503461","pt":1723389592120,"mc":[{"id":"1.231587461","rc":[{"ltp":1.54,"id":10787826},{"ltp":2.84,"id":10108898}]}]}
{"op":"mcm","clk":"11831514965","pt":1723389652002,"mc":[{"id":"1.231587461","rc":[{"ltp":1.57,"id":10787826},{"ltp":2.74,"id":10108898}]}]}
{"op":"mcm","clk":"11831526231","pt":1723389712152,"mc":[{"id":"1.231587461","rc":[{"ltp":2.7,"id":10108898}]}]}
{"op":"mcm","clk":"11831537595","pt":1723389772136,"mc":[{"id":"1.231587461","rc":[{"ltp":1.6,"id":10787826},{"ltp":2.62,"id":10108898}]}]}
{"op":"mcm","clk":"11831549291","pt":1723389832010,"mc":[{"id":"1.231587461","rc":[{"ltp":1.61,"id":10787826}]}]}
{"op":"mcm","clk":"11831560158","pt":1723389890787,"mc":[{"id":"1.231587461","rc":[{"ltp":2.5,"id":10108898}]}]}
{"op":"mcm","clk":"11831571412","pt":1723389951814,"mc":[{"id":"1.231587461","rc":[{"ltp":1.64,"id":10787826},{"ltp":2.56,"id":10108898}]}]}
{"op":"mcm","clk":"11831591822","pt":1723390072163,"mc":[{"id":"1.231587461","rc":[{"ltp":1.63,"id":10787826}]}]}
{"op":"mcm","clk":"11831602955","pt":1723390132034,"mc":[{"id":"1.231587461","rc":[{"ltp":1.73,"id":10787826},{"ltp":2.32,"id":10108898}]}]}
{"op":"mcm","clk":"11831614589","pt":1723390191997,"mc":[{"id":"1.231587461","rc":[{"ltp":1.74,"id":10787826},{"ltp":2.34,"id":10108898}]}]}
{"op":"mcm","clk":"11831626194","pt":1723390251650,"mc":[{"id":"1.231587461","rc":[{"ltp":1.77,"id":10787826},{"ltp":2.28,"id":10108898}]}]}
{"op":"mcm","clk":"11831637772","pt":1723390311903,"mc":[{"id":"1.231587461","rc":[{"ltp":1.85,"id":10787826},{"ltp":2.16,"id":10108898}]}]}
{"op":"mcm","clk":"11831648930","pt":1723390371908,"mc":[{"id":"1.231587461","rc":[{"ltp":1.84,"id":10787826},{"ltp":2.22,"id":10108898}]}]}
{"op":"mcm","clk":"11831660294","pt":1723390432165,"mc":[{"id":"1.231587461","rc":[{"ltp":1.92,"id":10787826},{"ltp":2.1,"id":10108898}]}]}
{"op":"mcm","clk":"11831672193","pt":1723390491819,"mc":[{"id":"1.231587461","rc":[{"ltp":1.96,"id":10787826},{"ltp":2.06,"id":10108898}]}]}
{"op":"mcm","clk":"11831684073","pt":1723390551818,"mc":[{"id":"1.231587461","rc":[{"ltp":2.08,"id":10787826},{"ltp":1.98,"id":10108898}]}]}
{"op":"mcm","clk":"11831696059","pt":1723390611850,"mc":[{"id":"1.231587461","rc":[{"ltp":2.12,"id":10787826},{"ltp":1.89,"id":10108898}]}]}
{"op":"mcm","clk":"11831708115","pt":1723390671997,"mc":[{"id":"1.231587461","rc":[{"ltp":2.28,"id":10787826},{"ltp":1.77,"id":10108898}]}]}
{"op":"mcm","clk":"11831720712","pt":1723390732182,"mc":[{"id":"1.231587461","rc":[{"ltp":2.44,"id":10787826},{"ltp":1.69,"id":10108898}]}]}
{"op":"mcm","clk":"11831732984","pt":1723390792146,"mc":[{"id":"1.231587461","rc":[{"ltp":2.56,"id":10787826},{"ltp":1.65,"id":10108898}]}]}
{"op":"mcm","clk":"11831745307","pt":1723390851623,"mc":[{"id":"1.231587461","rc":[{"ltp":2.96,"id":10787826},{"ltp":1.51,"id":10108898}]}]}
{"op":"mcm","clk":"11831757915","pt":1723390912146,"mc":[{"id":"1.231587461","rc":[{"ltp":2.8,"id":10787826},{"ltp":1.53,"id":10108898}]}]}
{"op":"mcm","clk":"11831769660","pt":1723390972162,"mc":[{"id":"1.231587461","rc":[{"ltp":2.96,"id":10787826},{"ltp":1.51,"id":10108898}]}]}
{"op":"mcm","clk":"11831793038","pt":1723391092120,"mc":[{"id":"1.231587461","rc":[{"ltp":3.05,"id":10787826},{"ltp":1.5,"id":10108898}]}]}
{"op":"mcm","clk":"11831804581","pt":1723391151973,"mc":[{"id":"1.231587461","rc":[{"ltp":3.2,"id":10787826},{"ltp":1.42,"id":10108898}]}]}
{"op":"mcm","clk":"11831815835","pt":1723391212137,"mc":[{"id":"1.231587461","rc":[{"ltp":3.3,"id":10787826},{"ltp":1.43,"id":10108898}]}]}
{"op":"mcm","clk":"11831837685","pt":1723391332114,"mc":[{"id":"1.231587461","rc":[{"ltp":2.82,"id":10787826},{"ltp":1.54,"id":10108898}]}]}
{"op":"mcm","clk":"11831847810","pt":1723391392017,"mc":[{"id":"1.231587461","rc":[{"ltp":2.8,"id":10787826},{"ltp":1.55,"id":10108898}]}]}
{"op":"mcm","clk":"11831857116","pt":1723391452182,"mc":[{"id":"1.231587461","rc":[{"ltp":1.58,"id":10108898}]}]}
{"op":"mcm","clk":"11831866271","pt":1723391512144,"mc":[{"id":"1.231587461","rc":[{"ltp":3.05,"id":10787826},{"ltp":1.48,"id":10108898}]}]}
{"op":"mcm","clk":"11831874953","pt":1723391572120,"mc":[{"id":"1.231587461","rc":[{"ltp":3.25,"id":10787826},{"ltp":1.44,"id":10108898}]}]}
{"op":"mcm","clk":"11831883146","pt":1723391632107,"mc":[{"id":"1.231587461","rc":[{"ltp":2.74,"id":10787826},{"ltp":1.57,"id":10108898}]}]}
{"op":"mcm","clk":"11831891748","pt":1723391692142,"mc":[{"id":"1.231587461","rc":[{"ltp":2.44,"id":10787826},{"ltp":1.7,"id":10108898}]}]}
{"op":"mcm","clk":"11831900673","pt":1723391751803,"mc":[{"id":"1.231587461","rc":[{"ltp":2.36,"id":10787826},{"ltp":1.74,"id":10108898}]}]}
{"op":"mcm","clk":"11831908806","pt":1723391812044,"mc":[{"id":"1.231587461","rc":[{"ltp":2.3,"id":10787826},{"ltp":1.76,"id":10108898}]}]}
{"op":"mcm","clk":"11831916720","pt":1723391872136,"mc":[{"id":"1.231587461","rc":[{"ltp":2.28,"id":10787826},{"ltp":1.77,"id":10108898}]}]}
{"op":"mcm","clk":"11831924467","pt":1723391932098,"mc":[{"id":"1.231587461","rc":[{"ltp":2.4,"id":10787826},{"ltp":1.7,"id":10108898}]}]}
{"op":"mcm","clk":"11831932879","pt":1723391991882,"mc":[{"id":"1.231587461","rc":[{"ltp":2.44,"id":10787826},{"ltp":1.69,"id":10108898}]}]}
{"op":"mcm","clk":"11831942281","pt":1723392052110,"mc":[{"id":"1.231587461","rc":[{"ltp":2.46,"id":10787826},{"ltp":1.71,"id":10108898}]}]}
{"op":"mcm","clk":"11831950905","pt":1723392112016,"mc":[{"id":"1.231587461","rc":[{"ltp":2.44,"id":10787826},{"ltp":1.68,"id":10108898}]}]}
{"op":"mcm","clk":"11831959647","pt":1723392172111,"mc":[{"id":"1.231587461","rc":[{"ltp":2.42,"id":10787826},{"ltp":1.69,"id":10108898}]}]}
{"op":"mcm","clk":"11831968741","pt":1723392231547,"mc":[{"id":"1.231587461","rc":[{"ltp":2.44,"id":10787826},{"ltp":1.68,"id":10108898}]}]}
{"op":"mcm","clk":"11831978342","pt":1723392292104,"mc":[{"id":"1.231587461","rc":[{"ltp":2.6,"id":10787826},{"ltp":1.62,"id":10108898}]}]}
{"op":"mcm","clk":"11831999393","pt":1723392412150,"mc":[{"id":"1.231587461","rc":[{"ltp":2.36,"id":10787826},{"ltp":1.73,"id":10108898}]}]}
{"op":"mcm","clk":"11832010244","pt":1723392472033,"mc":[{"id":"1.231587461","rc":[{"ltp":2.42,"id":10787826},{"ltp":1.7,"id":10108898}]}]}
{"op":"mcm","clk":"11832020622","pt":1723392531739,"mc":[{"id":"1.231587461","rc":[{"ltp":2.5,"id":10787826},{"ltp":1.66,"id":10108898}]}]}
{"op":"mcm","clk":"11832031072","pt":1723392592095,"mc":[{"id":"1.231587461","rc":[{"ltp":2.42,"id":10787826},{"ltp":1.71,"id":10108898}]}]}
{"op":"mcm","clk":"11832042321","pt":1723392652177,"mc":[{"id":"1.231587461","rc":[{"ltp":2.36,"id":10787826},{"ltp":1.74,"id":10108898}]}]}
{"op":"mcm","clk":"11832053204","pt":1723392712143,"mc":[{"id":"1.231587461","rc":[{"ltp":2.34,"id":10787826},{"ltp":1.75,"id":10108898}]}]}
{"op":"mcm","clk":"11832063883","pt":1723392772118,"mc":[{"id":"1.231587461","rc":[{"ltp":2.28,"id":10787826},{"ltp":1.76,"id":10108898}]}]}
{"op":"mcm","clk":"11832074361","pt":1723392831802,"mc":[{"id":"1.231587461","rc":[{"ltp":1.78,"id":10108898}]}]}
{"op":"mcm","clk":"11832084584","pt":1723392891867,"mc":[{"id":"1.231587461","rc":[{"ltp":2.26,"id":10787826},{"ltp":1.79,"id":10108898}]}]}
{"op":"mcm","clk":"11832095450","pt":1723392951693,"mc":[{"id":"1.231587461","rc":[{"ltp":2.42,"id":10787826},{"ltp":1.71,"id":10108898}]}]}
{"op":"mcm","clk":"11832106481","pt":1723393011954,"mc":[{"id":"1.231587461","rc":[{"ltp":2.44,"id":10787826},{"ltp":1.69,"id":10108898}]}]}
{"op":"mcm","clk":"11832117070","pt":1723393071891,"mc":[{"id":"1.231587461","rc":[{"ltp":2.58,"id":10787826},{"ltp":1.64,"id":10108898}]}]}
{"op":"mcm","clk":"11832127905","pt":1723393132057,"mc":[{"id":"1.231587461","rc":[{"ltp":2.62,"id":10787826},{"ltp":1.6,"id":10108898}]}]}
{"op":"mcm","clk":"11832138433","pt":1723393192010,"mc":[{"id":"1.231587461","rc":[{"ltp":1.61,"id":10108898}]}]}
{"op":"mcm","clk":"11832148361","pt":1723393251773,"mc":[{"id":"1.231587461","rc":[{"ltp":1.59,"id":10108898}]}]}
{"op":"mcm","clk":"11832158233","pt":1723393311980,"mc":[{"id":"1.231587461","rc":[{"ltp":1.61,"id":10108898}]}]}
{"op":"mcm","clk":"11832168319","pt":1723393372143,"mc":[{"id":"1.231587461","rc":[{"ltp":2.74,"id":10787826},{"ltp":1.57,"id":10108898}]}]}
{"op":"mcm","clk":"11832178176","pt":1723393432181,"mc":[{"id":"1.231587461","rc":[{"ltp":1.56,"id":10108898}]}]}
{"op":"mcm","clk":"11832187540","pt":1723393491865,"mc":[{"id":"1.231587461","rc":[{"ltp":2.68,"id":10787826},{"ltp":1.59,"id":10108898}]}]}
{"op":"mcm","clk":"11832197391","pt":1723393552139,"mc":[{"id":"1.231587461","rc":[{"ltp":2.72,"id":10787826},{"ltp":1.58,"id":10108898}]}]}
{"op":"mcm","clk":"11832206708","pt":1723393612099,"mc":[{"id":"1.231587461","rc":[{"ltp":2.78,"id":10787826},{"ltp":1.56,"id":10108898}]}]}
{"op":"mcm","clk":"11832215815","pt":1723393672050,"mc":[{"id":"1.231587461","rc":[{"ltp":2.8,"id":10787826},{"ltp":1.55,"id":10108898}]}]}
{"op":"mcm","clk":"11832224330","pt":1723393732113,"mc":[{"id":"1.231587461","rc":[{"ltp":2.74,"id":10787826},{"ltp":1.57,"id":10108898}]}]}
{"op":"mcm","clk":"11832233142","pt":1723393792171,"mc":[{"id":"1.231587461","rc":[{"ltp":2.68,"id":10787826},{"ltp":1.59,"id":10108898}]}]}
{"op":"mcm","clk":"11832242474","pt":1723393852165,"mc":[{"id":"1.231587461","rc":[{"ltp":2.6,"id":10787826},{"ltp":1.62,"id":10108898}]}]}
{"op":"mcm","clk":"11832251688","pt":1723393911623,"mc":[{"id":"1.231587461","rc":[{"ltp":2.62,"id":10787826},{"ltp":1.61,"id":10108898}]}]}
{"op":"mcm","clk":"11832271866","pt":1723394032020,"mc":[{"id":"1.231587461","rc":[{"ltp":1.6,"id":10108898}]}]}
{"op":"mcm","clk":"11832282312","pt":1723394091883,"mc":[{"id":"1.231587461","rc":[{"ltp":1.61,"id":10108898}]}]}
{"op":"mcm","clk":"11832292793","pt":1723394151723,"mc":[{"id":"1.231587461","rc":[{"ltp":2.52,"id":10787826},{"ltp":1.64,"id":10108898}]}]}
{"op":"mcm","clk":"11832303344","pt":1723394212080,"mc":[{"id":"1.231587461","rc":[{"ltp":2.56,"id":10787826}]}]}
{"op":"mcm","clk":"11832313936","pt":1723394271961,"mc":[{"id":"1.231587461","rc":[{"ltp":2.58,"id":10787826},{"ltp":1.67,"id":10108898}]}]}
{"op":"mcm","clk":"11832324614","pt":1723394332048,"mc":[{"id":"1.231587461","rc":[{"ltp":2.36,"id":10787826},{"ltp":1.73,"id":10108898}]}]}
{"op":"mcm","clk":"11832334232","pt":1723394392114,"mc":[{"id":"1.231587461","rc":[{"ltp":2.12,"id":10787826},{"ltp":1.89,"id":10108898}]}]}
{"op":"mcm","clk":"11832344177","pt":1723394452187,"mc":[{"id":"1.231587461","rc":[{"ltp":1.8,"id":10787826},{"ltp":2.22,"id":10108898}]}]}
{"op":"mcm","clk":"11832354023","pt":1723394512124,"mc":[{"id":"1.231587461","rc":[{"ltp":1.64,"id":10787826},{"ltp":2.56,"id":10108898}]}]}
{"op":"mcm","clk":"11832363708","pt":1723394572160,"mc":[{"id":"1.231587461","rc":[{"ltp":1.55,"id":10787826},{"ltp":2.8,"id":10108898}]}]}
{"op":"mcm","clk":"11832383037","pt":1723394632036,"mc":[{"id":"1.231587461","rc":[{"ltp":1.51,"id":10787826},{"ltp":2.96,"id":10108898}]}]}
{"op":"mcm","clk":"11832392934","pt":1723394692092,"mc":[{"id":"1.231587461","rc":[{"ltp":1.54,"id":10787826},{"ltp":2.84,"id":10108898}]}]}
{"op":"mcm","clk":"11832403214","pt":1723394752143,"mc":[{"id":"1.231587461","rc":[{"ltp":1.49,"id":10787826},{"ltp":3.0,"id":10108898}]}]}
{"op":"mcm","clk":"11832413568","pt":1723394812169,"mc":[{"id":"1.231587461","rc":[{"ltp":1.51,"id":10787826},{"ltp":2.96,"id":10108898}]}]}
{"op":"mcm","clk":"11832423432","pt":1723394872169,"mc":[{"id":"1.231587461","rc":[{"ltp":1.42,"id":10787826},{"ltp":3.35,"id":10108898}]}]}
{"op":"mcm","clk":"11832432971","pt":1723394931821,"mc":[{"id":"1.231587461","rc":[{"ltp":1.43,"id":10787826}]}]}
{"op":"mcm","clk":"11832441843","pt":1723394991962,"mc":[{"id":"1.231587461","rc":[{"ltp":1.35,"id":10787826},{"ltp":3.75,"id":10108898}]}]}
{"op":"mcm","clk":"11832451354","pt":1723395052033,"mc":[{"id":"1.231587461","rc":[{"ltp":3.85,"id":10108898}]}]}
{"op":"mcm","clk":"11832460618","pt":1723395112145,"mc":[{"id":"1.231587461","rc":[{"ltp":1.29,"id":10787826},{"ltp":4.4,"id":10108898}]}]}
{"op":"mcm","clk":"11832469911","pt":1723395172116,"mc":[{"id":"1.231587461","rc":[{"ltp":1.35,"id":10787826},{"ltp":3.7,"id":10108898}]}]}
{"op":"mcm","clk":"11832478988","pt":1723395232126,"mc":[{"id":"1.231587461","rc":[{"ltp":1.42,"id":10787826},{"ltp":3.35,"id":10108898}]}]}
{"op":"mcm","clk":"11832487767","pt":1723395291993,"mc":[{"id":"1.231587461","rc":[{"ltp":1.43,"id":10787826}]}]}
{"op":"mcm","clk":"11832496460","pt":1723395352161,"mc":[{"id":"1.231587461","rc":[{"ltp":1.47,"id":10787826},{"ltp":3.15,"id":10108898}]}]}
{"op":"mcm","clk":"11832504876","pt":1723395412126,"mc":[{"id":"1.231587461","rc":[{"ltp":1.37,"id":10787826},{"ltp":3.75,"id":10108898}]}]}
{"op":"mcm","clk":"11832512964","pt":1723395472027,"mc":[{"id":"1.231587461","rc":[{"ltp":3.65,"id":10108898}]}]}
{"op":"mcm","clk":"11832521313","pt":1723395532058,"mc":[{"id":"1.231587461","rc":[{"ltp":1.41,"id":10787826},{"ltp":3.4,"id":10108898}]}]}
{"op":"mcm","clk":"11832529629","pt":1723395592148,"mc":[{"id":"1.231587461","rc":[{"ltp":1.32,"id":10787826},{"ltp":4.1,"id":10108898}]}]}
{"op":"mcm","clk":"11832538601","pt":1723395652114,"mc":[{"id":"1.231587461","rc":[{"ltp":1.34,"id":10787826},{"ltp":4.0,"id":10108898}]}]}
{"op":"mcm","clk":"11832546277","pt":1723395712123,"mc":[{"id":"1.231587461","rc":[{"ltp":1.25,"id":10787826},{"ltp":5.0,"id":10108898}]}]}
{"op":"mcm","clk":"11832554506","pt":1723395772171,"mc":[{"id":"1.231587461","rc":[{"ltp":1.21,"id":10787826},{"ltp":5.7,"id":10108898}]}]}
{"op":"mcm","clk":"11832571037","pt":1723395892178,"mc":[{"id":"1.231587461","rc":[{"ltp":1.18,"id":10787826},{"ltp":6.6,"id":10108898}]}]}
{"op":"mcm","clk":"11832579777","pt":1723395952170,"mc":[{"id":"1.231587461","rc":[{"ltp":6.4,"id":10108898}]}]}
{"op":"mcm","clk":"11832587944","pt":1723396012115,"mc":[{"id":"1.231587461","rc":[{"ltp":1.15,"id":10787826},{"ltp":7.6,"id":10108898}]}]}
{"op":"mcm","clk":"11832596543","pt":1723396071994,"mc":[{"id":"1.231587461","rc":[{"ltp":1.13,"id":10787826},{"ltp":8.6,"id":10108898}]}]}
{"op":"mcm","clk":"11832605799","pt":1723396132094,"mc":[{"id":"1.231587461","rc":[{"ltp":1.08,"id":10787826},{"ltp":13.5,"id":10108898}]}]}
{"op":"mcm","clk":"11832614869","pt":1723396192146,"mc":[{"id":"1.231587461","rc":[{"ltp":1.06,"id":10787826},{"ltp":17.5,"id":10108898}]}]}
{"op":"mcm","clk":"11832624063","pt":1723396252038,"mc":[{"id":"1.231587461","rc":[{"ltp":1.07,"id":10787826},{"ltp":17.0,"id":10108898}]}]}
{"op":"mcm","clk":"11832632839","pt":1723396312091,"mc":[{"id":"1.231587461","rc":[{"ltp":1.06,"id":10787826},{"ltp":17.5,"id":10108898}]}]}
{"op":"mcm","clk":"11832641453","pt":1723396372095,"mc":[{"id":"1.231587461","rc":[{"ltp":1.05,"id":10787826}]}]}
{"op":"mcm","clk":"11832650545","pt":1723396432166,"mc":[{"id":"1.231587461","rc":[{"ltp":1.06,"id":10787826}]}]}
{"op":"mcm","clk":"11832659585","pt":1723396492041,"mc":[{"id":"1.231587461","rc":[{"ltp":1.07,"id":10787826},{"ltp":15.0,"id":10108898}]}]}
{"op":"mcm","clk":"11832677383","pt":1723396612162,"mc":[{"id":"1.231587461","rc":[{"ltp":1.14,"id":10787826},{"ltp":8.0,"id":10108898}]}]}
{"op":"mcm","clk":"11832686133","pt":1723396672040,"mc":[{"id":"1.231587461","rc":[{"ltp":1.13,"id":10787826},{"ltp":8.6,"id":10108898}]}]}
{"op":"mcm","clk":"11832695430","pt":1723396732004,"mc":[{"id":"1.231587461","rc":[{"ltp":1.14,"id":10787826},{"ltp":8.0,"id":10108898}]}]}
{"op":"mcm","clk":"11832704436","pt":1723396792072,"mc":[{"id":"1.231587461","rc":[{"ltp":1.05,"id":10787826},{"ltp":21.0,"id":10108898}]}]}
{"op":"mcm","clk":"11832713441","pt":1723396852111,"mc":[{"id":"1.231587461","rc":[{"ltp":1.04,"id":10787826},{"ltp":25.0,"id":10108898}]}]}
{"op":"mcm","clk":"11832721481","pt":1723396911773,"mc":[{"id":"1.231587461","rc":[{"ltp":1.03,"id":10787826},{"ltp":38.0,"id":10108898}]}]}
{"op":"mcm","clk":"11832729253","pt":1723396971718,"mc":[{"id":"1.231587461","rc":[{"ltp":34.0,"id":10108898}]}]}
{"op":"mcm","clk":"11832736992","pt":1723397032182,"mc":[{"id":"1.231587461","rc":[{"ltp":36.0,"id":10108898}]}]}
{"op":"mcm","clk":"11832744889","pt":1723397092175,"mc":[{"id":"1.231587461","rc":[{"ltp":1.02,"id":10787826},{"ltp":65.0,"id":10108898}]}]}
{"op":"mcm","clk":"11832753034","pt":1723397152129,"mc":[{"id":"1.231587461","rc":[{"ltp":50.0,"id":10108898}]}]}
{"op":"mcm","clk":"11832760890","pt":1723397211050,"mc":[{"id":"1.231587461","rc":[{"ltp":1.01,"id":10787826},{"ltp":95.0,"id":10108898}]}]}
{"op":"mcm","clk":"11832769068","pt":1723397272083,"mc":[{"id":"1.231587461","rc":[{"ltp":110.0,"id":10108898}]}]}
{"op":"mcm","clk":"11832777091","pt":1723397331439,"mc":[{"id":"1.231587461","rc":[{"ltp":120.0,"id":10108898}]}]}
{"op":"mcm","clk":"11832785167","pt":1723397391818,"mc":[{"id":"1.231587461","rc":[{"ltp":1.02,"id":10787826},{"ltp":70.0,"id":10108898}]}]}
{"op":"mcm","clk":"11832794092","pt":1723397451918,"mc":[{"id":"1.231587461","rc":[{"ltp":1.01,"id":10787826},{"ltp":60.0,"id":10108898}]}]}
{"op":"mcm","clk":"11832802255","pt":1723397512170,"mc":[{"id":"1.231587461","rc":[{"ltp":1.02,"id":10787826}]}]}
{"op":"mcm","clk":"11832810053","pt":1723397572163,"mc":[{"id":"1.231587461","rc":[{"ltp":50.0,"id":10108898}]}]}
{"op":"mcm","clk":"11832817730","pt":1723397632096,"mc":[{"id":"1.231587461","rc":[{"ltp":70.0,"id":10108898}]}]}
{"op":"mcm","clk":"11832825672","pt":1723397691993,"mc":[{"id":"1.231587461","rc":[{"ltp":50.0,"id":10108898}]}]}
{"op":"mcm","clk":"11832833451","pt":1723397752041,"mc":[{"id":"1.231587461","rc":[{"ltp":1.01,"id":10787826},{"ltp":100.0,"id":10108898}]}]}
{"op":"mcm","clk":"11832849105","pt":1723397871375,"mc":[{"id":"1.231587461","rc":[{"ltp":200.0,"id":10108898}]}]}
{"op":"mcm","clk":"11832865757","pt":1723397991738,"mc":[{"id":"1.231587461","rc":[{"ltp":1000.0,"id":10108898}]}]}
{"op":"mcm","clk":"11832882690","pt":1723398111337,"mc":[{"id":"1.231587461","rc":[{"ltp":310.0,"id":10108898}]}]}
{"op":"mcm","clk":"11832891217","pt":1723398171795,"mc":[{"id":"1.231587461","rc":[{"ltp":300.0,"id":10108898}]}]}
{"op":"mcm","clk":"11832899201","pt":1723398229967,"mc":[{"id":"1.231587461","rc":[{"ltp":990.0,"id":10108898}]}]}
{"op":"mcm","clk":"11832907989","pt":1723398291557,"mc":[{"id":"1.231587461","rc":[{"ltp":170.0,"id":10108898}]}]}
{"op":"mcm","clk":"11832917111","pt":1723398347590,"mc":[{"id":"1.231587461","rc":[{"ltp":1000.0,"id":10108898}]}]}
{"op":"mcm","clk":"11832934722","pt":1723398466721,"mc":[{"id":"1.231587461","marketDefinition":{"bspMarket":false,"turnInPlayEnabled":true,"persistenceEnabled":true,"marketBaseRate":5.0,"eventId":"33478039","eventTypeId":"4","numberOfWinners":1,"bettingType":"ODDS","marketType":"MATCH_ODDS","marketTime":"2024-08-11T15:00:00.000Z","suspendTime":"2024-08-11T15:00:00.000Z","bspReconciled":false,"complete":true,"inPlay":true,"crossMatching":true,"runnersVoidable":false,"numberOfActiveRunners":2,"betDelay":5,"status":"SUSPENDED","runners":[{"status":"ACTIVE","sortPriority":1,"id":10108898,"name":"Ireland Women"},{"status":"ACTIVE","sortPriority":2,"id":10787826,"name":"Sri Lanka Women"}],"regulators":["MR_INT"],"countryCode":"GB","discountAllowed":true,"timezone":"GMT","openDate":"2024-08-11T15:00:00.000Z","version":6070411131,"name":"Match Odds","eventName":"Ireland Women v Sri Lanka Women"}}]}
{"op":"mcm","clk":"11832965772","pt":1723398689541,"mc":[{"id":"1.231587461","marketDefinition":{"bspMarket":false,"turnInPlayEnabled":true,"persistenceEnabled":true,"marketBaseRate":5.0,"eventId":"33478039","eventTypeId":"4","numberOfWinners":1,"bettingType":"ODDS","marketType":"MATCH_ODDS","marketTime":"2024-08-11T15:00:00.000Z","suspendTime":"2024-08-11T15:00:00.000Z","bspReconciled":false,"complete":true,"inPlay":true,"crossMatching":false,"runnersVoidable":false,"numberOfActiveRunners":0,"betDelay":5,"status":"CLOSED","settledTime":"2024-08-11T17:50:43.000Z","runners":[{"status":"LOSER","sortPriority":1,"id":10108898,"name":"Ireland Women"},{"status":"WINNER","sortPriority":2,"id":10787826,"name":"Sri Lanka Women"}],"regulators":["MR_INT"],"countryCode":"GB","discountAllowed":true,"timezone":"GMT","openDate":"2024-08-11T15:00:00.000Z","version":6070423331,"name":"Match Odds","eventName":"Ireland Women v Sri Lanka Women"}}]}
