{"op":"mcm","clk":"11848388937","pt":1723818127419,"mc":[{"id":"1.231569126","marketDefinition":{"bspMarket":false,"turnInPlayEnabled":true,"persistenceEnabled":true,"marketBaseRate":5.0,"eventId":"33477015","eventTypeId":"4","numberOfWinners":0,"bettingType":"LINE","marketType":"B_2ND_INN_RUNS_LINE","marketTime":"2024-08-16T14:00:00.000Z","suspendTime":"2024-08-16T14:00:00.000Z","bspReconciled":false,"complete":true,"inPlay":true,"crossMatching":false,"runnersVoidable":false,"numberOfActiveRunners":1,"betDelay":3,"status":"OPEN","runners":[{"status":"ACTIVE","sortPriority":1,"id":15316,"name":"Total Runs"}],"regulators":["MR_INT"],"countryCode":"GB","discountAllowed":true,"timezone":"GMT","openDate":"2024-08-16T14:00:00.000Z","version":6076903835,"name":"South Africa 2nd Innings Runs Line","eventName":"West Indies v South Africa"}}]}
{"op":"mcm","clk":"11848660714","pt":1723821547466,"mc":[{"id":"1.231569126","rc":[{"ltp":233.5,"id":15316}]}]}
{"op":"mcm","clk":"11848665842","pt":1723821607554,"mc":[{"id":"1.231569126","rc":[{"ltp":239.5,"id":15316}]}]}
{"op":"mcm","clk":"11848670262","pt":1723821667395,"mc":[{"id":"1.231569126","rc":[{"ltp":232.5,"id":15316}]}]}
{"op":"mcm","clk":"11848675001","pt":1723821725761,"mc":[{"id":"1.231569126","rc":[{"ltp":233.5,"id":15316}]}]}
{"op":"mcm","clk":"11848679955","pt":1723821787281,"mc":[{"id":"1.231569126","rc":[{"ltp":236.5,"id":15316}]}]}
{"op":"mcm","clk":"11848686894","pt":1723821847049,"mc":[{"id":"1.231569126","rc":[{"ltp":234.5,"id":15316}]}]}
{"op":"mcm","clk":"11848696762","pt":1723821967302,"mc":[{"id":"1.231569126","rc":[{"ltp":233.5,"id":15316}]}]}
{"op":"mcm","clk":"11848706354","pt":1723822087534,"mc":[{"id":"1.231569126","rc":[{"ltp":249.5,"id":15316}]}]}
{"op":"mcm","clk":"11848710957","pt":1723822146461,"mc":[{"id":"1.231569126","rc":[{"ltp":240.5,"id":15316}]}]}
{"op":"mcm","clk":"11848715915","pt":1723822207463,"mc":[{"id":"1.231569126","rc":[{"ltp":247.5,"id":15316}]}]}
{"op":"mcm","clk":"11848721486","pt":1723822267621,"mc":[{"id":"1.231569126","rc":[{"ltp":251.5,"id":15316}]}]}
{"op":"mcm","clk":"11848726077","pt":1723822327384,"mc":[{"id":"1.231569126","rc":[{"ltp":250.5,"id":15316}]}]}
{"op":"mcm","clk":"11848730531","pt":1723822387542,"mc":[{"id":"1.231569126","rc":[{"ltp":255.5,"id":15316}]}]}
{"op":"mcm","clk":"11848735457","pt":1723822447487,"mc":[{"id":"1.231569126","rc":[{"ltp":259.5,"id":15316}]}]}
{"op":"mcm","clk":"11848744315","pt":1723822567362,"mc":[{"id":"1.231569126","rc":[{"ltp":264.5,"id":15316}]}]}
{"op":"mcm","clk":"11848748378","pt":1723822627431,"mc":[{"id":"1.231569126","rc":[{"ltp":260.5,"id":15316}]}]}
{"op":"mcm","clk":"11848757580","pt":1723822747340,"mc":[{"id":"1.231569126","rc":[{"ltp":263.5,"id":15316}]}]}
{"op":"mcm","clk":"11848762270","pt":1723822807324,"mc":[{"id":"1.231569126","rc":[{"ltp":265.5,"id":15316}]}]}
{"op":"mcm","clk":"11848766988","pt":1723822867204,"mc":[{"id":"1.231569126","rc":[{"ltp":261.5,"id":15316}]}]}
{"op":"mcm","clk":"11848771432","pt":1723822927470,"mc":[{"id":"1.231569126","rc":[{"ltp":263.5,"id":15316}]}]}
{"op":"mcm","clk":"11848775871","pt":1723822987557,"mc":[{"id":"1.231569126","rc":[{"ltp":264.5,"id":15316}]}]}
{"op":"mcm","clk":"11848780640","pt":1723823047646,"mc":[{"id":"1.231569126","rc":[{"ltp":263.5,"id":15316}]}]}
{"op":"mcm","clk":"11848785388","pt":1723823107278,"mc":[{"id":"1.231569126","rc":[{"ltp":262.5,"id":15316}]}]}
{"op":"mcm","clk":"11848790586","pt":1723823167268,"mc":[{"id":"1.231569126","rc":[{"ltp":267.5,"id":15316}]}]}
{"op":"mcm","clk":"11848795392","pt":1723823226747,"mc":[{"id":"1.231569126","rc":[{"ltp":279.5,"id":15316}]}]}
{"op":"mcm","clk":"11848813670","pt":1723823467558,"mc":[{"id":"1.231569126","rc":[{"ltp":274.5,"id":15316}]}]}
{"op":"mcm","clk":"11848827795","pt":1723823647540,"mc":[{"id":"1.231569126","rc":[{"ltp":277.5,"id":15316}]}]}
{"op":"mcm","clk":"11848858659","pt":1723824007102,"mc":[{"id":"1.231569126","rc":[{"ltp":269.5,"id":15316}]}]}
{"op":"mcm","clk":"11848945329","pt":1723824547073,"mc":[{"id":"1.231569126","rc":[{"ltp":274.5,"id":15316}]}]}
{"op":"mcm","clk":"11849385426","pt":1723826707463,"mc":[{"id":"1.231569126","rc":[{"ltp":279.5,"id":15316}]}]}
{"op":"mcm","clk":"11849420585","pt":1723826886208,"mc":[{"id":"1.231569126","rc":[{"ltp":292.5,"id":15316}]}]}
{"op":"mcm","clk":"11849451686","pt":1723827067155,"mc":[{"id":"1.231569126","rc":[{"ltp":298.5,"id":15316}]}]}
{"op":"mcm","clk":"11849461015","pt":1723827127576,"mc":[{"id":"1.231569126","rc":[{"ltp":304.5,"id":15316}]}]}
{"op":"mcm","clk":"11849470425","pt":1723827187495,"mc":[{"id":"1.231569126","rc":[{"ltp":309.5,"id":15316}]}]}
{"op":"mcm","clk":"11849479164","pt":1723827247244,"mc":[{"id":"1.231569126","rc":[{"ltp":312.5,"id":15316}]}]}
{"op":"mcm","clk":"11849495352","pt":1723827367234,"mc":[{"id":"1.231569126","rc":[{"ltp":317.5,"id":15316}]}]}
{"op":"mcm","clk":"11849503055","pt":1723827427419,"mc":[{"id":"1.231569126","rc":[{"ltp":320.5,"id":15316}]}]}
{"op":"mcm","clk":"11849510591","pt":1723827487473,"mc":[{"id":"1.231569126","rc":[{"ltp":322.5,"id":15316}]}]}
{"op":"mcm","clk":"11849527836","pt":1723827606746,"mc":[{"id":"1.231569126","rc":[{"ltp":335.5,"id":15316}]}]}
{"op":"mcm","clk":"11849538017","pt":1723827667123,"mc":[{"id":"1.231569126","rc":[{"ltp":330.5,"id":15316}]}]}
{"op":"mcm","clk":"11849548174","pt":1723827727660,"mc":[{"id":"1.231569126","rc":[{"ltp":335.5,"id":15316}]}]}
{"op":"mcm","clk":"11849558471","pt":1723827787483,"mc":[{"id":"1.231569126","rc":[{"ltp":334.5,"id":15316}]}]}
{"op":"mcm","clk":"11849569074","pt":1723827847509,"mc":[{"id":"1.231569126","rc":[{"ltp":335.5,"id":15316}]}]}
{"op":"mcm","clk":"11849579823","pt":1723827906388,"mc":[{"id":"1.231569126","rc":[{"ltp":338.5,"id":15316}]}]}
{"op":"mcm","clk":"11849592642","pt":1723827967242,"mc":[{"id":"1.231569126","rc":[{"ltp":330.5,"id":15316}]}]}
{"op":"mcm","clk":"11849632332","pt":1723828147531,"mc":[{"id":"1.231569126","rc":[{"ltp":337.5,"id":15316}]}]}
{"op":"mcm","clk":"11849662180","pt":1723828207498,"mc":[{"id":"1.231569126","rc":[{"ltp":339.5,"id":15316}]}]}
{"op":"mcm","clk":"11849674905","pt":1723828267661,"mc":[{"id":"1.231569126","rc":[{"ltp":335.5,"id":15316}]}]}
{"op":"mcm","clk":"11849687496","pt":1723828327427,"mc":[{"id":"1.231569126","rc":[{"ltp":341.5,"id":15316}]}]}
{"op":"mcm","clk":"11849714364","pt":1723828447372,"mc":[{"id":"1.231569126","rc":[{"ltp":339.5,"id":15316}]}]}
{"op":"mcm","clk":"11849728080","pt":1723828507544,"mc":[{"id":"1.231569126","rc":[{"ltp":338.5,"id":15316}]}]}
{"op":"mcm","clk":"11849753769","pt":1723828627475,"mc":[{"id":"1.231569126","rc":[{"ltp":342.5,"id":15316}]}]}
{"op":"mcm","clk":"11849830660","pt":1723828987621,"mc":[{"id":"1.231569126","rc":[{"ltp":344.5,"id":15316}]}]}
{"op":"mcm","clk":"11849904711","pt":1723829347214,"mc":[{"id":"1.231569126","rc":[{"ltp":342.5,"id":15316}]}]}
{"op":"mcm","clk":"11849918732","pt":1723829406897,"mc":[{"id":"1.231569126","rc":[{"ltp":340.5,"id":15316}]}]}
{"op":"mcm","clk":"11849933142","pt":1723829467435,"mc":[{"id":"1.231569126","rc":[{"ltp":338.5,"id":15316}]}]}
{"op":"mcm","clk":"11849946062","pt":1723829527252,"mc":[{"id":"1.231569126","rc":[{"ltp":334.5,"id":15316}]}]}
{"op":"mcm","clk":"11849959153","pt":1723829587410,"mc":[{"id":"1.231569126","rc":[{"ltp":333.5,"id":15316}]}]}
{"op":"mcm","clk":"11849972873","pt":1723829647577,"mc":[{"id":"1.231569126","rc":[{"ltp":332.5,"id":15316}]}]}
{"op":"mcm","clk":"11849986415","pt":1723829706229,"mc":[{"id":"1.231569126","rc":[{"ltp":334.5,"id":15316}]}]}
{"op":"mcm","clk":"11850015658","pt":1723829826526,"mc":[{"id":"1.231569126","rc":[{"ltp":335.5,"id":15316}]}]}
{"op":"mcm","clk":"11850044295","pt":1723829947281,"mc":[{"id":"1.231569126","rc":[{"ltp":337.5,"id":15316}]}]}
{"op":"mcm","clk":"11850059112","pt":1723830007634,"mc":[{"id":"1.231569126","rc":[{"ltp":329.5,"id":15316}]}]}
{"op":"mcm","clk":"11850073557","pt":1723830067429,"mc":[{"id":"1.231569126","rc":[{"ltp":313.5,"id":15316}]}]}
{"op":"mcm","clk":"11850132090","pt":1723830247409,"mc":[{"id":"1.231569126","rc":[{"ltp":297.5,"id":15316}]}]}
{"op":"mcm","clk":"11850170463","pt":1723830427376,"mc":[{"id":"1.231569126","rc":[{"ltp":295.5,"id":15316}]}]}
{"op":"mcm","clk":"11850181736","pt":1723830485326,"mc":[{"id":"1.231569126","rc":[{"ltp":296.5,"id":15316}]}]}
{"op":"mcm","clk":"11850193636","pt":1723830547406,"mc":[{"id":"1.231569126","rc":[{"ltp":301.5,"id":15316}]}]}
{"op":"mcm","clk":"11850205114","pt":1723830607356,"mc":[{"id":"1.231569126","rc":[{"ltp":299.5,"id":15316}]}]}
{"op":"mcm","clk":"11850236681","pt":1723830786243,"mc":[{"id":"1.231569126","rc":[{"ltp":304.5,"id":15316}]}]}
{"op":"mcm","clk":"11850262357","pt":1723830966620,"mc":[{"id":"1.231569126","rc":[{"ltp":303.5,"id":15316}]}]}
{"op":"mcm","clk":"11850277712","pt":1723831087362,"mc":[{"id":"1.231569126","rc":[{"ltp":304.5,"id":15316}]}]}
{"op":"mcm","clk":"11850303444","pt":1723831267464,"mc":[{"id":"1.231569126","rc":[{"ltp":305.5,"id":15316}]}]}
{"op":"mcm","clk":"11850313158","pt":1723831326672,"mc":[{"id":"1.231569126","rc":[{"ltp":315.5,"id":15316}]}]}
{"op":"mcm","clk":"11850323316","pt":1723831386080,"mc":[{"id":"1.231569126","rc":[{"ltp":314.5,"id":15316}]}]}
{"op":"mcm","clk":"11850364943","pt":1723831626233,"mc":[{"id":"1.231569126","rc":[{"ltp":320.5,"id":15316}]}]}
{"op":"mcm","clk":"11850424683","pt":1723831927158,"mc":[{"id":"1.231569126","rc":[{"ltp":325.5,"id":15316}]}]}
{"op":"mcm","clk":"11850436487","pt":1723831987626,"mc":[{"id":"1.231569126","rc":[{"ltp":324.5,"id":15316}]}]}
{"op":"mcm","clk":"11850492579","pt":1723832287488,"mc":[{"id":"1.231569126","rc":[{"ltp":330.5,"id":15316}]}]}
{"op":"mcm","clk":"11850503745","pt":1723832347420,"mc":[{"id":"1.231569126","rc":[{"ltp":337.5,"id":15316}]}]}
{"op":"mcm","clk":"11850513958","pt":1723832406723,"mc":[{"id":"1.231569126","rc":[{"ltp":333.5,"id":15316}]}]}
{"op":"mcm","clk":"11850535551","pt":1723832527234,"mc":[{"id":"1.231569126","rc":[{"ltp":335.5,"id":15316}]}]}
{"op":"mcm","clk":"11850582364","pt":1723832767606,"mc":[{"id":"1.231569126","rc":[{"ltp":333.5,"id":15316}]}]}
{"op":"mcm","clk":"11850642939","pt":1723833067515,"mc":[{"id":"1.231569126","rc":[{"ltp":337.5,"id":15316}]}]}
{"op":"mcm","clk":"11850655428","pt":1723833127195,"mc":[{"id":"1.231569126","rc":[{"ltp":338.5,"id":15316}]}]}
{"op":"mcm","clk":"11850731226","pt":1723833487371,"mc":[{"id":"1.231569126","rc":[{"ltp":317.5,"id":15316}]}]}
{"op":"mcm","clk":"11850757516","pt":1723833607279,"mc":[{"id":"1.231569126","rc":[{"ltp":339.5,"id":15316}]}]}
{"op":"mcm","clk":"11850798448","pt":1723833787335,"mc":[{"id":"1.231569126","rc":[{"ltp":336.5,"id":15316}]}]}
{"op":"mcm","clk":"11850851013","pt":1723834025242,"mc":[{"id":"1.231569126","rc":[{"ltp":334.5,"id":15316}]}]}
{"op":"mcm","clk":"11850864810","pt":1723834087516,"mc":[{"id":"1.231569126","rc":[{"ltp":335.5,"id":15316}]}]}
{"op":"mcm","clk":"11850961712","pt":1723834600032,"mc":[{"id":"1.231569126","rc":[{"ltp":338.5,"id":15316}]}]}
{"op":"mcm","clk":"11850987494","pt":1723834739902,"mc":[{"id":"1.231569126","rc":[{"ltp":339.5,"id":15316}]}]}
{"op":"mcm","clk":"11851024405","pt":1723834925825,"mc":[{"id":"1.231569126","rc":[{"ltp":340.5,"id":15316}]}]}
{"op":"mcm","clk":"11851059362","pt":1723835106992,"mc":[{"id":"1.231569126","rc":[{"ltp":334.5,"id":15316}]}]}
{"op":"mcm","clk":"11851082907","pt":1723835226765,"mc":[{"id":"1.231569126","rc":[{"ltp":335.5,"id":15316}]}]}
{"op":"mcm","clk":"11851095063","pt":1723835287619,"mc":[{"id":"1.231569126","rc":[{"ltp":334.5,"id":15316}]}]}
{"op":"mcm","clk":"11851120375","pt":1723835406799,"mc":[{"id":"1.231569126","rc":[{"ltp":332.5,"id":15316}]}]}
{"op":"mcm","clk":"11851145245","pt":1723835526909,"mc":[{"id":"1.231569126","rc":[{"ltp":339.5,"id":15316}]}]}
{"op":"mcm","clk":"11851173484","pt":1723835587437,"mc":[{"id":"1.231569126","rc":[{"ltp":343.5,"id":15316}]}]}
{"op":"mcm","clk":"11851222192","pt":1723835826586,"mc":[{"id":"1.231569126","rc":[{"ltp":345.5,"id":15316}]}]}
{"op":"mcm","clk":"11851295556","pt":1723836186912,"mc":[{"id":"1.231569126","rc":[{"ltp":312.5,"id":15316}]}]}
{"op":"mcm","clk":"11851307366","pt":1723836246644,"mc":[{"id":"1.231569126","rc":[{"ltp":294.5,"id":15316}]}]}
{"op":"mcm","clk":"11851329325","pt":1723836367465,"mc":[{"id":"1.231569126","rc":[{"ltp":299.5,"id":15316}]}]}
{"op":"mcm","clk":"11851340446","pt":1723836426722,"mc":[{"id":"1.231569126","rc":[{"ltp":312.5,"id":15316}]}]}
{"op":"mcm","clk":"11851351648","pt":1723836486806,"mc":[{"id":"1.231569126","rc":[{"ltp":315.5,"id":15316}]}]}
{"op":"mcm","clk":"11851372734","pt":1723836602113,"mc":[{"id":"1.231569126","rc":[{"ltp":323.5,"id":15316}]}]}
{"op":"mcm","clk":"11851396081","pt":1723836727195,"mc":[{"id":"1.231569126","rc":[{"ltp":320.5,"id":15316}]}]}
{"op":"mcm","clk":"11851407074","pt":1723836787355,"mc":[{"id":"1.231569126","rc":[{"ltp":323.5,"id":15316}]}]}
{"op":"mcm","clk":"11851418192","pt":1723836843949,"mc":[{"id":"1.231569126","rc":[{"ltp":320.5,"id":15316}]}]}
{"op":"mcm","clk":"11851484503","pt":1723837207604,"mc":[{"id":"1.231569126","rc":[{"ltp":319.5,"id":15316}]}]}
{"op":"mcm","clk":"11851526513","pt":1723837447641,"mc":[{"id":"1.231569126","rc":[{"ltp":306.5,"id":15316}]}]}
{"op":"mcm","clk":"11851537162","pt":1723837507150,"mc":[{"id":"1.231569126","rc":[{"ltp":301.5,"id":15316}]}]}
{"op":"mcm","clk":"11851548034","pt":1723837567240,"mc":[{"id":"1.231569126","rc":[{"ltp":280.5,"id":15316}]}]}
{"op":"mcm","clk":"11851558800","pt":1723837627228,"mc":[{"id":"1.231569126","rc":[{"ltp":288.5,"id":15316}]}]}
{"op":"mcm","clk":"11851570116","pt":1723837687365,"mc":[{"id":"1.231569126","rc":[{"ltp":287.5,"id":15316}]}]}
{"op":"mcm","clk":"11851580230","pt":1723837746840,"mc":[{"id":"1.231569126","rc":[{"ltp":284.5,"id":15316}]}]}
{"op":"mcm","clk":"11851600018","pt":1723837867659,"mc":[{"id":"1.231569126","rc":[{"ltp":258.5,"id":15316}]}]}
{"op":"mcm","clk":"11851609460","pt":1723837927622,"mc":[{"id":"1.231569126","rc":[{"ltp":260.5,"id":15316}]}]}
{"op":"mcm","clk":"11851628567","pt":1723838046619,"mc":[{"id":"1.231569126","rc":[{"ltp":256.5,"id":15316}]}]}
{"op":"mcm","clk":"11851637502","pt":1723838106697,"mc":[{"id":"1.231569126","rc":[{"ltp":257.5,"id":15316}]}]}
{"op":"mcm","clk":"11851646128","pt":1723838167323,"mc":[{"id":"1.231569126","rc":[{"ltp":259.5,"id":15316}]}]}
{"op":"mcm","clk":"11851664253","pt":1723838287586,"mc":[{"id":"1.231569126","rc":[{"ltp":265.5,"id":15316}]}]}
{"op":"mcm","clk":"11851673046","pt":1723838347632,"mc":[{"id":"1.231569126","rc":[{"ltp":263.5,"id":15316}]}]}
{"op":"mcm","clk":"11851681505","pt":1723838407611,"mc":[{"id":"1.231569126","rc":[{"ltp":249.5,"id":15316}]}]}
{"op":"mcm","clk":"11851697843","pt":1723838527496,"mc":[{"id":"1.231569126","rc":[{"ltp":242.5,"id":15316}]}]}
{"op":"mcm","clk":"11851713149","pt":1723838647427,"mc":[{"id":"1.231569126","rc":[{"ltp":232.5,"id":15316}]}]}
{"op":"mcm","clk":"11851747902","pt":1723838887490,"mc":[{"id":"1.231569126","rc":[{"ltp":238.5,"id":15316}]}]}
{"op":"mcm","clk":"11851756979","pt":1723838947627,"mc":[{"id":"1.231569126","rc":[{"ltp":235.5,"id":15316}]}]}
{"op":"mcm","clk":"11851774477","pt":1723839067007,"mc":[{"id":"1.231569126","rc":[{"ltp":238.5,"id":15316}]}]}
{"op":"mcm","clk":"11851800766","pt":1723839246518,"mc":[{"id":"1.231569126","rc":[{"ltp":237.5,"id":15316}]}]}
{"op":"mcm","clk":"11851809705","pt":1723839307586,"mc":[{"id":"1.231569126","rc":[{"ltp":238.5,"id":15316}]}]}
{"op":"mcm","clk":"11851819168","pt":1723839367664,"mc":[{"id":"1.231569126","rc":[{"ltp":240.5,"id":15316}]}]}
{"op":"mcm","clk":"11851827393","pt":1723839427654,"mc":[{"id":"1.231569126","rc":[{"ltp":243.5,"id":15316}]}]}
{"op":"mcm","clk":"11851861557","pt":1723839667597,"mc":[{"id":"1.231569126","rc":[{"ltp":251.5,"id":15316}]}]}
{"op":"mcm","clk":"11851869514","pt":1723839727223,"mc":[{"id":"1.231569126","rc":[{"ltp":252.5,"id":15316}]}]}
{"op":"mcm","clk":"11851877480","pt":1723839787593,"mc":[{"id":"1.231569126","rc":[{"ltp":254.5,"id":15316}]}]}
{"op":"mcm","clk":"11851885375","pt":1723839846343,"mc":[{"id":"1.231569126","rc":[{"ltp":255.5,"id":15316}]}]}
{"op":"mcm","clk":"11851893621","pt":1723839907412,"mc":[{"id":"1.231569126","rc":[{"ltp":256.5,"id":15316}]}]}
{"op":"mcm","clk":"11851901449","pt":1723839967594,"mc":[{"id":"1.231569126","rc":[{"ltp":254.5,"id":15316}]}]}
{"op":"mcm","clk":"11851916251","pt":1723840087097,"mc":[{"id":"1.231569126","rc":[{"ltp":257.5,"id":15316}]}]}
{"op":"mcm","clk":"11851937491","pt":1723840267388,"mc":[{"id":"1.231569126","rc":[{"ltp":258.5,"id":15316}]}]}
{"op":"mcm","clk":"11851964336","pt":1723840505733,"mc":[{"id":"1.231569126","rc":[{"ltp":260.5,"id":15316}]}]}
{"op":"mcm","clk":"11851977529","pt":1723840623557,"mc":[{"id":"1.231569126","rc":[{"ltp":259.5,"id":15316}]}]}
{"op":"mcm","clk":"11851993050","pt":1723840747514,"mc":[{"id":"1.231569126","rc":[{"ltp":262.5,"id":15316}]}]}
{"op":"mcm","clk":"11851998938","pt":1723840807379,"mc":[{"id":"1.231569126","rc":[{"ltp":264.5,"id":15316}]}]}
{"op":"mcm","clk":"11852011010","pt":1723840927603,"mc":[{"id":"1.231569126","rc":[{"ltp":267.5,"id":15316}]}]}
{"op":"mcm","clk":"11852032790","pt":1723840986554,"mc":[{"id":"1.231569126","rc":[{"ltp":268.5,"id":15316}]}]}
{"op":"mcm","clk":"11852038767","pt":1723841047115,"mc":[{"id":"1.231569126","rc":[{"ltp":272.5,"id":15316}]}]}
{"op":"mcm","clk":"11852056378","pt":1723841226978,"mc":[{"id":"1.231569126","rc":[{"ltp":273.5,"id":15316}]}]}
{"op":"mcm","clk":"11852061152","pt":1723841286029,"mc":[{"id":"1.231569126","rc":[{"ltp":272.5,"id":15316}]}]}
{"op":"mcm","clk":"11852075963","pt":1723841467331,"mc":[{"id":"1.231569126","rc":[{"ltp":271.5,"id":15316}]}]}
{"op":"mcm","clk":"11852099337","pt":1723841766931,"mc":[{"id":"1.231569126","rc":[{"ltp":272.5,"id":15316}]}]}
{"op":"mcm","clk":"11852111659","pt":1723841947124,"mc":[{"id":"1.231569126","rc":[{"ltp":273.5,"id":15316}]}]}
{"op":"mcm","clk":"11852116050","pt":1723842007297,"mc":[{"id":"1.231569126","rc":[{"ltp":275.5,"id":15316}]}]}
{"op":"mcm","clk":"11852126084","pt":1723842127481,"mc":[{"id":"1.231569126","rc":[{"ltp":277.5,"id":15316}]}]}
{"op":"mcm","clk":"11852153141","pt":1723842487101,"mc":[{"id":"1.231569126","rc":[{"ltp":279.5,"id":15316}]}]}
{"op":"mcm","clk":"11852208529","pt":1723843266699,"mc":[{"id":"1.231569126","rc":[{"ltp":295.5,"id":15316}]}]}
{"op":"mcm","clk":"11852222380","pt":1723843447265,"mc":[{"id":"1.231569126","rc":[{"ltp":297.5,"id":15316}]}]}
{"op":"mcm","clk":"11852235320","pt":1723843620937,"mc":[{"id":"1.231569126","rc":[{"ltp":299.5,"id":15316}]}]}
{"op":"mcm","clk":"11852250044","pt":1723843806488,"mc":[{"id":"1.231569126","rc":[{"ltp":305.5,"id":15316}]}]}
{"op":"mcm","clk":"11852255265","pt":1723843866629,"mc":[{"id":"1.231569126","rc":[{"ltp":307.5,"id":15316}]}]}
{"op":"mcm","clk":"11852260392","pt":1723843927102,"mc":[{"id":"1.231569126","rc":[{"ltp":309.5,"id":15316}]}]}
{"op":"mcm","clk":"11852264463","pt":1723843987164,"mc":[{"id":"1.231569126","rc":[{"ltp":310.5,"id":15316}]}]}
{"op":"mcm","clk":"11852271269","pt":1723844097560,"mc":[{"id":"1.231569126","rc":[{"ltp":314.5,"id":15316}]}]}
{"op":"mcm","clk":"11852276103","pt":1723844167628,"mc":[{"id":"1.231569126","rc":[{"ltp":316.5,"id":15316}]}]}
{"op":"mcm","clk":"11852293371","pt":1723844406173,"mc":[{"id":"1.231569126","marketDefinition":{"bspMarket":false,"turnInPlayEnabled":true,"persistenceEnabled":true,"marketBaseRate":5.0,"eventId":"33477015","eventTypeId":"4","numberOfWinners":0,"bettingType":"LINE","marketType":"B_2ND_INN_RUNS_LINE","marketTime":"2024-08-16T14:00:00.000Z","suspendTime":"2024-08-16T14:00:00.000Z","bspReconciled":false,"complete":true,"inPlay":false,"crossMatching":false,"runnersVoidable":false,"numberOfActiveRunners":1,"betDelay":0,"status":"OPEN","runners":[{"status":"ACTIVE","sortPriority":1,"id":15316,"name":"Total Runs"}],"regulators":["MR_INT"],"countryCode":"GB","discountAllowed":true,"timezone":"GMT","openDate":"2024-08-16T14:00:00.000Z","version":6078109620,"name":"South Africa 2nd Innings Runs Line","eventName":"West Indies v South Africa"}}]}
{"op":"mcm","clk":"11852299480","pt":1723844491156,"mc":[{"id":"1.231569126","marketDefinition":{"bspMarket":false,"turnInPlayEnabled":true,"persistenceEnabled":true,"marketBaseRate":5.0,"eventId":"33477015","eventTypeId":"4","numberOfWinners":0,"bettingType":"LINE","marketType":"B_2ND_INN_RUNS_LINE","marketTime":"2024-08-17T14:00:00.000Z","suspendTime":"2024-08-17T14:00:00.000Z","bspReconciled":false,"complete":true,"inPlay":false,"crossMatching":false,"runnersVoidable":false,"numberOfActiveRunners":1,"betDelay":0,"status":"OPEN","runners":[{"status":"ACTIVE","sortPriority":1,"id":15316,"name":"Total Runs"}],"regulators":["MR_INT"],"countryCode":"GB","discountAllowed":true,"timezone":"GMT","openDate":"2024-08-17T14:00:00.000Z","version":6078110964,"name":"South Africa 2nd Innings Runs Line","eventName":"West Indies v South Africa"}}]}
{"op":"mcm","clk":"11853861592","pt":1723865473626,"mc":[{"id":"1.231569126","rc":[{"ltp":313.5,"id":15316}]}]}
{"op":"mcm","clk":"11854561247","pt":1723877241215,"mc":[{"id":"1.231569126","rc":[{"ltp":318.5,"id":15316}]}]}
{"op":"mcm","clk":"11854949863","pt":1723883227398,"mc":[{"id":"1.231569126","rc":[{"ltp":323.5,"id":15316}]}]}
{"op":"mcm","clk":"11854998984","pt":1723883804659,"mc":[{"id":"1.231569126","rc":[{"ltp":319.5,"id":15316}]}]}
{"op":"mcm","clk":"11856968436","pt":1723897143188,"mc":[{"id":"1.231569126","rc":[{"ltp":315.5,"id":15316}]}]}
{"op":"mcm","clk":"11857293178","pt":1723898943603,"mc":[{"id":"1.231569126","rc":[{"ltp":314.5,"id":15316}]}]}
{"op":"mcm","clk":"11857440752","pt":1723899783614,"mc":[{"id":"1.231569126","rc":[{"ltp":315.5,"id":15316}]}]}
{"op":"mcm","clk":"11857561163","pt":1723900368502,"mc":[{"id":"1.231569126","rc":[{"ltp":314.5,"id":15316}]}]}
{"op":"mcm","clk":"11857862616","pt":1723901943868,"mc":[{"id":"1.231569126","rc":[{"ltp":315.5,"id":15316}]}]}
{"op":"mcm","clk":"11858000787","pt":1723902754069,"mc":[{"id":"1.231569126","rc":[{"ltp":314.5,"id":15316}]}]}
{"op":"mcm","clk":"11858013542","pt":1723902838696,"mc":[{"id":"1.231569126","rc":[{"ltp":315.5,"id":15316}]}]}
{"op":"mcm","clk":"11858044162","pt":1723903025503,"mc":[{"id":"1.231569126","rc":[{"ltp":317.5,"id":15316}]}]}
{"op":"mcm","clk":"11858073265","pt":1723903201928,"mc":[{"id":"1.231569126","marketDefinition":{"bspMarket":false,"turnInPlayEnabled":true,"persistenceEnabled":true,"marketBaseRate":5.0,"eventId":"33477015","eventTypeId":"4","numberOfWinners":0,"bettingType":"LINE","marketType":"B_2ND_INN_RUNS_LINE","marketTime":"2024-08-17T14:00:00.000Z","suspendTime":"2024-08-17T14:00:00.000Z","bspReconciled":false,"complete":true,"inPlay":true,"crossMatching":false,"runnersVoidable":false,"numberOfActiveRunners":1,"betDelay":3,"status":"OPEN","runners":[{"status":"ACTIVE","sortPriority":1,"id":15316,"name":"Total Runs"}],"regulators":["MR_INT"],"countryCode":"GB","discountAllowed":true,"timezone":"GMT","openDate":"2024-08-17T14:00:00.000Z","version":6079700028,"name":"South Africa 2nd Innings Runs Line","eventName":"West Indies v South Africa"}}]}
{"op":"mcm","clk":"11858161483","pt":1723903507499,"mc":[{"id":"1.231569126","rc":[{"ltp":315.5,"id":15316}]}]}
{"op":"mcm","clk":"11858566917","pt":1723904706566,"mc":[{"id":"1.231569126","rc":[{"ltp":316.5,"id":15316}]}]}
{"op":"mcm","clk":"11858706996","pt":1723905126733,"mc":[{"id":"1.231569126","rc":[{"ltp":315.5,"id":15316}]}]}
{"op":"mcm","clk":"11858726669","pt":1723905187515,"mc":[{"id":"1.231569126","rc":[{"ltp":316.5,"id":15316}]}]}
{"op":"mcm","clk":"11858803859","pt":1723905426786,"mc":[{"id":"1.231569126","rc":[{"ltp":294.5,"id":15316}]}]}
{"op":"mcm","clk":"11858843510","pt":1723905547639,"mc":[{"id":"1.231569126","rc":[{"ltp":296.5,"id":15316}]}]}
{"op":"mcm","clk":"11858863703","pt":1723905607563,"mc":[{"id":"1.231569126","rc":[{"ltp":271.5,"id":15316}]}]}
{"op":"mcm","clk":"11858904625","pt":1723905727513,"mc":[{"id":"1.231569126","rc":[{"ltp":272.5,"id":15316}]}]}
{"op":"mcm","clk":"11858940939","pt":1723905787376,"mc":[{"id":"1.231569126","rc":[{"ltp":273.5,"id":15316}]}]}
{"op":"mcm","clk":"11859000690","pt":1723905967456,"mc":[{"id":"1.231569126","rc":[{"ltp":274.5,"id":15316}]}]}
{"op":"mcm","clk":"11859038567","pt":1723906087583,"mc":[{"id":"1.231569126","rc":[{"ltp":255.5,"id":15316}]}]}
{"op":"mcm","clk":"11859055605","pt":1723906147642,"mc":[{"id":"1.231569126","rc":[{"ltp":251.5,"id":15316}]}]}
{"op":"mcm","clk":"11859072030","pt":1723906207518,"mc":[{"id":"1.231569126","rc":[{"ltp":254.5,"id":15316}]}]}
{"op":"mcm","clk":"11859099380","pt":1723906327447,"mc":[{"id":"1.231569126","rc":[{"ltp":253.5,"id":15316}]}]}
{"op":"mcm","clk":"11859111520","pt":1723906387516,"mc":[{"id":"1.231569126","rc":[{"ltp":255.5,"id":15316}]}]}
{"op":"mcm","clk":"11859134900","pt":1723906507186,"mc":[{"id":"1.231569126","rc":[{"ltp":256.5,"id":15316}]}]}
{"op":"mcm","clk":"11859170574","pt":1723906687243,"mc":[{"id":"1.231569126","rc":[{"ltp":254.5,"id":15316}]}]}
{"op":"mcm","clk":"11859195949","pt":1723906807529,"mc":[{"id":"1.231569126","rc":[{"ltp":255.5,"id":15316}]}]}
{"op":"mcm","clk":"11859209820","pt":1723906867629,"mc":[{"id":"1.231569126","rc":[{"ltp":256.5,"id":15316}]}]}
{"op":"mcm","clk":"11859224272","pt":1723906927625,"mc":[{"id":"1.231569126","rc":[{"ltp":260.5,"id":15316}]}]}
{"op":"mcm","clk":"11859306970","pt":1723907227142,"mc":[{"id":"1.231569126","rc":[{"ltp":261.5,"id":15316}]}]}
{"op":"mcm","clk":"11859325100","pt":1723907286823,"mc":[{"id":"1.231569126","rc":[{"ltp":262.5,"id":15316}]}]}
{"op":"mcm","clk":"11859345322","pt":1723907347117,"mc":[{"id":"1.231569126","rc":[{"ltp":264.5,"id":15316}]}]}
{"op":"mcm","clk":"11859365417","pt":1723907407522,"mc":[{"id":"1.231569126","rc":[{"ltp":253.5,"id":15316}]}]}
{"op":"mcm","clk":"11859425628","pt":1723907587405,"mc":[{"id":"1.231569126","rc":[{"ltp":254.5,"id":15316}]}]}
{"op":"mcm","clk":"11859445601","pt":1723907647328,"mc":[{"id":"1.231569126","rc":[{"ltp":253.5,"id":15316}]}]}
{"op":"mcm","clk":"11859465840","pt":1723907707204,"mc":[{"id":"1.231569126","rc":[{"ltp":254.5,"id":15316}]}]}
{"op":"mcm","clk":"11859548371","pt":1723907947599,"mc":[{"id":"1.231569126","rc":[{"ltp":251.5,"id":15316}]}]}
{"op":"mcm","clk":"11859569833","pt":1723908007582,"mc":[{"id":"1.231569126","rc":[{"ltp":254.5,"id":15316}]}]}
{"op":"mcm","clk":"11859630253","pt":1723908186747,"mc":[{"id":"1.231569126","marketDefinition":{"bspMarket":false,"turnInPlayEnabled":true,"persistenceEnabled":true,"marketBaseRate":5.0,"eventId":"33477015","eventTypeId":"4","numberOfWinners":0,"bettingType":"LINE","marketType":"B_2ND_INN_RUNS_LINE","marketTime":"2024-08-17T14:00:00.000Z","suspendTime":"2024-08-17T14:00:00.000Z","bspReconciled":false,"complete":true,"inPlay":true,"crossMatching":false,"runnersVoidable":false,"numberOfActiveRunners":1,"betDelay":3,"status":"SUSPENDED","runners":[{"status":"ACTIVE","sortPriority":1,"id":15316,"name":"Total Runs"}],"regulators":["MR_INT"],"countryCode":"GB","discountAllowed":true,"timezone":"GMT","openDate":"2024-08-17T14:00:00.000Z","version":6080283519,"name":"South Africa 2nd Innings Runs Line","eventName":"West Indies v South Africa"}}]}
{"op":"mcm","clk":"11859669469","pt":1723908307596,"mc":[{"id":"1.231569126","marketDefinition":{"bspMarket":false,"turnInPlayEnabled":true,"persistenceEnabled":true,"marketBaseRate":5.0,"eventId":"33477015","eventTypeId":"4","numberOfWinners":0,"bettingType":"LINE","marketType":"B_2ND_INN_RUNS_LINE","marketTime":"2024-08-17T14:00:00.000Z","suspendTime":"2024-08-17T14:00:00.000Z","bspReconciled":false,"complete":true,"inPlay":true,"crossMatching":false,"runnersVoidable":false,"numberOfActiveRunners":0,"betDelay":3,"status":"CLOSED","settledTime":"2024-08-17T15:24:02.000Z","runners":[{"status":"WINNER","sortPriority":1,"id":15316,"name":"Total Runs"}],"regulators":["MR_INT"],"countryCode":"GB","discountAllowed":true,"timezone":"GMT","openDate":"2024-08-17T14:00:00.000Z","version":6080299297,"name":"South Africa 2nd Innings Runs Line","eventName":"West Indies v South Africa"}}]}
