{"op":"mcm","clk":"11793858824","pt":1722565052251,"mc":[{"id":"1.231336323","marketDefinition":{"bspMarket":false,"turnInPlayEnabled":true,"persistenceEnabled":true,"marketBaseRate":5.0,"eventId":"33462068","eventTypeId":"4","numberOfWinners":1,"bettingType":"ODDS","marketType":"MATCH_ODDS","marketTime":"2024-08-04T10:00:00.000Z","suspendTime":"2024-08-04T10:00:00.000Z","bspReconciled":false,"complete":true,"inPlay":false,"crossMatching":true,"runnersVoidable":false,"numberOfActiveRunners":2,"betDelay":0,"status":"OPEN","runners":[{"status":"ACTIVE","sortPriority":1,"id":40096576,"name":"London Spirit Women"},{"status":"ACTIVE","sortPriority":2,"id":40096582,"name":"Oval Invincibles Women"}],"regulators":["MR_INT"],"countryCode":"GB","discountAllowed":true,"timezone":"GMT","openDate":"2024-08-04T10:00:00.000Z","version":6051106039,"name":"Match Odds","eventName":"London Spirit Women v Oval Invincibles Women"}}]}
{"op":"mcm","clk":"11801366088","pt":1722675713613,"mc":[{"id":"1.231336323","rc":[{"ltp":1.89,"id":40096576},{"ltp":2.1,"id":40096582}]}]}
{"op":"mcm","clk":"11806777056","pt":1722706034850,"mc":[{"id":"1.231336323","rc":[{"ltp":1.99,"id":40096576},{"ltp":2.02,"id":40096582}]}]}
{"op":"mcm","clk":"11808454650","pt":1722714509964,"mc":[{"id":"1.231336323","rc":[{"ltp":2.0,"id":40096576},{"ltp":2.0,"id":40096582}]}]}
{"op":"mcm","clk":"11808694396","pt":1722716025116,"mc":[{"id":"1.231336323","rc":[{"ltp":1.89,"id":40096576},{"ltp":2.12,"id":40096582}]}]}
{"op":"mcm","clk":"11808765246","pt":1722716536035,"mc":[{"id":"1.231336323","rc":[{"ltp":1.8,"id":40096576},{"ltp":2.18,"id":40096582}]}]}
{"op":"mcm","clk":"11808771786","pt":1722716586187,"mc":[{"id":"1.231336323","rc":[{"ltp":1.77,"id":40096576}]}]}
{"op":"mcm","clk":"11808783056","pt":1722716668337,"mc":[{"id":"1.231336323","rc":[{"ltp":1.78,"id":40096576},{"ltp":2.28,"id":40096582}]}]}
{"op":"mcm","clk":"11808808241","pt":1722716848718,"mc":[{"id":"1.231336323","rc":[{"ltp":1.8,"id":40096576}]}]}
{"op":"mcm","clk":"11808816503","pt":1722716908966,"mc":[{"id":"1.231336323","rc":[{"ltp":1.74,"id":40096576}]}]}
{"op":"mcm","clk":"11808839223","pt":1722717089777,"mc":[{"id":"1.231336323","rc":[{"ltp":1.76,"id":40096576},{"ltp":2.3,"id":40096582}]}]}
{"op":"mcm","clk":"11808845715","pt":1722717142823,"mc":[{"id":"1.231336323","rc":[{"ltp":1.75,"id":40096576},{"ltp":2.34,"id":40096582}]}]}
{"op":"mcm","clk":"11808860383","pt":1722717267652,"mc":[{"id":"1.231336323","rc":[{"ltp":1.76,"id":40096576}]}]}
{"op":"mcm","clk":"11808867724","pt":1722717328204,"mc":[{"id":"1.231336323","rc":[{"ltp":1.71,"id":40096576},{"ltp":2.32,"id":40096582}]}]}
{"op":"mcm","clk":"11808874189","pt":1722717379493,"mc":[{"id":"1.231336323","rc":[{"ltp":1.74,"id":40096576}]}]}
{"op":"mcm","clk":"11808887461","pt":1722717489167,"mc":[{"id":"1.231336323","rc":[{"ltp":1.76,"id":40096576}]}]}
{"op":"mcm","clk":"11808896923","pt":1722717569948,"mc":[{"id":"1.231336323","rc":[{"ltp":1.74,"id":40096576}]}]}
{"op":"mcm","clk":"11808940824","pt":1722717928999,"mc":[{"id":"1.231336323","rc":[{"ltp":1.76,"id":40096576}]}]}
{"op":"mcm","clk":"11808969479","pt":1722718178061,"mc":[{"id":"1.231336323","rc":[{"ltp":1.79,"id":40096576}]}]}
{"op":"mcm","clk":"11809003598","pt":1722718566249,"mc":[{"id":"1.231336323","rc":[{"ltp":1.78,"id":40096576},{"ltp":2.28,"id":40096582}]}]}
{"op":"mcm","clk":"11809025152","pt":1722718829346,"mc":[{"id":"1.231336323","rc":[{"ltp":1.76,"id":40096576}]}]}
{"op":"mcm","clk":"11809090059","pt":1722719623571,"mc":[{"id":"1.231336323","rc":[{"ltp":2.3,"id":40096582}]}]}
{"op":"mcm","clk":"11809178012","pt":1722720684019,"mc":[{"id":"1.231336323","rc":[{"ltp":1.77,"id":40096576}]}]}
{"op":"mcm","clk":"11809253971","pt":1722721586603,"mc":[{"id":"1.231336323","rc":[{"ltp":1.78,"id":40096576},{"ltp":2.28,"id":40096582}]}]}
{"op":"mcm","clk":"11809258288","pt":1722721640293,"mc":[{"id":"1.231336323","rc":[{"ltp":1.79,"id":40096576},{"ltp":2.26,"id":40096582}]}]}
{"op":"mcm","clk":"11809593655","pt":1722727113154,"mc":[{"id":"1.231336323","rc":[{"ltp":1.78,"id":40096576}]}]}
{"op":"mcm","clk":"11809682353","pt":1722728774893,"mc":[{"id":"1.231336323","rc":[{"ltp":1.8,"id":40096576}]}]}
{"op":"mcm","clk":"11809692539","pt":1722728962241,"mc":[{"id":"1.231336323","rc":[{"ltp":1.81,"id":40096576}]}]}
{"op":"mcm","clk":"11809842020","pt":1722731492956,"mc":[{"id":"1.231336323","rc":[{"ltp":1.82,"id":40096576}]}]}
{"op":"mcm","clk":"11809863317","pt":1722731835385,"mc":[{"id":"1.231336323","rc":[{"ltp":2.2,"id":40096582}]}]}
{"op":"mcm","clk":"11809874810","pt":1722732007418,"mc":[{"id":"1.231336323","rc":[{"ltp":1.83,"id":40096576}]}]}
{"op":"mcm","clk":"11810091356","pt":1722735409210,"mc":[{"id":"1.231336323","rc":[{"ltp":1.82,"id":40096576}]}]}
{"op":"mcm","clk":"11810121372","pt":1722735924597,"mc":[{"id":"1.231336323","rc":[{"ltp":1.83,"id":40096576}]}]}
{"op":"mcm","clk":"11810157282","pt":1722736538207,"mc":[{"id":"1.231336323","rc":[{"ltp":1.82,"id":40096576}]}]}
{"op":"mcm","clk":"11810172067","pt":1722736828204,"mc":[{"id":"1.231336323","rc":[{"ltp":1.84,"id":40096576}]}]}
{"op":"mcm","clk":"11810174623","pt":1722736877160,"mc":[{"id":"1.231336323","rc":[{"ltp":1.85,"id":40096576},{"ltp":2.18,"id":40096582}]}]}
{"op":"mcm","clk":"11810181569","pt":1722737008761,"mc":[{"id":"1.231336323","rc":[{"ltp":1.84,"id":40096576}]}]}
{"op":"mcm","clk":"11810191972","pt":1722737189677,"mc":[{"id":"1.231336323","rc":[{"ltp":1.83,"id":40096576},{"ltp":2.2,"id":40096582}]}]}
{"op":"mcm","clk":"11810198462","pt":1722737304635,"mc":[{"id":"1.231336323","rc":[{"ltp":1.84,"id":40096576}]}]}
{"op":"mcm","clk":"11810201294","pt":1722737355526,"mc":[{"id":"1.231336323","rc":[{"ltp":1.85,"id":40096576},{"ltp":2.18,"id":40096582}]}]}
{"op":"mcm","clk":"11810413527","pt":1722740698406,"mc":[{"id":"1.231336323","rc":[{"ltp":1.83,"id":40096576}]}]}
{"op":"mcm","clk":"11810425071","pt":1722740898848,"mc":[{"id":"1.231336323","rc":[{"ltp":1.84,"id":40096576}]}]}
{"op":"mcm","clk":"11810441973","pt":1722741203973,"mc":[{"id":"1.231336323","rc":[{"ltp":1.85,"id":40096576}]}]}
{"op":"mcm","clk":"11810513642","pt":1722742527984,"mc":[{"id":"1.231336323","rc":[{"ltp":1.84,"id":40096576}]}]}
{"op":"mcm","clk":"11810552589","pt":1722743121500,"mc":[{"id":"1.231336323","rc":[{"ltp":2.16,"id":40096582}]}]}
{"op":"mcm","clk":"11810572971","pt":1722743533841,"mc":[{"id":"1.231336323","rc":[{"ltp":1.85,"id":40096576}]}]}
{"op":"mcm","clk":"11810588048","pt":1722744013453,"mc":[{"id":"1.231336323","rc":[{"ltp":1.84,"id":40096576}]}]}
{"op":"mcm","clk":"11810609978","pt":1722744608367,"mc":[{"id":"1.231336323","rc":[{"ltp":1.85,"id":40096576}]}]}
{"op":"mcm","clk":"11810657509","pt":1722746309678,"mc":[{"id":"1.231336323","rc":[{"ltp":1.86,"id":40096576}]}]}
{"op":"mcm","clk":"11810685911","pt":1722747510279,"mc":[{"id":"1.231336323","rc":[{"ltp":1.85,"id":40096576}]}]}
{"op":"mcm","clk":"11810700291","pt":1722748282015,"mc":[{"id":"1.231336323","rc":[{"ltp":1.86,"id":40096576}]}]}
{"op":"mcm","clk":"11810745055","pt":1722749991208,"mc":[{"id":"1.231336323","rc":[{"ltp":1.85,"id":40096576}]}]}
{"op":"mcm","clk":"11810828718","pt":1722753384866,"mc":[{"id":"1.231336323","rc":[{"ltp":1.86,"id":40096576}]}]}
{"op":"mcm","clk":"11810849388","pt":1722753989636,"mc":[{"id":"1.231336323","rc":[{"ltp":2.14,"id":40096582}]}]}
{"op":"mcm","clk":"11810865397","pt":1722754635819,"mc":[{"id":"1.231336323","rc":[{"ltp":1.85,"id":40096576}]}]}
{"op":"mcm","clk":"11810886623","pt":1722755198040,"mc":[{"id":"1.231336323","rc":[{"ltp":1.86,"id":40096576}]}]}
{"op":"mcm","clk":"11810890091","pt":1722755290425,"mc":[{"id":"1.231336323","rc":[{"ltp":1.87,"id":40096576}]}]}
{"op":"mcm","clk":"11810928561","pt":1722756415959,"mc":[{"id":"1.231336323","rc":[{"ltp":1.86,"id":40096576}]}]}
{"op":"mcm","clk":"11811014966","pt":1722758458733,"mc":[{"id":"1.231336323","rc":[{"ltp":1.85,"id":40096576}]}]}
{"op":"mcm","clk":"11811024448","pt":1722758691562,"mc":[{"id":"1.231336323","rc":[{"ltp":1.86,"id":40096576},{"ltp":2.16,"id":40096582}]}]}
{"op":"mcm","clk":"11811031269","pt":1722758847236,"mc":[{"id":"1.231336323","rc":[{"ltp":1.85,"id":40096576}]}]}
{"op":"mcm","clk":"11811032283","pt":1722758869973,"mc":[{"id":"1.231336323","rc":[{"ltp":1.86,"id":40096576}]}]}
{"op":"mcm","clk":"11811060950","pt":1722759345772,"mc":[{"id":"1.231336323","rc":[{"ltp":1.85,"id":40096576}]}]}
{"op":"mcm","clk":"11811076136","pt":1722759675691,"mc":[{"id":"1.231336323","rc":[{"ltp":1.86,"id":40096576}]}]}
{"op":"mcm","clk":"11811113624","pt":1722760459619,"mc":[{"id":"1.231336323","rc":[{"ltp":1.85,"id":40096576}]}]}
{"op":"mcm","clk":"11811116021","pt":1722760500996,"mc":[{"id":"1.231336323","rc":[{"ltp":1.86,"id":40096576}]}]}
{"op":"mcm","clk":"11811155966","pt":1722761236878,"mc":[{"id":"1.231336323","rc":[{"ltp":1.85,"id":40096576}]}]}
{"op":"mcm","clk":"11811159537","pt":1722761301920,"mc":[{"id":"1.231336323","rc":[{"ltp":1.86,"id":40096576}]}]}
{"op":"mcm","clk":"11811169826","pt":1722761486761,"mc":[{"id":"1.231336323","rc":[{"ltp":1.85,"id":40096576}]}]}
{"op":"mcm","clk":"11811178338","pt":1722761659464,"mc":[{"id":"1.231336323","rc":[{"ltp":1.86,"id":40096576}]}]}
{"op":"mcm","clk":"11811184367","pt":1722761781798,"mc":[{"id":"1.231336323","rc":[{"ltp":1.85,"id":40096576}]}]}
{"op":"mcm","clk":"11811186094","pt":1722761813944,"mc":[{"id":"1.231336323","rc":[{"ltp":1.86,"id":40096576}]}]}
{"op":"mcm","clk":"11811214823","pt":1722762387444,"mc":[{"id":"1.231336323","rc":[{"ltp":1.85,"id":40096576}]}]}
{"op":"mcm","clk":"11811228352","pt":1722762623919,"mc":[{"id":"1.231336323","rc":[{"ltp":1.86,"id":40096576}]}]}
{"op":"mcm","clk":"11811241932","pt":1722762875502,"mc":[{"id":"1.231336323","rc":[{"ltp":1.85,"id":40096576}]}]}
{"op":"mcm","clk":"11811254463","pt":1722763164591,"mc":[{"id":"1.231336323","rc":[{"ltp":1.86,"id":40096576}]}]}
{"op":"mcm","clk":"11811256862","pt":1722763217344,"mc":[{"id":"1.231336323","rc":[{"ltp":1.85,"id":40096576}]}]}
{"op":"mcm","clk":"11811259938","pt":1722763277782,"mc":[{"id":"1.231336323","rc":[{"ltp":1.86,"id":40096576}]}]}
{"op":"mcm","clk":"11811264824","pt":1722763382309,"mc":[{"id":"1.231336323","rc":[{"ltp":1.85,"id":40096576}]}]}
{"op":"mcm","clk":"11811268975","pt":1722763469629,"mc":[{"id":"1.231336323","rc":[{"ltp":1.86,"id":40096576}]}]}
{"op":"mcm","clk":"11811272989","pt":1722763547990,"mc":[{"id":"1.231336323","rc":[{"ltp":1.85,"id":40096576}]}]}
{"op":"mcm","clk":"11811275997","pt":1722763602582,"mc":[{"id":"1.231336323","rc":[{"ltp":1.86,"id":40096576}]}]}
{"op":"mcm","clk":"11811280474","pt":1722763680261,"mc":[{"id":"1.231336323","rc":[{"ltp":1.85,"id":40096576}]}]}
{"op":"mcm","clk":"11811290734","pt":1722763849643,"mc":[{"id":"1.231336323","rc":[{"ltp":1.86,"id":40096576}]}]}
{"op":"mcm","clk":"11811297416","pt":1722763949049,"mc":[{"id":"1.231336323","rc":[{"ltp":1.93,"id":40096576},{"ltp":2.06,"id":40096582}]}]}
{"op":"mcm","clk":"11811301394","pt":1722764008248,"mc":[{"id":"1.231336323","rc":[{"ltp":1.97,"id":40096576},{"ltp":2.04,"id":40096582}]}]}
{"op":"mcm","clk":"11811305288","pt":1722764069317,"mc":[{"id":"1.231336323","rc":[{"ltp":2.0,"id":40096576},{"ltp":2.0,"id":40096582}]}]}
{"op":"mcm","clk":"11811309356","pt":1722764129560,"mc":[{"id":"1.231336323","rc":[{"ltp":2.14,"id":40096576},{"ltp":1.87,"id":40096582}]}]}
{"op":"mcm","clk":"11811317291","pt":1722764247703,"mc":[{"id":"1.231336323","rc":[{"ltp":2.16,"id":40096576},{"ltp":1.85,"id":40096582}]}]}
{"op":"mcm","clk":"11811321044","pt":1722764309635,"mc":[{"id":"1.231336323","rc":[{"ltp":2.24,"id":40096576},{"ltp":1.8,"id":40096582}]}]}
{"op":"mcm","clk":"11811324920","pt":1722764370103,"mc":[{"id":"1.231336323","rc":[{"ltp":2.22,"id":40096576},{"ltp":1.82,"id":40096582}]}]}
{"op":"mcm","clk":"11811328658","pt":1722764428665,"mc":[{"id":"1.231336323","rc":[{"ltp":1.81,"id":40096582}]}]}
{"op":"mcm","clk":"11811336300","pt":1722764548226,"mc":[{"id":"1.231336323","rc":[{"ltp":2.2,"id":40096576},{"ltp":1.82,"id":40096582}]}]}
{"op":"mcm","clk":"11811347303","pt":1722764609177,"mc":[{"id":"1.231336323","rc":[{"ltp":2.16,"id":40096576},{"ltp":1.84,"id":40096582}]}]}
{"op":"mcm","clk":"11811350892","pt":1722764670227,"mc":[{"id":"1.231336323","rc":[{"ltp":2.22,"id":40096576},{"ltp":1.83,"id":40096582}]}]}
{"op":"mcm","clk":"11811353846","pt":1722764729704,"mc":[{"id":"1.231336323","rc":[{"ltp":2.2,"id":40096576}]}]}
{"op":"mcm","clk":"11811357267","pt":1722764789782,"mc":[{"id":"1.231336323","rc":[{"ltp":2.18,"id":40096576},{"ltp":1.85,"id":40096582}]}]}
{"op":"mcm","clk":"11811360839","pt":1722764850151,"mc":[{"id":"1.231336323","rc":[{"ltp":2.12,"id":40096576},{"ltp":1.88,"id":40096582}]}]}
{"op":"mcm","clk":"11811364666","pt":1722764910236,"mc":[{"id":"1.231336323","rc":[{"ltp":2.16,"id":40096576},{"ltp":1.86,"id":40096582}]}]}
{"op":"mcm","clk":"11811368400","pt":1722764969919,"mc":[{"id":"1.231336323","rc":[{"ltp":1.85,"id":40096582}]}]}
{"op":"mcm","clk":"11811371864","pt":1722765030054,"mc":[{"id":"1.231336323","rc":[{"ltp":1.86,"id":40096582}]}]}
{"op":"mcm","clk":"11811375251","pt":1722765090225,"mc":[{"id":"1.231336323","rc":[{"ltp":2.14,"id":40096576},{"ltp":1.87,"id":40096582}]}]}
{"op":"mcm","clk":"11811378781","pt":1722765150222,"mc":[{"id":"1.231336323","rc":[{"ltp":2.18,"id":40096576},{"ltp":1.86,"id":40096582}]}]}
{"op":"mcm","clk":"11811382545","pt":1722765210075,"mc":[{"id":"1.231336323","rc":[{"ltp":2.12,"id":40096576},{"ltp":1.88,"id":40096582}]}]}
{"op":"mcm","clk":"11811390275","pt":1722765329530,"mc":[{"id":"1.231336323","rc":[{"ltp":2.16,"id":40096576},{"ltp":1.86,"id":40096582}]}]}
{"op":"mcm","clk":"11811394453","pt":1722765389698,"mc":[{"id":"1.231336323","rc":[{"ltp":2.12,"id":40096576},{"ltp":1.88,"id":40096582}]}]}
{"op":"mcm","clk":"11811398429","pt":1722765450033,"mc":[{"id":"1.231336323","rc":[{"ltp":2.14,"id":40096576},{"ltp":1.86,"id":40096582}]}]}
{"op":"mcm","clk":"11811402418","pt":1722765509677,"mc":[{"id":"1.231336323","rc":[{"ltp":1.88,"id":40096582}]}]}
{"op":"mcm","clk":"11811410828","pt":1722765630040,"mc":[{"id":"1.231336323","marketDefinition":{"bspMarket":false,"turnInPlayEnabled":true,"persistenceEnabled":true,"marketBaseRate":5.0,"eventId":"33462068","eventTypeId":"4","numberOfWinners":1,"bettingType":"ODDS","marketType":"MATCH_ODDS","marketTime":"2024-08-04T10:00:00.000Z","suspendTime":"2024-08-04T10:00:00.000Z","bspReconciled":false,"complete":true,"inPlay":true,"crossMatching":true,"runnersVoidable":false,"numberOfActiveRunners":2,"betDelay":5,"status":"OPEN","runners":[{"status":"ACTIVE","sortPriority":1,"id":40096576,"name":"London Spirit Women"},{"status":"ACTIVE","sortPriority":2,"id":40096582,"name":"Oval Invincibles Women"}],"regulators":["MR_INT"],"countryCode":"GB","discountAllowed":true,"timezone":"GMT","openDate":"2024-08-04T10:00:00.000Z","version":6056085255,"name":"Match Odds","eventName":"London Spirit Women v Oval Invincibles Women"},"rc":[{"ltp":2.12,"id":40096576}]}]}
{"op":"mcm","clk":"11811415699","pt":1722765690200,"mc":[{"id":"1.231336323","rc":[{"ltp":2.14,"id":40096576},{"ltp":1.87,"id":40096582}]}]}
{"op":"mcm","clk":"11811420438","pt":1722765750172,"mc":[{"id":"1.231336323","rc":[{"ltp":2.04,"id":40096576},{"ltp":1.96,"id":40096582}]}]}
{"op":"mcm","clk":"11811425046","pt":1722765810174,"mc":[{"id":"1.231336323","rc":[{"ltp":2.56,"id":40096576},{"ltp":1.64,"id":40096582}]}]}
{"op":"mcm","clk":"11811430065","pt":1722765870214,"mc":[{"id":"1.231336323","rc":[{"ltp":1.63,"id":40096582}]}]}
{"op":"mcm","clk":"11811435167","pt":1722765930205,"mc":[{"id":"1.231336323","rc":[{"ltp":2.62,"id":40096576},{"ltp":1.61,"id":40096582}]}]}
{"op":"mcm","clk":"11811440543","pt":1722765990180,"mc":[{"id":"1.231336323","rc":[{"ltp":2.6,"id":40096576},{"ltp":1.62,"id":40096582}]}]}
{"op":"mcm","clk":"11811445587","pt":1722766050134,"mc":[{"id":"1.231336323","rc":[{"ltp":2.56,"id":40096576},{"ltp":1.64,"id":40096582}]}]}
{"op":"mcm","clk":"11811450930","pt":1722766110146,"mc":[{"id":"1.231336323","rc":[{"ltp":2.48,"id":40096576},{"ltp":1.67,"id":40096582}]}]}
{"op":"mcm","clk":"11811456047","pt":1722766170184,"mc":[{"id":"1.231336323","rc":[{"ltp":2.44,"id":40096576},{"ltp":1.69,"id":40096582}]}]}
{"op":"mcm","clk":"11811460796","pt":1722766230239,"mc":[{"id":"1.231336323","rc":[{"ltp":2.5,"id":40096576},{"ltp":1.67,"id":40096582}]}]}
{"op":"mcm","clk":"11811465949","pt":1722766290156,"mc":[{"id":"1.231336323","rc":[{"ltp":2.58,"id":40096576},{"ltp":1.62,"id":40096582}]}]}
{"op":"mcm","clk":"11811470774","pt":1722766349962,"mc":[{"id":"1.231336323","rc":[{"ltp":2.46,"id":40096576},{"ltp":1.69,"id":40096582}]}]}
{"op":"mcm","clk":"11811476101","pt":1722766410168,"mc":[{"id":"1.231336323","rc":[{"ltp":2.26,"id":40096576},{"ltp":1.78,"id":40096582}]}]}
{"op":"mcm","clk":"11811480648","pt":1722766470111,"mc":[{"id":"1.231336323","rc":[{"ltp":2.1,"id":40096576},{"ltp":1.89,"id":40096582}]}]}
{"op":"mcm","clk":"11811485761","pt":1722766530217,"mc":[{"id":"1.231336323","rc":[{"ltp":1.91,"id":40096582}]}]}
{"op":"mcm","clk":"11811490232","pt":1722766590170,"mc":[{"id":"1.231336323","rc":[{"ltp":2.06,"id":40096576},{"ltp":1.94,"id":40096582}]}]}
{"op":"mcm","clk":"11811494278","pt":1722766650149,"mc":[{"id":"1.231336323","rc":[{"ltp":2.4,"id":40096576},{"ltp":1.7,"id":40096582}]}]}
{"op":"mcm","clk":"11811499026","pt":1722766710124,"mc":[{"id":"1.231336323","rc":[{"ltp":2.44,"id":40096576},{"ltp":1.68,"id":40096582}]}]}
{"op":"mcm","clk":"11811503434","pt":1722766770095,"mc":[{"id":"1.231336323","rc":[{"ltp":2.38,"id":40096576},{"ltp":1.72,"id":40096582}]}]}
{"op":"mcm","clk":"11811507352","pt":1722766830097,"mc":[{"id":"1.231336323","rc":[{"ltp":3.1,"id":40096576},{"ltp":1.48,"id":40096582}]}]}
{"op":"mcm","clk":"11811512048","pt":1722766890164,"mc":[{"id":"1.231336323","rc":[{"ltp":3.0,"id":40096576},{"ltp":1.5,"id":40096582}]}]}
{"op":"mcm","clk":"11811516832","pt":1722766950205,"mc":[{"id":"1.231336323","rc":[{"ltp":3.05,"id":40096576},{"ltp":1.48,"id":40096582}]}]}
{"op":"mcm","clk":"11811521633","pt":1722767010171,"mc":[{"id":"1.231336323","rc":[{"ltp":2.92,"id":40096576},{"ltp":1.51,"id":40096582}]}]}
{"op":"mcm","clk":"11811526352","pt":1722767070158,"mc":[{"id":"1.231336323","rc":[{"ltp":3.15,"id":40096576},{"ltp":1.46,"id":40096582}]}]}
{"op":"mcm","clk":"11811531309","pt":1722767130069,"mc":[{"id":"1.231336323","rc":[{"ltp":3.1,"id":40096576},{"ltp":1.47,"id":40096582}]}]}
{"op":"mcm","clk":"11811536240","pt":1722767190152,"mc":[{"id":"1.231336323","rc":[{"ltp":3.2,"id":40096576},{"ltp":1.45,"id":40096582}]}]}
{"op":"mcm","clk":"11811541376","pt":1722767250189,"mc":[{"id":"1.231336323","rc":[{"ltp":4.7,"id":40096576},{"ltp":1.27,"id":40096582}]}]}
{"op":"mcm","clk":"11811546260","pt":1722767310184,"mc":[{"id":"1.231336323","rc":[{"ltp":4.4,"id":40096576},{"ltp":1.29,"id":40096582}]}]}
{"op":"mcm","clk":"11811551443","pt":1722767370233,"mc":[{"id":"1.231336323","rc":[{"ltp":4.7,"id":40096576},{"ltp":1.27,"id":40096582}]}]}
{"op":"mcm","clk":"11811556611","pt":1722767430207,"mc":[{"id":"1.231336323","rc":[{"ltp":4.8,"id":40096576}]}]}
{"op":"mcm","clk":"11811562296","pt":1722767490188,"mc":[{"id":"1.231336323","rc":[{"ltp":4.4,"id":40096576},{"ltp":1.3,"id":40096582}]}]}
{"op":"mcm","clk":"11811568285","pt":1722767550228,"mc":[{"id":"1.231336323","rc":[{"ltp":4.1,"id":40096576},{"ltp":1.34,"id":40096582}]}]}
{"op":"mcm","clk":"11811573895","pt":1722767610181,"mc":[{"id":"1.231336323","rc":[{"ltp":4.0,"id":40096576}]}]}
{"op":"mcm","clk":"11811579567","pt":1722767670182,"mc":[{"id":"1.231336323","rc":[{"ltp":3.75,"id":40096576},{"ltp":1.36,"id":40096582}]}]}
{"op":"mcm","clk":"11811588377","pt":1722767790106,"mc":[{"id":"1.231336323","rc":[{"ltp":1.35,"id":40096582}]}]}
{"op":"mcm","clk":"11811593188","pt":1722767850196,"mc":[{"id":"1.231336323","rc":[{"ltp":3.85,"id":40096576}]}]}
{"op":"mcm","clk":"11811597775","pt":1722767910164,"mc":[{"id":"1.231336323","rc":[{"ltp":6.2,"id":40096576},{"ltp":1.19,"id":40096582}]}]}
{"op":"mcm","clk":"11811602490","pt":1722767970208,"mc":[{"id":"1.231336323","rc":[{"ltp":6.0,"id":40096576},{"ltp":1.2,"id":40096582}]}]}
{"op":"mcm","clk":"11811607399","pt":1722768030222,"mc":[{"id":"1.231336323","rc":[{"ltp":5.4,"id":40096576},{"ltp":1.23,"id":40096582}]}]}
{"op":"mcm","clk":"11811612277","pt":1722768090153,"mc":[{"id":"1.231336323","rc":[{"ltp":5.5,"id":40096576}]}]}
{"op":"mcm","clk":"11811617337","pt":1722768150229,"mc":[{"id":"1.231336323","rc":[{"ltp":5.7,"id":40096576},{"ltp":1.21,"id":40096582}]}]}
{"op":"mcm","clk":"11811622375","pt":1722768210226,"mc":[{"id":"1.231336323","rc":[{"ltp":6.0,"id":40096576},{"ltp":1.2,"id":40096582}]}]}
{"op":"mcm","clk":"11811632908","pt":1722768330157,"mc":[{"id":"1.231336323","rc":[{"ltp":4.8,"id":40096576},{"ltp":1.25,"id":40096582}]}]}
{"op":"mcm","clk":"11811637617","pt":1722768390063,"mc":[{"id":"1.231336323","rc":[{"ltp":5.0,"id":40096576},{"ltp":1.26,"id":40096582}]}]}
{"op":"mcm","clk":"11811642392","pt":1722768450119,"mc":[{"id":"1.231336323","rc":[{"ltp":4.8,"id":40096576}]}]}
{"op":"mcm","clk":"11811647146","pt":1722768510180,"mc":[{"id":"1.231336323","rc":[{"ltp":4.6,"id":40096576},{"ltp":1.28,"id":40096582}]}]}
{"op":"mcm","clk":"11811651807","pt":1722768570186,"mc":[{"id":"1.231336323","rc":[{"ltp":4.2,"id":40096576},{"ltp":1.31,"id":40096582}]}]}
{"op":"mcm","clk":"11811656680","pt":1722768630147,"mc":[{"id":"1.231336323","rc":[{"ltp":4.1,"id":40096576},{"ltp":1.33,"id":40096582}]}]}
{"op":"mcm","clk":"11811661458","pt":1722768690222,"mc":[{"id":"1.231336323","rc":[{"ltp":3.55,"id":40096576},{"ltp":1.4,"id":40096582}]}]}
{"op":"mcm","clk":"11811666569","pt":1722768750173,"mc":[{"id":"1.231336323","rc":[{"ltp":3.75,"id":40096576},{"ltp":1.36,"id":40096582}]}]}
{"op":"mcm","clk":"11811670555","pt":1722768810105,"mc":[{"id":"1.231336323","rc":[{"ltp":3.85,"id":40096576},{"ltp":1.35,"id":40096582}]}]}
{"op":"mcm","clk":"11811674640","pt":1722768870222,"mc":[{"id":"1.231336323","rc":[{"ltp":1.34,"id":40096582}]}]}
{"op":"mcm","clk":"11811678953","pt":1722768930229,"mc":[{"id":"1.231336323","rc":[{"ltp":5.1,"id":40096576},{"ltp":1.26,"id":40096582}]}]}
{"op":"mcm","clk":"11811683446","pt":1722768990238,"mc":[{"id":"1.231336323","rc":[{"ltp":4.3,"id":40096576},{"ltp":1.31,"id":40096582}]}]}
{"op":"mcm","clk":"11811687856","pt":1722769050206,"mc":[{"id":"1.231336323","rc":[{"ltp":6.0,"id":40096576},{"ltp":1.2,"id":40096582}]}]}
{"op":"mcm","clk":"11811692418","pt":1722769110188,"mc":[{"id":"1.231336323","rc":[{"ltp":5.8,"id":40096576},{"ltp":1.21,"id":40096582}]}]}
{"op":"mcm","clk":"11811697356","pt":1722769170189,"mc":[{"id":"1.231336323","rc":[{"ltp":5.3,"id":40096576},{"ltp":1.22,"id":40096582}]}]}
{"op":"mcm","clk":"11811702877","pt":1722769230147,"mc":[{"id":"1.231336323","rc":[{"ltp":5.0,"id":40096576},{"ltp":1.24,"id":40096582}]}]}
{"op":"mcm","clk":"11811708997","pt":1722769290085,"mc":[{"id":"1.231336323","rc":[{"ltp":4.7,"id":40096576},{"ltp":1.26,"id":40096582}]}]}
{"op":"mcm","clk":"11811715001","pt":1722769349990,"mc":[{"id":"1.231336323","rc":[{"ltp":4.4,"id":40096576},{"ltp":1.29,"id":40096582}]}]}
{"op":"mcm","clk":"11811721696","pt":1722769410237,"mc":[{"id":"1.231336323","rc":[{"ltp":4.1,"id":40096576},{"ltp":1.32,"id":40096582}]}]}
{"op":"mcm","clk":"11811728345","pt":1722769470100,"mc":[{"id":"1.231336323","rc":[{"ltp":3.7,"id":40096576},{"ltp":1.38,"id":40096582}]}]}
{"op":"mcm","clk":"11811734370","pt":1722769530191,"mc":[{"id":"1.231336323","rc":[{"ltp":3.55,"id":40096576},{"ltp":1.39,"id":40096582}]}]}
{"op":"mcm","clk":"11811740500","pt":1722769590039,"mc":[{"id":"1.231336323","rc":[{"ltp":3.5,"id":40096576}]}]}
{"op":"mcm","clk":"11811746830","pt":1722769650215,"mc":[{"id":"1.231336323","rc":[{"ltp":3.35,"id":40096576},{"ltp":1.42,"id":40096582}]}]}
{"op":"mcm","clk":"11811752826","pt":1722769710046,"mc":[{"id":"1.231336323","rc":[{"ltp":3.45,"id":40096576},{"ltp":1.41,"id":40096582}]}]}
{"op":"mcm","clk":"11811758922","pt":1722769770162,"mc":[{"id":"1.231336323","rc":[{"ltp":3.25,"id":40096576},{"ltp":1.46,"id":40096582}]}]}
{"op":"mcm","clk":"11811764985","pt":1722769830224,"mc":[{"id":"1.231336323","rc":[{"ltp":2.86,"id":40096576},{"ltp":1.55,"id":40096582}]}]}
{"op":"mcm","clk":"11811770474","pt":1722769890229,"mc":[{"id":"1.231336323","rc":[{"ltp":3.0,"id":40096576},{"ltp":1.48,"id":40096582}]}]}
{"op":"mcm","clk":"11811776203","pt":1722769950215,"mc":[{"id":"1.231336323","rc":[{"ltp":3.65,"id":40096576},{"ltp":1.38,"id":40096582}]}]}
{"op":"mcm","clk":"11811791080","pt":1722770010238,"mc":[{"id":"1.231336323","rc":[{"ltp":3.4,"id":40096576},{"ltp":1.4,"id":40096582}]}]}
{"op":"mcm","clk":"11811796486","pt":1722770070228,"mc":[{"id":"1.231336323","rc":[{"ltp":3.6,"id":40096576},{"ltp":1.38,"id":40096582}]}]}
{"op":"mcm","clk":"11811802606","pt":1722770130223,"mc":[{"id":"1.231336323","rc":[{"ltp":3.85,"id":40096576},{"ltp":1.34,"id":40096582}]}]}
{"op":"mcm","clk":"11811808837","pt":1722770190227,"mc":[{"id":"1.231336323","rc":[{"ltp":4.3,"id":40096576},{"ltp":1.3,"id":40096582}]}]}
{"op":"mcm","clk":"11811814791","pt":1722770250104,"mc":[{"id":"1.231336323","rc":[{"ltp":3.85,"id":40096576},{"ltp":1.34,"id":40096582}]}]}
{"op":"mcm","clk":"11811820977","pt":1722770310203,"mc":[{"id":"1.231336323","rc":[{"ltp":1.35,"id":40096582}]}]}
{"op":"mcm","clk":"11811826812","pt":1722770370229,"mc":[{"id":"1.231336323","rc":[{"ltp":3.9,"id":40096576},{"ltp":1.34,"id":40096582}]}]}
{"op":"mcm","clk":"11811843845","pt":1722770550141,"mc":[{"id":"1.231336323","rc":[{"ltp":3.7,"id":40096576},{"ltp":1.37,"id":40096582}]}]}
{"op":"mcm","clk":"11811849295","pt":1722770610126,"mc":[{"id":"1.231336323","rc":[{"ltp":3.75,"id":40096576},{"ltp":1.36,"id":40096582}]}]}
{"op":"mcm","clk":"11811854740","pt":1722770670209,"mc":[{"id":"1.231336323","rc":[{"ltp":3.8,"id":40096576},{"ltp":1.35,"id":40096582}]}]}
{"op":"mcm","clk":"11811860370","pt":1722770729858,"mc":[{"id":"1.231336323","rc":[{"ltp":1.36,"id":40096582}]}]}
{"op":"mcm","clk":"11811865904","pt":1722770789502,"mc":[{"id":"1.231336323","rc":[{"ltp":3.75,"id":40096576}]}]}
{"op":"mcm","clk":"11811871485","pt":1722770850115,"mc":[{"id":"1.231336323","rc":[{"ltp":1.37,"id":40096582}]}]}
{"op":"mcm","clk":"11811876404","pt":1722770908738,"mc":[{"id":"1.231336323","rc":[{"ltp":3.7,"id":40096576}]}]}
{"op":"mcm","clk":"11811881839","pt":1722770970212,"mc":[{"id":"1.231336323","rc":[{"ltp":3.65,"id":40096576},{"ltp":1.38,"id":40096582}]}]}
{"op":"mcm","clk":"11811887890","pt":1722771030200,"mc":[{"id":"1.231336323","rc":[{"ltp":3.8,"id":40096576},{"ltp":1.37,"id":40096582}]}]}
{"op":"mcm","clk":"11811893976","pt":1722771089860,"mc":[{"id":"1.231336323","rc":[{"ltp":3.85,"id":40096576},{"ltp":1.36,"id":40096582}]}]}
{"op":"mcm","clk":"11811900180","pt":1722771149943,"mc":[{"id":"1.231336323","rc":[{"ltp":1.35,"id":40096582}]}]}
{"op":"mcm","clk":"11811906787","pt":1722771210204,"mc":[{"id":"1.231336323","rc":[{"ltp":3.7,"id":40096576},{"ltp":1.36,"id":40096582}]}]}
{"op":"mcm","clk":"11811912871","pt":1722771270169,"mc":[{"id":"1.231336323","rc":[{"ltp":3.75,"id":40096576},{"ltp":1.37,"id":40096582}]}]}
{"op":"mcm","clk":"11811918908","pt":1722771330158,"mc":[{"id":"1.231336323","rc":[{"ltp":3.6,"id":40096576},{"ltp":1.38,"id":40096582}]}]}
{"op":"mcm","clk":"11811925448","pt":1722771390236,"mc":[{"id":"1.231336323","rc":[{"ltp":3.55,"id":40096576}]}]}
{"op":"mcm","clk":"11811932218","pt":1722771450212,"mc":[{"id":"1.231336323","rc":[{"ltp":1.39,"id":40096582}]}]}
{"op":"mcm","clk":"11811939285","pt":1722771510153,"mc":[{"id":"1.231336323","rc":[{"ltp":1.38,"id":40096582}]}]}
{"op":"mcm","clk":"11811945986","pt":1722771570224,"mc":[{"id":"1.231336323","rc":[{"ltp":4.2,"id":40096576},{"ltp":1.31,"id":40096582}]}]}
{"op":"mcm","clk":"11811952677","pt":1722771630173,"mc":[{"id":"1.231336323","rc":[{"ltp":4.0,"id":40096576},{"ltp":1.33,"id":40096582}]}]}
{"op":"mcm","clk":"11811959396","pt":1722771690231,"mc":[{"id":"1.231336323","rc":[{"ltp":4.1,"id":40096576},{"ltp":1.34,"id":40096582}]}]}
{"op":"mcm","clk":"11811966299","pt":1722771750209,"mc":[{"id":"1.231336323","rc":[{"ltp":2.72,"id":40096576},{"ltp":1.59,"id":40096582}]}]}
{"op":"mcm","clk":"11811972519","pt":1722771810157,"mc":[{"id":"1.231336323","rc":[{"ltp":2.76,"id":40096576},{"ltp":1.57,"id":40096582}]}]}
{"op":"mcm","clk":"11811978582","pt":1722771870212,"mc":[{"id":"1.231336323","rc":[{"ltp":1.56,"id":40096582}]}]}
{"op":"mcm","clk":"11811984794","pt":1722771930179,"mc":[{"id":"1.231336323","rc":[{"ltp":2.54,"id":40096576},{"ltp":1.65,"id":40096582}]}]}
{"op":"mcm","clk":"11811991511","pt":1722771990183,"mc":[{"id":"1.231336323","rc":[{"ltp":2.36,"id":40096576},{"ltp":1.73,"id":40096582}]}]}
{"op":"mcm","clk":"11811998248","pt":1722772050223,"mc":[{"id":"1.231336323","rc":[{"ltp":1.78,"id":40096576},{"ltp":2.28,"id":40096582}]}]}
{"op":"mcm","clk":"11812005058","pt":1722772110194,"mc":[{"id":"1.231336323","rc":[{"ltp":1.89,"id":40096576},{"ltp":2.12,"id":40096582}]}]}
{"op":"mcm","clk":"11812011575","pt":1722772170150,"mc":[{"id":"1.231336323","rc":[{"ltp":2.26,"id":40096576},{"ltp":1.77,"id":40096582}]}]}
{"op":"mcm","clk":"11812017480","pt":1722772230221,"mc":[{"id":"1.231336323","rc":[{"ltp":2.52,"id":40096576},{"ltp":1.66,"id":40096582}]}]}
{"op":"mcm","clk":"11812023542","pt":1722772290061,"mc":[{"id":"1.231336323","rc":[{"ltp":2.68,"id":40096576},{"ltp":1.59,"id":40096582}]}]}
{"op":"mcm","clk":"11812029400","pt":1722772350238,"mc":[{"id":"1.231336323","rc":[{"ltp":2.34,"id":40096576},{"ltp":1.74,"id":40096582}]}]}
{"op":"mcm","clk":"11812035249","pt":1722772410214,"mc":[{"id":"1.231336323","rc":[{"ltp":2.38,"id":40096576},{"ltp":1.73,"id":40096582}]}]}
{"op":"mcm","clk":"11812041228","pt":1722772470236,"mc":[{"id":"1.231336323","rc":[{"ltp":2.8,"id":40096576},{"ltp":1.55,"id":40096582}]}]}
{"op":"mcm","clk":"11812047214","pt":1722772530219,"mc":[{"id":"1.231336323","rc":[{"ltp":2.78,"id":40096576},{"ltp":1.56,"id":40096582}]}]}
{"op":"mcm","clk":"11812052948","pt":1722772590176,"mc":[{"id":"1.231336323","rc":[{"ltp":3.3,"id":40096576},{"ltp":1.43,"id":40096582}]}]}
{"op":"mcm","clk":"11812058656","pt":1722772650201,"mc":[{"id":"1.231336323","rc":[{"ltp":3.05,"id":40096576},{"ltp":1.48,"id":40096582}]}]}
{"op":"mcm","clk":"11812063677","pt":1722772710168,"mc":[{"id":"1.231336323","rc":[{"ltp":3.0,"id":40096576},{"ltp":1.49,"id":40096582}]}]}
{"op":"mcm","clk":"11812069652","pt":1722772770233,"mc":[{"id":"1.231336323","rc":[{"ltp":4.2,"id":40096576},{"ltp":1.31,"id":40096582}]}]}
{"op":"mcm","clk":"11812076305","pt":1722772830146,"mc":[{"id":"1.231336323","rc":[{"ltp":5.7,"id":40096576},{"ltp":1.21,"id":40096582}]}]}
{"op":"mcm","clk":"11812083235","pt":1722772890211,"mc":[{"id":"1.231336323","rc":[{"ltp":5.1,"id":40096576},{"ltp":1.24,"id":40096582}]}]}
{"op":"mcm","clk":"11812089853","pt":1722772950213,"mc":[{"id":"1.231336323","rc":[{"ltp":6.2,"id":40096576},{"ltp":1.19,"id":40096582}]}]}
{"op":"mcm","clk":"11812096466","pt":1722773010192,"mc":[{"id":"1.231336323","rc":[{"ltp":8.0,"id":40096576},{"ltp":1.13,"id":40096582}]}]}
{"op":"mcm","clk":"11812104093","pt":1722773070233,"mc":[{"id":"1.231336323","rc":[{"ltp":15.5,"id":40096576},{"ltp":1.07,"id":40096582}]}]}
{"op":"mcm","clk":"11812112235","pt":1722773130200,"mc":[{"id":"1.231336323","rc":[{"ltp":13.5,"id":40096576},{"ltp":1.08,"id":40096582}]}]}
{"op":"mcm","clk":"11812120575","pt":1722773190152,"mc":[{"id":"1.231336323","rc":[{"ltp":9.2,"id":40096576},{"ltp":1.11,"id":40096582}]}]}
{"op":"mcm","clk":"11812128573","pt":1722773250217,"mc":[{"id":"1.231336323","rc":[{"ltp":9.6,"id":40096576},{"ltp":1.12,"id":40096582}]}]}
{"op":"mcm","clk":"11812136262","pt":1722773310213,"mc":[{"id":"1.231336323","rc":[{"ltp":11.0,"id":40096576},{"ltp":1.1,"id":40096582}]}]}
{"op":"mcm","clk":"11812143695","pt":1722773370192,"mc":[{"id":"1.231336323","rc":[{"ltp":13.5,"id":40096576},{"ltp":1.08,"id":40096582}]}]}
{"op":"mcm","clk":"11812151330","pt":1722773430126,"mc":[{"id":"1.231336323","rc":[{"ltp":15.0,"id":40096576},{"ltp":1.07,"id":40096582}]}]}
{"op":"mcm","clk":"11812159436","pt":1722773490112,"mc":[{"id":"1.231336323","rc":[{"ltp":14.0,"id":40096576},{"ltp":1.08,"id":40096582}]}]}
{"op":"mcm","clk":"11812167033","pt":1722773550194,"mc":[{"id":"1.231336323","rc":[{"ltp":22.0,"id":40096576},{"ltp":1.05,"id":40096582}]}]}
{"op":"mcm","clk":"11812174825","pt":1722773610173,"mc":[{"id":"1.231336323","rc":[{"ltp":8.8,"id":40096576},{"ltp":1.13,"id":40096582}]}]}
{"op":"mcm","clk":"11812183295","pt":1722773670132,"mc":[{"id":"1.231336323","rc":[{"ltp":8.0,"id":40096576}]}]}
{"op":"mcm","clk":"11812190897","pt":1722773730216,"mc":[{"id":"1.231336323","rc":[{"ltp":7.8,"id":40096576},{"ltp":1.15,"id":40096582}]}]}
{"op":"mcm","clk":"11812198780","pt":1722773790090,"mc":[{"id":"1.231336323","rc":[{"ltp":6.4,"id":40096576},{"ltp":1.18,"id":40096582}]}]}
{"op":"mcm","clk":"11812206898","pt":1722773850179,"mc":[{"id":"1.231336323","rc":[{"ltp":3.95,"id":40096576},{"ltp":1.34,"id":40096582}]}]}
{"op":"mcm","clk":"11812214822","pt":1722773910219,"mc":[{"id":"1.231336323","rc":[{"ltp":4.3,"id":40096576},{"ltp":1.3,"id":40096582}]}]}
{"op":"mcm","clk":"11812222338","pt":1722773970224,"mc":[{"id":"1.231336323","rc":[{"ltp":2.64,"id":40096576},{"ltp":1.61,"id":40096582}]}]}
{"op":"mcm","clk":"11812230079","pt":1722774030192,"mc":[{"id":"1.231336323","rc":[{"ltp":2.96,"id":40096576},{"ltp":1.51,"id":40096582}]}]}
{"op":"mcm","clk":"11812237775","pt":1722774090239,"mc":[{"id":"1.231336323","rc":[{"ltp":3.5,"id":40096576},{"ltp":1.4,"id":40096582}]}]}
{"op":"mcm","clk":"11812245860","pt":1722774150180,"mc":[{"id":"1.231336323","rc":[{"ltp":4.8,"id":40096576},{"ltp":1.28,"id":40096582}]}]}
{"op":"mcm","clk":"11812253637","pt":1722774210170,"mc":[{"id":"1.231336323","rc":[{"ltp":3.75,"id":40096576},{"ltp":1.38,"id":40096582}]}]}
{"op":"mcm","clk":"11812261526","pt":1722774270222,"mc":[{"id":"1.231336323","rc":[{"ltp":6.4,"id":40096576},{"ltp":1.18,"id":40096582}]}]}
{"op":"mcm","clk":"11812269533","pt":1722774330203,"mc":[{"id":"1.231336323","rc":[{"ltp":7.2,"id":40096576},{"ltp":1.16,"id":40096582}]}]}
{"op":"mcm","clk":"11812277260","pt":1722774390168,"mc":[{"id":"1.231336323","rc":[{"ltp":8.0,"id":40096576},{"ltp":1.14,"id":40096582}]}]}
{"op":"mcm","clk":"11812284748","pt":1722774450205,"mc":[{"id":"1.231336323","rc":[{"ltp":7.2,"id":40096576},{"ltp":1.16,"id":40096582}]}]}
{"op":"mcm","clk":"11812292311","pt":1722774510166,"mc":[{"id":"1.231336323","rc":[{"ltp":15.0,"id":40096576},{"ltp":1.07,"id":40096582}]}]}
{"op":"mcm","clk":"11812300045","pt":1722774570244,"mc":[{"id":"1.231336323","rc":[{"ltp":17.5,"id":40096576},{"ltp":1.06,"id":40096582}]}]}
{"op":"mcm","clk":"11812308215","pt":1722774630188,"mc":[{"id":"1.231336323","rc":[{"ltp":12.5,"id":40096576},{"ltp":1.09,"id":40096582}]}]}
{"op":"mcm","clk":"11812315644","pt":1722774690198,"mc":[{"id":"1.231336323","rc":[{"ltp":15.0,"id":40096576},{"ltp":1.07,"id":40096582}]}]}
{"op":"mcm","clk":"11812323482","pt":1722774750171,"mc":[{"id":"1.231336323","rc":[{"ltp":13.5,"id":40096576},{"ltp":1.08,"id":40096582}]}]}
{"op":"mcm","clk":"11812332566","pt":1722774810234,"mc":[{"id":"1.231336323","rc":[{"ltp":34.0,"id":40096576},{"ltp":1.03,"id":40096582}]}]}
{"op":"mcm","clk":"11812340919","pt":1722774870194,"mc":[{"id":"1.231336323","rc":[{"ltp":55.0,"id":40096576},{"ltp":1.02,"id":40096582}]}]}
{"op":"mcm","clk":"11812348839","pt":1722774929944,"mc":[{"id":"1.231336323","rc":[{"ltp":140.0,"id":40096576},{"ltp":1.01,"id":40096582}]}]}
{"op":"mcm","clk":"11812356804","pt":1722774990201,"mc":[{"id":"1.231336323","rc":[{"ltp":21.0,"id":40096576},{"ltp":1.05,"id":40096582}]}]}
{"op":"mcm","clk":"11812365058","pt":1722775050185,"mc":[{"id":"1.231336323","rc":[{"ltp":11.0,"id":40096576},{"ltp":1.09,"id":40096582}]}]}
{"op":"mcm","clk":"11812373150","pt":1722775110232,"mc":[{"id":"1.231336323","rc":[{"ltp":10.0,"id":40096576},{"ltp":1.11,"id":40096582}]}]}
{"op":"mcm","clk":"11812381485","pt":1722775170232,"mc":[{"id":"1.231336323","rc":[{"ltp":5.3,"id":40096576},{"ltp":1.23,"id":40096582}]}]}
{"op":"mcm","clk":"11812389897","pt":1722775230196,"mc":[{"id":"1.231336323","rc":[{"ltp":7.6,"id":40096576},{"ltp":1.15,"id":40096582}]}]}
{"op":"mcm","clk":"11812398050","pt":1722775290200,"mc":[{"id":"1.231336323","rc":[{"ltp":2.82,"id":40096576},{"ltp":1.55,"id":40096582}]}]}
{"op":"mcm","clk":"11812406515","pt":1722775350107,"mc":[{"id":"1.231336323","rc":[{"ltp":2.5,"id":40096576},{"ltp":1.66,"id":40096582}]}]}
{"op":"mcm","clk":"11812423271","pt":1722775409979,"mc":[{"id":"1.231336323","rc":[{"ltp":3.0,"id":40096576},{"ltp":1.49,"id":40096582}]}]}
{"op":"mcm","clk":"11812430868","pt":1722775468937,"mc":[{"id":"1.231336323","marketDefinition":{"bspMarket":false,"turnInPlayEnabled":true,"persistenceEnabled":true,"marketBaseRate":5.0,"eventId":"33462068","eventTypeId":"4","numberOfWinners":1,"bettingType":"ODDS","marketType":"MATCH_ODDS","marketTime":"2024-08-04T10:00:00.000Z","suspendTime":"2024-08-04T10:00:00.000Z","bspReconciled":false,"complete":true,"inPlay":true,"crossMatching":true,"runnersVoidable":false,"numberOfActiveRunners":2,"betDelay":5,"status":"SUSPENDED","runners":[{"status":"ACTIVE","sortPriority":1,"id":40096576,"name":"London Spirit Women"},{"status":"ACTIVE","sortPriority":2,"id":40096582,"name":"Oval Invincibles Women"}],"regulators":["MR_INT"],"countryCode":"GB","discountAllowed":true,"timezone":"GMT","openDate":"2024-08-04T10:00:00.000Z","version":6056428569,"name":"Match Odds","eventName":"London Spirit Women v Oval Invincibles Women"},"rc":[{"ltp":3.5,"id":40096576},{"ltp":1.4,"id":40096582}]}]}
{"op":"mcm","clk":"11812456324","pt":1722775673001,"mc":[{"id":"1.231336323","marketDefinition":{"bspMarket":false,"turnInPlayEnabled":true,"persistenceEnabled":true,"marketBaseRate":5.0,"eventId":"33462068","eventTypeId":"4","numberOfWinners":1,"bettingType":"ODDS","marketType":"MATCH_ODDS","marketTime":"2024-08-04T10:00:00.000Z","suspendTime":"2024-08-04T10:00:00.000Z","bspReconciled":false,"complete":true,"inPlay":true,"crossMatching":false,"runnersVoidable":false,"numberOfActiveRunners":0,"betDelay":5,"status":"CLOSED","settledTime":"2024-08-04T12:46:37.000Z","runners":[{"status":"REMOVED","sortPriority":1,"removalDate":"2024-08-04T12:46:37.000Z","id":40096576,"name":"London Spirit Women"},{"status":"REMOVED","sortPriority":2,"removalDate":"2024-08-04T12:46:37.000Z","id":40096582,"name":"Oval Invincibles Women"}],"regulators":["MR_INT"],"countryCode":"GB","discountAllowed":true,"timezone":"GMT","openDate":"2024-08-04T10:00:00.000Z","version":6056435633,"name":"Match Odds","eventName":"London Spirit Women v Oval Invincibles Women"}}]}
