{"op":"mcm","clk":"11882181928","pt":1724157624196,"mc":[{"id":"1.232050243","marketDefinition":{"bspMarket":false,"turnInPlayEnabled":true,"persistenceEnabled":true,"marketBaseRate":5.0,"eventId":"33511212","eventTypeId":"4","numberOfWinners":1,"bettingType":"ODDS","marketType":"MATCH_ODDS","marketTime":"2024-08-21T19:00:00.000Z","suspendTime":"2024-08-21T19:00:00.000Z","bspReconciled":false,"complete":true,"inPlay":false,"crossMatching":true,"runnersVoidable":false,"numberOfActiveRunners":2,"betDelay":0,"status":"OPEN","runners":[{"status":"ACTIVE","sortPriority":1,"id":72857117,"name":"Caribbean Giants"},{"status":"ACTIVE","sortPriority":2,"id":72857116,"name":"Grand Cayman Stingrays"}],"regulators":["MR_INT"],"countryCode":"GB","discountAllowed":true,"timezone":"GMT","openDate":"2024-08-21T19:00:00.000Z","version":6087507540,"name":"Match Odds","eventName":"Caribbean Giants v Grand Cayman Stingrays"}}]}
{"op":"mcm","clk":"11888191881","pt":1724234834151,"mc":[{"id":"1.232050243","rc":[{"ltp":1.55,"id":72857116},{"ltp":2.8,"id":72857117}]}]}
{"op":"mcm","clk":"11888201711","pt":1724234954813,"mc":[{"id":"1.232050243","rc":[{"ltp":1.68,"id":72857117}]}]}
{"op":"mcm","clk":"11888206416","pt":1724235017270,"mc":[{"id":"1.232050243","rc":[{"ltp":1.7,"id":72857117}]}]}
{"op":"mcm","clk":"11888210639","pt":1724235078431,"mc":[{"id":"1.232050243","rc":[{"ltp":1.7,"id":72857116},{"ltp":2.2,"id":72857117}]}]}
{"op":"mcm","clk":"11888214846","pt":1724235139401,"mc":[{"id":"1.232050243","rc":[{"ltp":1.8,"id":72857116},{"ltp":2.38,"id":72857117}]}]}
{"op":"mcm","clk":"11888228158","pt":1724235201785,"mc":[{"id":"1.232050243","rc":[{"ltp":1.93,"id":72857116},{"ltp":2.12,"id":72857117}]}]}
{"op":"mcm","clk":"11888231535","pt":1724235249797,"mc":[{"id":"1.232050243","rc":[{"ltp":2.04,"id":72857117}]}]}
{"op":"mcm","clk":"11888236232","pt":1724235311290,"mc":[{"id":"1.232050243","rc":[{"ltp":2.42,"id":72857116},{"ltp":1.7,"id":72857117}]}]}
{"op":"mcm","clk":"11888241379","pt":1724235373090,"mc":[{"id":"1.232050243","rc":[{"ltp":1.67,"id":72857116},{"ltp":2.04,"id":72857117}]}]}
{"op":"mcm","clk":"11888247005","pt":1724235439203,"mc":[{"id":"1.232050243","rc":[{"ltp":1.58,"id":72857117}]}]}
{"op":"mcm","clk":"11888252094","pt":1724235499453,"mc":[{"id":"1.232050243","rc":[{"ltp":1.95,"id":72857116},{"ltp":2.04,"id":72857117}]}]}
{"op":"mcm","clk":"11888256833","pt":1724235558843,"mc":[{"id":"1.232050243","rc":[{"ltp":1.97,"id":72857116}]}]}
{"op":"mcm","clk":"11888257674","pt":1724235569637,"mc":[{"id":"1.232050243","rc":[{"ltp":1.57,"id":72857117}]}]}
{"op":"mcm","clk":"11889334504","pt":1724250201641,"mc":[{"id":"1.232050243","rc":[{"ltp":1.5,"id":72857117}]}]}
{"op":"mcm","clk":"11889340686","pt":1724250310680,"mc":[{"id":"1.232050243","rc":[{"ltp":1.6,"id":72857116}]}]}
{"op":"mcm","clk":"11889366469","pt":1724250739215,"mc":[{"id":"1.232050243","rc":[{"ltp":1.65,"id":72857116}]}]}
{"op":"mcm","clk":"11889726017","pt":1724254680494,"mc":[{"id":"1.232050243","rc":[{"ltp":1.5,"id":72857116}]}]}
{"op":"mcm","clk":"11890110378","pt":1724257581389,"mc":[{"id":"1.232050243","rc":[{"ltp":1.63,"id":72857116},{"ltp":2.6,"id":72857117}]}]}
{"op":"mcm","clk":"11890113761","pt":1724257611067,"mc":[{"id":"1.232050243","rc":[{"ltp":2.5,"id":72857117}]}]}
{"op":"mcm","clk":"11890124629","pt":1724257701414,"mc":[{"id":"1.232050243","rc":[{"ltp":2.8,"id":72857116},{"ltp":1.56,"id":72857117}]}]}
{"op":"mcm","clk":"11890138200","pt":1724257811651,"mc":[{"id":"1.232050243","rc":[{"ltp":2.7,"id":72857116},{"ltp":1.59,"id":72857117}]}]}
{"op":"mcm","clk":"11890147332","pt":1724257881611,"mc":[{"id":"1.232050243","rc":[{"ltp":2.8,"id":72857116},{"ltp":1.56,"id":72857117}]}]}
{"op":"mcm","clk":"11890154079","pt":1724257939391,"mc":[{"id":"1.232050243","rc":[{"ltp":2.5,"id":72857116},{"ltp":1.67,"id":72857117}]}]}
{"op":"mcm","clk":"11890161966","pt":1724258001171,"mc":[{"id":"1.232050243","rc":[{"ltp":1.77,"id":72857116},{"ltp":2.3,"id":72857117}]}]}
{"op":"mcm","clk":"11890169030","pt":1724258055548,"mc":[{"id":"1.232050243","rc":[{"ltp":1.53,"id":72857116}]}]}
{"op":"mcm","clk":"11890185710","pt":1724258179031,"mc":[{"id":"1.232050243","rc":[{"ltp":1.7,"id":72857116},{"ltp":2.74,"id":72857117}]}]}
{"op":"mcm","clk":"11890193753","pt":1724258239462,"mc":[{"id":"1.232050243","rc":[{"ltp":1.58,"id":72857116},{"ltp":1.84,"id":72857117}]}]}
{"op":"mcm","clk":"11890297347","pt":1724259017613,"mc":[{"id":"1.232050243","rc":[{"ltp":2.0,"id":72857116},{"ltp":1.87,"id":72857117}]}]}
{"op":"mcm","clk":"11890313829","pt":1724259140707,"mc":[{"id":"1.232050243","rc":[{"ltp":1.91,"id":72857116},{"ltp":2.1,"id":72857117}]}]}
{"op":"mcm","clk":"11890322013","pt":1724259196269,"mc":[{"id":"1.232050243","rc":[{"ltp":1.92,"id":72857116}]}]}
{"op":"mcm","clk":"11890331105","pt":1724259259681,"mc":[{"id":"1.232050243","rc":[{"ltp":1.98,"id":72857116}]}]}
{"op":"mcm","clk":"11890339356","pt":1724259322095,"mc":[{"id":"1.232050243","rc":[{"ltp":1.99,"id":72857116},{"ltp":2.0,"id":72857117}]}]}
{"op":"mcm","clk":"11890374818","pt":1724259621945,"mc":[{"id":"1.232050243","rc":[{"ltp":2.04,"id":72857116},{"ltp":1.99,"id":72857117}]}]}
{"op":"mcm","clk":"11890390033","pt":1724259741594,"mc":[{"id":"1.232050243","rc":[{"ltp":1.99,"id":72857116},{"ltp":2.04,"id":72857117}]}]}
{"op":"mcm","clk":"11890551497","pt":1724261089912,"mc":[{"id":"1.232050243","rc":[{"ltp":1.95,"id":72857117}]}]}
{"op":"mcm","clk":"11890566281","pt":1724261239004,"mc":[{"id":"1.232050243","rc":[{"ltp":2.38,"id":72857116},{"ltp":1.72,"id":72857117}]}]}
{"op":"mcm","clk":"11890588924","pt":1724261463687,"mc":[{"id":"1.232050243","rc":[{"ltp":2.04,"id":72857116},{"ltp":1.95,"id":72857117}]}]}
{"op":"mcm","clk":"11890684191","pt":1724262262164,"mc":[{"id":"1.232050243","rc":[{"ltp":1.58,"id":72857116},{"ltp":2.28,"id":72857117}]}]}
{"op":"mcm","clk":"11890690324","pt":1724262322163,"mc":[{"id":"1.232050243","rc":[{"ltp":2.0,"id":72857116},{"ltp":2.0,"id":72857117}]}]}
{"op":"mcm","clk":"11890707949","pt":1724262502084,"mc":[{"id":"1.232050243","rc":[{"ltp":2.04,"id":72857116},{"ltp":1.97,"id":72857117}]}]}
{"op":"mcm","clk":"11890718101","pt":1724262622020,"mc":[{"id":"1.232050243","rc":[{"ltp":2.2,"id":72857116},{"ltp":1.82,"id":72857117}]}]}
{"op":"mcm","clk":"11890722850","pt":1724262677017,"mc":[{"id":"1.232050243","rc":[{"ltp":1.95,"id":72857116}]}]}
{"op":"mcm","clk":"11890733130","pt":1724262800034,"mc":[{"id":"1.232050243","rc":[{"ltp":2.0,"id":72857116}]}]}
{"op":"mcm","clk":"11890737929","pt":1724262860818,"mc":[{"id":"1.232050243","rc":[{"ltp":2.02,"id":72857117}]}]}
{"op":"mcm","clk":"11890780470","pt":1724263280079,"mc":[{"id":"1.232050243","rc":[{"ltp":2.08,"id":72857116},{"ltp":1.94,"id":72857117}]}]}
{"op":"mcm","clk":"11890784789","pt":1724263317953,"mc":[{"id":"1.232050243","rc":[{"ltp":2.06,"id":72857116},{"ltp":1.92,"id":72857117}]}]}
{"op":"mcm","clk":"11890838481","pt":1724263701066,"mc":[{"id":"1.232050243","rc":[{"ltp":2.08,"id":72857116}]}]}
{"op":"mcm","clk":"11890857440","pt":1724263821323,"mc":[{"id":"1.232050243","rc":[{"ltp":2.14,"id":72857116},{"ltp":1.87,"id":72857117}]}]}
{"op":"mcm","clk":"11890866456","pt":1724263880407,"mc":[{"id":"1.232050243","rc":[{"ltp":2.16,"id":72857116},{"ltp":1.75,"id":72857117}]}]}
{"op":"mcm","clk":"11890875402","pt":1724263939937,"mc":[{"id":"1.232050243","rc":[{"ltp":2.18,"id":72857116},{"ltp":1.86,"id":72857117}]}]}
{"op":"mcm","clk":"11890885248","pt":1724264000535,"mc":[{"id":"1.232050243","rc":[{"ltp":2.16,"id":72857116},{"ltp":1.87,"id":72857117}]}]}
{"op":"mcm","clk":"11890913778","pt":1724264181147,"mc":[{"id":"1.232050243","rc":[{"ltp":2.24,"id":72857116}]}]}
{"op":"mcm","clk":"11890931407","pt":1724264294743,"mc":[{"id":"1.232050243","rc":[{"ltp":2.22,"id":72857116}]}]}
{"op":"mcm","clk":"11890941524","pt":1724264356865,"mc":[{"id":"1.232050243","rc":[{"ltp":2.16,"id":72857116},{"ltp":1.84,"id":72857117}]}]}
{"op":"mcm","clk":"11890951451","pt":1724264419548,"mc":[{"id":"1.232050243","rc":[{"ltp":2.24,"id":72857116},{"ltp":1.83,"id":72857117}]}]}
{"op":"mcm","clk":"11890961894","pt":1724264482009,"mc":[{"id":"1.232050243","rc":[{"ltp":2.2,"id":72857116}]}]}
{"op":"mcm","clk":"11890972151","pt":1724264542171,"mc":[{"id":"1.232050243","rc":[{"ltp":2.24,"id":72857116},{"ltp":1.8,"id":72857117}]}]}
{"op":"mcm","clk":"11890982037","pt":1724264598905,"mc":[{"id":"1.232050243","rc":[{"ltp":2.2,"id":72857116},{"ltp":1.78,"id":72857117}]}]}
{"op":"mcm","clk":"11890992353","pt":1724264661848,"mc":[{"id":"1.232050243","rc":[{"ltp":1.79,"id":72857117}]}]}
{"op":"mcm","clk":"11890996817","pt":1724264689294,"mc":[{"id":"1.232050243","rc":[{"ltp":1.84,"id":72857117}]}]}
{"op":"mcm","clk":"11891011660","pt":1724264781848,"mc":[{"id":"1.232050243","rc":[{"ltp":1.83,"id":72857117}]}]}
{"op":"mcm","clk":"11891019967","pt":1724264840938,"mc":[{"id":"1.232050243","rc":[{"ltp":2.18,"id":72857116},{"ltp":1.84,"id":72857117}]}]}
{"op":"mcm","clk":"11891028648","pt":1724264901609,"mc":[{"id":"1.232050243","rc":[{"ltp":2.08,"id":72857116}]}]}
{"op":"mcm","clk":"11891046718","pt":1724265017728,"mc":[{"id":"1.232050243","rc":[{"ltp":2.04,"id":72857116},{"ltp":1.89,"id":72857117}]}]}
{"op":"mcm","clk":"11891057041","pt":1724265081930,"mc":[{"id":"1.232050243","rc":[{"ltp":2.08,"id":72857116},{"ltp":1.92,"id":72857117}]}]}
{"op":"mcm","clk":"11891066607","pt":1724265141975,"mc":[{"id":"1.232050243","rc":[{"ltp":2.18,"id":72857116},{"ltp":1.77,"id":72857117}]}]}
{"op":"mcm","clk":"11891076138","pt":1724265202111,"mc":[{"id":"1.232050243","rc":[{"ltp":2.32,"id":72857116},{"ltp":1.76,"id":72857117}]}]}
{"op":"mcm","clk":"11891085394","pt":1724265261702,"mc":[{"id":"1.232050243","rc":[{"ltp":1.73,"id":72857117}]}]}
{"op":"mcm","clk":"11891095136","pt":1724265321474,"mc":[{"id":"1.232050243","rc":[{"ltp":2.36,"id":72857116}]}]}
{"op":"mcm","clk":"11891105641","pt":1724265381876,"mc":[{"id":"1.232050243","rc":[{"ltp":2.32,"id":72857116},{"ltp":1.76,"id":72857117}]}]}
{"op":"mcm","clk":"11891116030","pt":1724265441922,"mc":[{"id":"1.232050243","rc":[{"ltp":1.88,"id":72857116},{"ltp":2.14,"id":72857117}]}]}
{"op":"mcm","clk":"11891126242","pt":1724265501691,"mc":[{"id":"1.232050243","rc":[{"ltp":1.92,"id":72857116},{"ltp":2.08,"id":72857117}]}]}
{"op":"mcm","clk":"11891136439","pt":1724265560828,"mc":[{"id":"1.232050243","rc":[{"ltp":1.89,"id":72857116},{"ltp":2.12,"id":72857117}]}]}
{"op":"mcm","clk":"11891147377","pt":1724265621986,"mc":[{"id":"1.232050243","rc":[{"ltp":1.87,"id":72857116},{"ltp":2.14,"id":72857117}]}]}
{"op":"mcm","clk":"11891157354","pt":1724265676442,"mc":[{"id":"1.232050243","rc":[{"ltp":1.85,"id":72857116},{"ltp":2.16,"id":72857117}]}]}
{"op":"mcm","clk":"11891169162","pt":1724265741722,"mc":[{"id":"1.232050243","rc":[{"ltp":1.83,"id":72857116},{"ltp":2.22,"id":72857117}]}]}
{"op":"mcm","clk":"11891180241","pt":1724265801398,"mc":[{"id":"1.232050243","rc":[{"ltp":1.79,"id":72857116},{"ltp":2.24,"id":72857117}]}]}
{"op":"mcm","clk":"11891190848","pt":1724265860241,"mc":[{"id":"1.232050243","rc":[{"ltp":1.8,"id":72857116}]}]}
{"op":"mcm","clk":"11891201344","pt":1724265922016,"mc":[{"id":"1.232050243","rc":[{"ltp":1.86,"id":72857116},{"ltp":2.16,"id":72857117}]}]}
{"op":"mcm","clk":"11891212603","pt":1724265982026,"mc":[{"id":"1.232050243","rc":[{"ltp":1.89,"id":72857116},{"ltp":2.12,"id":72857117}]}]}
{"op":"mcm","clk":"11891222741","pt":1724266040565,"mc":[{"id":"1.232050243","rc":[{"ltp":1.91,"id":72857116},{"ltp":2.08,"id":72857117}]}]}
{"op":"mcm","clk":"11891232851","pt":1724266101919,"mc":[{"id":"1.232050243","rc":[{"ltp":2.02,"id":72857116},{"ltp":2.0,"id":72857117}]}]}
{"op":"mcm","clk":"11891241599","pt":1724266160615,"mc":[{"id":"1.232050243","rc":[{"ltp":2.04,"id":72857116},{"ltp":1.97,"id":72857117}]}]}
{"op":"mcm","clk":"11891250657","pt":1724266221864,"mc":[{"id":"1.232050243","rc":[{"ltp":2.02,"id":72857116},{"ltp":1.93,"id":72857117}]}]}
{"op":"mcm","clk":"11891259014","pt":1724266281688,"mc":[{"id":"1.232050243","rc":[{"ltp":2.08,"id":72857116},{"ltp":1.9,"id":72857117}]}]}
{"op":"mcm","clk":"11891266751","pt":1724266342062,"mc":[{"id":"1.232050243","rc":[{"ltp":2.02,"id":72857116},{"ltp":1.98,"id":72857117}]}]}
{"op":"mcm","clk":"11891281357","pt":1724266462006,"mc":[{"id":"1.232050243","rc":[{"ltp":2.0,"id":72857116},{"ltp":1.99,"id":72857117}]}]}
{"op":"mcm","clk":"11891288292","pt":1724266521542,"mc":[{"id":"1.232050243","rc":[{"ltp":2.06,"id":72857116},{"ltp":1.94,"id":72857117}]}]}
{"op":"mcm","clk":"11891295617","pt":1724266582034,"mc":[{"id":"1.232050243","rc":[{"ltp":2.02,"id":72857116},{"ltp":1.96,"id":72857117}]}]}
{"op":"mcm","clk":"11891302051","pt":1724266638591,"mc":[{"id":"1.232050243","rc":[{"ltp":2.06,"id":72857116},{"ltp":1.94,"id":72857117}]}]}
{"op":"mcm","clk":"11891309941","pt":1724266700169,"mc":[{"id":"1.232050243","rc":[{"ltp":2.16,"id":72857116},{"ltp":1.86,"id":72857117}]}]}
{"op":"mcm","clk":"11891316957","pt":1724266761929,"mc":[{"id":"1.232050243","rc":[{"ltp":2.22,"id":72857116},{"ltp":1.87,"id":72857117}]}]}
{"op":"mcm","clk":"11891324401","pt":1724266821808,"mc":[{"id":"1.232050243","marketDefinition":{"bspMarket":false,"turnInPlayEnabled":true,"persistenceEnabled":true,"marketBaseRate":5.0,"eventId":"33511212","eventTypeId":"4","numberOfWinners":1,"bettingType":"ODDS","marketType":"MATCH_ODDS","marketTime":"2024-08-21T19:00:00.000Z","suspendTime":"2024-08-21T19:00:00.000Z","bspReconciled":false,"complete":true,"inPlay":true,"crossMatching":true,"runnersVoidable":false,"numberOfActiveRunners":2,"betDelay":5,"status":"OPEN","runners":[{"status":"ACTIVE","sortPriority":1,"id":72857117,"name":"Caribbean Giants"},{"status":"ACTIVE","sortPriority":2,"id":72857116,"name":"Grand Cayman Stingrays"}],"regulators":["MR_INT"],"countryCode":"GB","discountAllowed":true,"timezone":"GMT","openDate":"2024-08-21T19:00:00.000Z","version":6089810687,"name":"Match Odds","eventName":"Caribbean Giants v Grand Cayman Stingrays"},"rc":[{"ltp":2.48,"id":72857116},{"ltp":1.67,"id":72857117}]}]}
{"op":"mcm","clk":"11891331166","pt":1724266882173,"mc":[{"id":"1.232050243","rc":[{"ltp":1.66,"id":72857117}]}]}
{"op":"mcm","clk":"11891337288","pt":1724266941272,"mc":[{"id":"1.232050243","rc":[{"ltp":2.58,"id":72857116},{"ltp":1.62,"id":72857117}]}]}
{"op":"mcm","clk":"11891344692","pt":1724267002157,"mc":[{"id":"1.232050243","rc":[{"ltp":2.88,"id":72857116},{"ltp":1.48,"id":72857117}]}]}
{"op":"mcm","clk":"11891352232","pt":1724267062145,"mc":[{"id":"1.232050243","rc":[{"ltp":3.3,"id":72857116},{"ltp":1.45,"id":72857117}]}]}
{"op":"mcm","clk":"11891359780","pt":1724267122035,"mc":[{"id":"1.232050243","rc":[{"ltp":4.5,"id":72857116},{"ltp":1.3,"id":72857117}]}]}
{"op":"mcm","clk":"11891367549","pt":1724267182148,"mc":[{"id":"1.232050243","rc":[{"ltp":5.3,"id":72857116},{"ltp":1.23,"id":72857117}]}]}
{"op":"mcm","clk":"11891375723","pt":1724267242019,"mc":[{"id":"1.232050243","rc":[{"ltp":5.0,"id":72857116},{"ltp":1.25,"id":72857117}]}]}
{"op":"mcm","clk":"11891384815","pt":1724267302169,"mc":[{"id":"1.232050243","rc":[{"ltp":4.6,"id":72857116},{"ltp":1.28,"id":72857117}]}]}
{"op":"mcm","clk":"11891402396","pt":1724267422161,"mc":[{"id":"1.232050243","rc":[{"ltp":4.5,"id":72857116}]}]}
{"op":"mcm","clk":"11891411576","pt":1724267482056,"mc":[{"id":"1.232050243","rc":[{"ltp":1.29,"id":72857117}]}]}
{"op":"mcm","clk":"11891421086","pt":1724267542009,"mc":[{"id":"1.232050243","rc":[{"ltp":4.4,"id":72857116},{"ltp":1.27,"id":72857117}]}]}
{"op":"mcm","clk":"11891440529","pt":1724267601875,"mc":[{"id":"1.232050243","rc":[{"ltp":5.0,"id":72857116},{"ltp":1.25,"id":72857117}]}]}
{"op":"mcm","clk":"11891450819","pt":1724267661890,"mc":[{"id":"1.232050243","rc":[{"ltp":5.3,"id":72857116},{"ltp":1.23,"id":72857117}]}]}
{"op":"mcm","clk":"11891461490","pt":1724267722143,"mc":[{"id":"1.232050243","rc":[{"ltp":4.8,"id":72857116},{"ltp":1.25,"id":72857117}]}]}
{"op":"mcm","clk":"11891471727","pt":1724267781747,"mc":[{"id":"1.232050243","rc":[{"ltp":5.1,"id":72857116},{"ltp":1.24,"id":72857117}]}]}
{"op":"mcm","clk":"11891482244","pt":1724267841990,"mc":[{"id":"1.232050243","rc":[{"ltp":6.0,"id":72857116},{"ltp":1.22,"id":72857117}]}]}
{"op":"mcm","clk":"11891492907","pt":1724267902136,"mc":[{"id":"1.232050243","rc":[{"ltp":1.2,"id":72857117}]}]}
{"op":"mcm","clk":"11891503064","pt":1724267961804,"mc":[{"id":"1.232050243","rc":[{"ltp":6.2,"id":72857116},{"ltp":1.19,"id":72857117}]}]}
{"op":"mcm","clk":"11891513052","pt":1724268022186,"mc":[{"id":"1.232050243","rc":[{"ltp":1.17,"id":72857117}]}]}
{"op":"mcm","clk":"11891523203","pt":1724268081997,"mc":[{"id":"1.232050243","rc":[{"ltp":6.8,"id":72857116}]}]}
{"op":"mcm","clk":"11891533358","pt":1724268142010,"mc":[{"id":"1.232050243","rc":[{"ltp":10.0,"id":72857116},{"ltp":1.11,"id":72857117}]}]}
{"op":"mcm","clk":"11891544347","pt":1724268202064,"mc":[{"id":"1.232050243","rc":[{"ltp":11.0,"id":72857116},{"ltp":1.1,"id":72857117}]}]}
{"op":"mcm","clk":"11891554186","pt":1724268262135,"mc":[{"id":"1.232050243","rc":[{"ltp":15.0,"id":72857116},{"ltp":1.07,"id":72857117}]}]}
{"op":"mcm","clk":"11891573842","pt":1724268382189,"mc":[{"id":"1.232050243","rc":[{"ltp":17.5,"id":72857116},{"ltp":1.06,"id":72857117}]}]}
{"op":"mcm","clk":"11891584212","pt":1724268442134,"mc":[{"id":"1.232050243","rc":[{"ltp":26.0,"id":72857116},{"ltp":1.05,"id":72857117}]}]}
{"op":"mcm","clk":"11891594324","pt":1724268502069,"mc":[{"id":"1.232050243","rc":[{"ltp":17.5,"id":72857116},{"ltp":1.06,"id":72857117}]}]}
{"op":"mcm","clk":"11891604096","pt":1724268561955,"mc":[{"id":"1.232050243","rc":[{"ltp":21.0,"id":72857116},{"ltp":1.05,"id":72857117}]}]}
{"op":"mcm","clk":"11891614155","pt":1724268622072,"mc":[{"id":"1.232050243","rc":[{"ltp":13.5,"id":72857116},{"ltp":1.08,"id":72857117}]}]}
{"op":"mcm","clk":"11891623421","pt":1724268680924,"mc":[{"id":"1.232050243","rc":[{"ltp":14.0,"id":72857116}]}]}
{"op":"mcm","clk":"11891632676","pt":1724268742171,"mc":[{"id":"1.232050243","rc":[{"ltp":13.5,"id":72857116}]}]}
{"op":"mcm","clk":"11891641796","pt":1724268801930,"mc":[{"id":"1.232050243","rc":[{"ltp":14.5,"id":72857116},{"ltp":1.1,"id":72857117}]}]}
{"op":"mcm","clk":"11891650964","pt":1724268862086,"mc":[{"id":"1.232050243","rc":[{"ltp":10.0,"id":72857116},{"ltp":1.11,"id":72857117}]}]}
{"op":"mcm","clk":"11891659922","pt":1724268921844,"mc":[{"id":"1.232050243","rc":[{"ltp":12.0,"id":72857116},{"ltp":1.09,"id":72857117}]}]}
{"op":"mcm","clk":"11891669462","pt":1724268981900,"mc":[{"id":"1.232050243","rc":[{"ltp":15.0,"id":72857116},{"ltp":1.07,"id":72857117}]}]}
{"op":"mcm","clk":"11891687747","pt":1724269101687,"mc":[{"id":"1.232050243","rc":[{"ltp":17.5,"id":72857116},{"ltp":1.05,"id":72857117}]}]}
{"op":"mcm","clk":"11891697155","pt":1724269161894,"mc":[{"id":"1.232050243","rc":[{"ltp":15.0,"id":72857116},{"ltp":1.07,"id":72857117}]}]}
{"op":"mcm","clk":"11891705984","pt":1724269221321,"mc":[{"id":"1.232050243","rc":[{"ltp":18.0,"id":72857116},{"ltp":1.06,"id":72857117}]}]}
{"op":"mcm","clk":"11891723233","pt":1724269341451,"mc":[{"id":"1.232050243","rc":[{"ltp":17.5,"id":72857116}]}]}
{"op":"mcm","clk":"11891732255","pt":1724269401982,"mc":[{"id":"1.232050243","rc":[{"ltp":18.0,"id":72857116}]}]}
{"op":"mcm","clk":"11891740626","pt":1724269462015,"mc":[{"id":"1.232050243","rc":[{"ltp":28.0,"id":72857116},{"ltp":1.04,"id":72857117}]}]}
{"op":"mcm","clk":"11891749420","pt":1724269522179,"mc":[{"id":"1.232050243","rc":[{"ltp":25.0,"id":72857116},{"ltp":1.05,"id":72857117}]}]}
{"op":"mcm","clk":"11891758276","pt":1724269581865,"mc":[{"id":"1.232050243","rc":[{"ltp":21.0,"id":72857116}]}]}
{"op":"mcm","clk":"11891783795","pt":1724269762089,"mc":[{"id":"1.232050243","rc":[{"ltp":23.0,"id":72857116}]}]}
{"op":"mcm","clk":"11891792676","pt":1724269821545,"mc":[{"id":"1.232050243","rc":[{"ltp":21.0,"id":72857116}]}]}
{"op":"mcm","clk":"11891800968","pt":1724269882104,"mc":[{"id":"1.232050243","rc":[{"ltp":23.0,"id":72857116},{"ltp":1.04,"id":72857117}]}]}
{"op":"mcm","clk":"11891809078","pt":1724269942095,"mc":[{"id":"1.232050243","rc":[{"ltp":24.0,"id":72857116},{"ltp":1.05,"id":72857117}]}]}
{"op":"mcm","clk":"11891838437","pt":1724270181683,"mc":[{"id":"1.232050243","rc":[{"ltp":26.0,"id":72857116}]}]}
{"op":"mcm","clk":"11891845167","pt":1724270241376,"mc":[{"id":"1.232050243","rc":[{"ltp":25.0,"id":72857116}]}]}
{"op":"mcm","clk":"11891858671","pt":1724270362029,"mc":[{"id":"1.232050243","rc":[{"ltp":13.5,"id":72857116},{"ltp":1.09,"id":72857117}]}]}
{"op":"mcm","clk":"11891865246","pt":1724270421918,"mc":[{"id":"1.232050243","rc":[{"ltp":1.08,"id":72857117}]}]}
{"op":"mcm","clk":"11891871835","pt":1724270482008,"mc":[{"id":"1.232050243","rc":[{"ltp":1.07,"id":72857117}]}]}
{"op":"mcm","clk":"11891878245","pt":1724270542026,"mc":[{"id":"1.232050243","rc":[{"ltp":13.0,"id":72857116},{"ltp":1.09,"id":72857117}]}]}
{"op":"mcm","clk":"11891884825","pt":1724270602176,"mc":[{"id":"1.232050243","rc":[{"ltp":21.0,"id":72857116},{"ltp":1.05,"id":72857117}]}]}
{"op":"mcm","clk":"11891890962","pt":1724270661937,"mc":[{"id":"1.232050243","rc":[{"ltp":26.0,"id":72857116},{"ltp":1.04,"id":72857117}]}]}
{"op":"mcm","clk":"11891897504","pt":1724270721694,"mc":[{"id":"1.232050243","rc":[{"ltp":19.0,"id":72857116},{"ltp":1.06,"id":72857117}]}]}
{"op":"mcm","clk":"11891903639","pt":1724270781798,"mc":[{"id":"1.232050243","rc":[{"ltp":17.5,"id":72857116}]}]}
{"op":"mcm","clk":"11891909544","pt":1724270842110,"mc":[{"id":"1.232050243","rc":[{"ltp":21.0,"id":72857116},{"ltp":1.05,"id":72857117}]}]}
{"op":"mcm","clk":"11891916025","pt":1724270902062,"mc":[{"id":"1.232050243","rc":[{"ltp":55.0,"id":72857116},{"ltp":1.02,"id":72857117}]}]}
{"op":"mcm","clk":"11891929195","pt":1724271022115,"mc":[{"id":"1.232050243","rc":[{"ltp":40.0,"id":72857116},{"ltp":1.03,"id":72857117}]}]}
{"op":"mcm","clk":"11891935867","pt":1724271082097,"mc":[{"id":"1.232050243","rc":[{"ltp":44.0,"id":72857116}]}]}
{"op":"mcm","clk":"11891941965","pt":1724271142097,"mc":[{"id":"1.232050243","rc":[{"ltp":38.0,"id":72857116}]}]}
{"op":"mcm","clk":"11891948177","pt":1724271201951,"mc":[{"id":"1.232050243","rc":[{"ltp":32.0,"id":72857116},{"ltp":1.04,"id":72857117}]}]}
{"op":"mcm","clk":"11891960507","pt":1724271322026,"mc":[{"id":"1.232050243","rc":[{"ltp":28.0,"id":72857116}]}]}
{"op":"mcm","clk":"11891967366","pt":1724271381984,"mc":[{"id":"1.232050243","rc":[{"ltp":26.0,"id":72857116}]}]}
{"op":"mcm","clk":"11891973925","pt":1724271441967,"mc":[{"id":"1.232050243","rc":[{"ltp":60.0,"id":72857116},{"ltp":1.02,"id":72857117}]}]}
{"op":"mcm","clk":"11891986577","pt":1724271561995,"mc":[{"id":"1.232050243","rc":[{"ltp":100.0,"id":72857116},{"ltp":1.01,"id":72857117}]}]}
{"op":"mcm","clk":"11891998442","pt":1724271680922,"mc":[{"id":"1.232050243","rc":[{"ltp":110.0,"id":72857116}]}]}
{"op":"mcm","clk":"11892004412","pt":1724271740780,"mc":[{"id":"1.232050243","rc":[{"ltp":160.0,"id":72857116}]}]}
{"op":"mcm","clk":"11892017213","pt":1724271861548,"mc":[{"id":"1.232050243","rc":[{"ltp":110.0,"id":72857116}]}]}
{"op":"mcm","clk":"11892029869","pt":1724271981083,"mc":[{"id":"1.232050243","rc":[{"ltp":240.0,"id":72857116}]}]}
{"op":"mcm","clk":"11892036151","pt":1724272040941,"mc":[{"id":"1.232050243","rc":[{"ltp":200.0,"id":72857116}]}]}
{"op":"mcm","clk":"11892042628","pt":1724272100901,"mc":[{"id":"1.232050243","rc":[{"ltp":400.0,"id":72857116}]}]}
{"op":"mcm","clk":"11892048811","pt":1724272161267,"mc":[{"id":"1.232050243","rc":[{"ltp":410.0,"id":72857116}]}]}
{"op":"mcm","clk":"11892055467","pt":1724272221130,"mc":[{"id":"1.232050243","rc":[{"ltp":1000.0,"id":72857116}]}]}
{"op":"mcm","clk":"11892167695","pt":1724273240652,"mc":[{"id":"1.232050243","marketDefinition":{"bspMarket":false,"turnInPlayEnabled":true,"persistenceEnabled":true,"marketBaseRate":5.0,"eventId":"33511212","eventTypeId":"4","numberOfWinners":1,"bettingType":"ODDS","marketType":"MATCH_ODDS","marketTime":"2024-08-21T19:00:00.000Z","suspendTime":"2024-08-21T19:00:00.000Z","bspReconciled":false,"complete":true,"inPlay":true,"crossMatching":true,"runnersVoidable":false,"numberOfActiveRunners":2,"betDelay":5,"status":"SUSPENDED","runners":[{"status":"ACTIVE","sortPriority":1,"id":72857117,"name":"Caribbean Giants"},{"status":"ACTIVE","sortPriority":2,"id":72857116,"name":"Grand Cayman Stingrays"}],"regulators":["MR_INT"],"countryCode":"GB","discountAllowed":true,"timezone":"GMT","openDate":"2024-08-21T19:00:00.000Z","version":6090104357,"name":"Match Odds","eventName":"Caribbean Giants v Grand Cayman Stingrays"}}]}
{"op":"mcm","clk":"11892178852","pt":1724273382014,"mc":[{"id":"1.232050243","marketDefinition":{"bspMarket":false,"turnInPlayEnabled":true,"persistenceEnabled":true,"marketBaseRate":5.0,"eventId":"33511212","eventTypeId":"4","numberOfWinners":1,"bettingType":"ODDS","marketType":"MATCH_ODDS","marketTime":"2024-08-21T19:00:00.000Z","suspendTime":"2024-08-21T19:00:00.000Z","bspReconciled":false,"complete":true,"inPlay":true,"crossMatching":false,"runnersVoidable":false,"numberOfActiveRunners":0,"betDelay":5,"status":"CLOSED","settledTime":"2024-08-21T20:49:23.000Z","runners":[{"status":"WINNER","sortPriority":1,"id":72857117,"name":"Caribbean Giants"},{"status":"LOSER","sortPriority":2,"id":72857116,"name":"Grand Cayman Stingrays"}],"regulators":["MR_INT"],"countryCode":"GB","discountAllowed":true,"timezone":"GMT","openDate":"2024-08-21T19:00:00.000Z","version":6090108133,"name":"Match Odds","eventName":"Caribbean Giants v Grand Cayman Stingrays"}}]}
