{"op":"mcm","clk":"11779671598","pt":1722846780507,"mc":[{"id":"1.231465258","marketDefinition":{"bspMarket":false,"turnInPlayEnabled":true,"persistenceEnabled":true,"marketBaseRate":5.0,"eventId":"33469587","eventTypeId":"4","numberOfWinners":1,"bettingType":"ODDS","marketType":"MATCH_ODDS","marketTime":"2024-08-06T15:00:00.000Z","suspendTime":"2024-08-06T15:00:00.000Z","bspReconciled":false,"complete":true,"inPlay":false,"crossMatching":true,"runnersVoidable":false,"numberOfActiveRunners":2,"betDelay":0,"status":"OPEN","runners":[{"status":"ACTIVE","sortPriority":1,"id":25173012,"name":"Brampton Wolves"},{"status":"ACTIVE","sortPriority":2,"id":71847983,"name":"Mississauga Bangla Tigers"}],"regulators":["MR_INT"],"countryCode":"GB","discountAllowed":true,"timezone":"GMT","openDate":"2024-08-06T15:00:00.000Z","version":6058380893,"name":"Match Odds","eventName":"Brampton Wolves v Mississauga Bangla Tigers"}}]}
{"op":"mcm","clk":"11780846200","pt":1722874498193,"mc":[{"id":"1.231465258","rc":[{"ltp":3.25,"id":71847983},{"ltp":1.45,"id":25173012}]}]}
{"op":"mcm","clk":"11780871614","pt":1722874832050,"mc":[{"id":"1.231465258","rc":[{"ltp":1.45,"id":71847983},{"ltp":3.95,"id":25173012}]}]}
{"op":"mcm","clk":"11780885107","pt":1722875024072,"mc":[{"id":"1.231465258","rc":[{"ltp":1.3,"id":71847983}]}]}
{"op":"mcm","clk":"11780888333","pt":1722875074294,"mc":[{"id":"1.231465258","rc":[{"ltp":1.32,"id":71847983}]}]}
{"op":"mcm","clk":"11781052396","pt":1722877420280,"mc":[{"id":"1.231465258","rc":[{"ltp":1.62,"id":71847983},{"ltp":2.62,"id":25173012}]}]}
{"op":"mcm","clk":"11781096424","pt":1722877858367,"mc":[{"id":"1.231465258","rc":[{"ltp":3.0,"id":71847983},{"ltp":1.5,"id":25173012}]}]}
{"op":"mcm","clk":"11781112244","pt":1722878032790,"mc":[{"id":"1.231465258","rc":[{"ltp":1.67,"id":71847983},{"ltp":2.44,"id":25173012}]}]}
{"op":"mcm","clk":"11781693330","pt":1722884728580,"mc":[{"id":"1.231465258","rc":[{"ltp":1.6,"id":25173012}]}]}
{"op":"mcm","clk":"11782236502","pt":1722893307163,"mc":[{"id":"1.231465258","rc":[{"ltp":2.06,"id":71847983}]}]}
{"op":"mcm","clk":"11783300622","pt":1722918895534,"mc":[{"id":"1.231465258","rc":[{"ltp":2.08,"id":71847983}]}]}
{"op":"mcm","clk":"11783319085","pt":1722919676860,"mc":[{"id":"1.231465258","rc":[{"ltp":2.0,"id":71847983}]}]}
{"op":"mcm","clk":"11783384478","pt":1722921838416,"mc":[{"id":"1.231465258","rc":[{"ltp":2.0,"id":25173012}]}]}
{"op":"mcm","clk":"11783562853","pt":1722927177872,"mc":[{"id":"1.231465258","rc":[{"ltp":2.06,"id":71847983},{"ltp":1.98,"id":25173012}]}]}
{"op":"mcm","clk":"11783564518","pt":1722927228231,"mc":[{"id":"1.231465258","rc":[{"ltp":2.02,"id":71847983},{"ltp":1.96,"id":25173012}]}]}
{"op":"mcm","clk":"11783566421","pt":1722927289024,"mc":[{"id":"1.231465258","rc":[{"ltp":1.95,"id":25173012}]}]}
{"op":"mcm","clk":"11783577817","pt":1722927700171,"mc":[{"id":"1.231465258","rc":[{"ltp":2.06,"id":71847983}]}]}
{"op":"mcm","clk":"11783732677","pt":1722932568949,"mc":[{"id":"1.231465258","rc":[{"ltp":1.98,"id":25173012}]}]}
{"op":"mcm","clk":"11783736917","pt":1722932727964,"mc":[{"id":"1.231465258","rc":[{"ltp":1.95,"id":25173012}]}]}
{"op":"mcm","clk":"11783739017","pt":1722932816180,"mc":[{"id":"1.231465258","rc":[{"ltp":1.97,"id":25173012}]}]}
{"op":"mcm","clk":"11783740503","pt":1722932877139,"mc":[{"id":"1.231465258","rc":[{"ltp":1.99,"id":71847983},{"ltp":2.02,"id":25173012}]}]}
{"op":"mcm","clk":"11783743439","pt":1722932996558,"mc":[{"id":"1.231465258","rc":[{"ltp":1.98,"id":71847983}]}]}
{"op":"mcm","clk":"11783746867","pt":1722933117291,"mc":[{"id":"1.231465258","rc":[{"ltp":2.04,"id":25173012}]}]}
{"op":"mcm","clk":"11783748479","pt":1722933178157,"mc":[{"id":"1.231465258","rc":[{"ltp":1.99,"id":71847983},{"ltp":2.14,"id":25173012}]}]}
{"op":"mcm","clk":"11783749865","pt":1722933237706,"mc":[{"id":"1.231465258","rc":[{"ltp":1.91,"id":71847983}]}]}
{"op":"mcm","clk":"11783751340","pt":1722933298071,"mc":[{"id":"1.231465258","rc":[{"ltp":1.99,"id":71847983}]}]}
{"op":"mcm","clk":"11783754521","pt":1722933416103,"mc":[{"id":"1.231465258","rc":[{"ltp":2.0,"id":71847983},{"ltp":2.02,"id":25173012}]}]}
{"op":"mcm","clk":"11783756268","pt":1722933478454,"mc":[{"id":"1.231465258","rc":[{"ltp":1.98,"id":71847983},{"ltp":2.08,"id":25173012}]}]}
{"op":"mcm","clk":"11783757910","pt":1722933537220,"mc":[{"id":"1.231465258","rc":[{"ltp":2.02,"id":25173012}]}]}
{"op":"mcm","clk":"11783761254","pt":1722933657718,"mc":[{"id":"1.231465258","rc":[{"ltp":1.99,"id":71847983}]}]}
{"op":"mcm","clk":"11783839696","pt":1722936178474,"mc":[{"id":"1.231465258","rc":[{"ltp":1.97,"id":71847983}]}]}
{"op":"mcm","clk":"11783847758","pt":1722936356336,"mc":[{"id":"1.231465258","rc":[{"ltp":1.96,"id":71847983},{"ltp":2.04,"id":25173012}]}]}
{"op":"mcm","clk":"11783852920","pt":1722936475651,"mc":[{"id":"1.231465258","rc":[{"ltp":1.98,"id":71847983}]}]}
{"op":"mcm","clk":"11783855610","pt":1722936537629,"mc":[{"id":"1.231465258","rc":[{"ltp":1.89,"id":71847983}]}]}
{"op":"mcm","clk":"11783861036","pt":1722936657983,"mc":[{"id":"1.231465258","rc":[{"ltp":1.99,"id":71847983},{"ltp":2.02,"id":25173012}]}]}
{"op":"mcm","clk":"11783955146","pt":1722938816882,"mc":[{"id":"1.231465258","rc":[{"ltp":2.0,"id":71847983}]}]}
{"op":"mcm","clk":"11783977314","pt":1722939178423,"mc":[{"id":"1.231465258","rc":[{"ltp":2.0,"id":25173012}]}]}
{"op":"mcm","clk":"11783981347","pt":1722939295334,"mc":[{"id":"1.231465258","rc":[{"ltp":1.98,"id":71847983},{"ltp":2.04,"id":25173012}]}]}
{"op":"mcm","clk":"11783985665","pt":1722939408045,"mc":[{"id":"1.231465258","rc":[{"ltp":2.02,"id":71847983},{"ltp":2.08,"id":25173012}]}]}
{"op":"mcm","clk":"11784001473","pt":1722939777881,"mc":[{"id":"1.231465258","rc":[{"ltp":2.04,"id":71847983},{"ltp":1.97,"id":25173012}]}]}
{"op":"mcm","clk":"11784003933","pt":1722939837351,"mc":[{"id":"1.231465258","rc":[{"ltp":1.94,"id":71847983},{"ltp":1.91,"id":25173012}]}]}
{"op":"mcm","clk":"11784006541","pt":1722939895323,"mc":[{"id":"1.231465258","rc":[{"ltp":1.83,"id":71847983},{"ltp":2.2,"id":25173012}]}]}
{"op":"mcm","clk":"11784009543","pt":1722939955392,"mc":[{"id":"1.231465258","rc":[{"ltp":1.81,"id":71847983},{"ltp":2.22,"id":25173012}]}]}
{"op":"mcm","clk":"11784012729","pt":1722940018180,"mc":[{"id":"1.231465258","rc":[{"ltp":1.85,"id":71847983},{"ltp":2.16,"id":25173012}]}]}
{"op":"mcm","clk":"11784015220","pt":1722940076528,"mc":[{"id":"1.231465258","rc":[{"ltp":2.18,"id":25173012}]}]}
{"op":"mcm","clk":"11784017721","pt":1722940136672,"mc":[{"id":"1.231465258","rc":[{"ltp":1.86,"id":71847983},{"ltp":2.16,"id":25173012}]}]}
{"op":"mcm","clk":"11784018974","pt":1722940171504,"mc":[{"id":"1.231465258","rc":[{"ltp":1.88,"id":71847983},{"ltp":2.18,"id":25173012}]}]}
{"op":"mcm","clk":"11784022153","pt":1722940254519,"mc":[{"id":"1.231465258","rc":[{"ltp":1.86,"id":71847983}]}]}
{"op":"mcm","clk":"11784025796","pt":1722940348312,"mc":[{"id":"1.231465258","rc":[{"ltp":1.88,"id":71847983}]}]}
{"op":"mcm","clk":"11784028822","pt":1722940428484,"mc":[{"id":"1.231465258","rc":[{"ltp":1.89,"id":71847983}]}]}
{"op":"mcm","clk":"11784039197","pt":1722940670347,"mc":[{"id":"1.231465258","rc":[{"ltp":2.12,"id":25173012}]}]}
{"op":"mcm","clk":"11784041501","pt":1722940729496,"mc":[{"id":"1.231465258","rc":[{"ltp":1.9,"id":71847983}]}]}
{"op":"mcm","clk":"11784047153","pt":1722940857405,"mc":[{"id":"1.231465258","rc":[{"ltp":1.92,"id":71847983}]}]}
{"op":"mcm","clk":"11784057208","pt":1722941092577,"mc":[{"id":"1.231465258","rc":[{"ltp":2.0,"id":71847983},{"ltp":2.0,"id":25173012}]}]}
{"op":"mcm","clk":"11784065364","pt":1722941276191,"mc":[{"id":"1.231465258","rc":[{"ltp":1.92,"id":25173012}]}]}
{"op":"mcm","clk":"11784077040","pt":1722941578411,"mc":[{"id":"1.231465258","rc":[{"ltp":2.0,"id":25173012}]}]}
{"op":"mcm","clk":"11784101345","pt":1722942118235,"mc":[{"id":"1.231465258","rc":[{"ltp":2.08,"id":71847983},{"ltp":1.92,"id":25173012}]}]}
{"op":"mcm","clk":"11784105796","pt":1722942229446,"mc":[{"id":"1.231465258","rc":[{"ltp":1.91,"id":25173012}]}]}
{"op":"mcm","clk":"11784110850","pt":1722942350426,"mc":[{"id":"1.231465258","rc":[{"ltp":2.1,"id":71847983}]}]}
{"op":"mcm","clk":"11784113162","pt":1722942417085,"mc":[{"id":"1.231465258","rc":[{"ltp":2.18,"id":71847983},{"ltp":1.84,"id":25173012}]}]}
{"op":"mcm","clk":"11784116708","pt":1722942477226,"mc":[{"id":"1.231465258","rc":[{"ltp":1.87,"id":25173012}]}]}
{"op":"mcm","clk":"11784215341","pt":1722944576692,"mc":[{"id":"1.231465258","rc":[{"ltp":1.83,"id":25173012}]}]}
{"op":"mcm","clk":"11784218280","pt":1722944638468,"mc":[{"id":"1.231465258","rc":[{"ltp":2.14,"id":71847983},{"ltp":1.88,"id":25173012}]}]}
{"op":"mcm","clk":"11784220239","pt":1722944682086,"mc":[{"id":"1.231465258","rc":[{"ltp":2.2,"id":71847983},{"ltp":1.82,"id":25173012}]}]}
{"op":"mcm","clk":"11784221601","pt":1722944712200,"mc":[{"id":"1.231465258","rc":[{"ltp":1.84,"id":25173012}]}]}
{"op":"mcm","clk":"11784239193","pt":1722945166037,"mc":[{"id":"1.231465258","rc":[{"ltp":2.18,"id":71847983},{"ltp":1.86,"id":25173012}]}]}
{"op":"mcm","clk":"11784249839","pt":1722945424475,"mc":[{"id":"1.231465258","rc":[{"ltp":1.87,"id":25173012}]}]}
{"op":"mcm","clk":"11784254598","pt":1722945537909,"mc":[{"id":"1.231465258","rc":[{"ltp":2.12,"id":71847983},{"ltp":1.84,"id":25173012}]}]}
{"op":"mcm","clk":"11784363862","pt":1722947685112,"mc":[{"id":"1.231465258","rc":[{"ltp":1.89,"id":25173012}]}]}
{"op":"mcm","clk":"11784389594","pt":1722948174003,"mc":[{"id":"1.231465258","rc":[{"ltp":2.14,"id":71847983}]}]}
{"op":"mcm","clk":"11784408111","pt":1722948525726,"mc":[{"id":"1.231465258","rc":[{"ltp":2.1,"id":71847983}]}]}
{"op":"mcm","clk":"11784409414","pt":1722948550531,"mc":[{"id":"1.231465258","rc":[{"ltp":2.12,"id":71847983}]}]}
{"op":"mcm","clk":"11784417306","pt":1722948716090,"mc":[{"id":"1.231465258","rc":[{"ltp":1.9,"id":25173012}]}]}
{"op":"mcm","clk":"11784419846","pt":1722948769356,"mc":[{"id":"1.231465258","rc":[{"ltp":2.08,"id":71847983},{"ltp":1.93,"id":25173012}]}]}
{"op":"mcm","clk":"11784434181","pt":1722949051364,"mc":[{"id":"1.231465258","rc":[{"ltp":1.92,"id":25173012}]}]}
{"op":"mcm","clk":"11784444400","pt":1722949243879,"mc":[{"id":"1.231465258","rc":[{"ltp":2.02,"id":71847983},{"ltp":1.98,"id":25173012}]}]}
{"op":"mcm","clk":"11784455987","pt":1722949436021,"mc":[{"id":"1.231465258","rc":[{"ltp":1.96,"id":25173012}]}]}
{"op":"mcm","clk":"11784459786","pt":1722949497828,"mc":[{"id":"1.231465258","rc":[{"ltp":2.08,"id":71847983},{"ltp":1.91,"id":25173012}]}]}
{"op":"mcm","clk":"11784467046","pt":1722949618306,"mc":[{"id":"1.231465258","rc":[{"ltp":2.18,"id":71847983},{"ltp":1.84,"id":25173012}]}]}
{"op":"mcm","clk":"11784470424","pt":1722949673469,"mc":[{"id":"1.231465258","rc":[{"ltp":1.83,"id":25173012}]}]}
{"op":"mcm","clk":"11784479808","pt":1722949852474,"mc":[{"id":"1.231465258","rc":[{"ltp":2.14,"id":71847983}]}]}
{"op":"mcm","clk":"11784582927","pt":1722951629059,"mc":[{"id":"1.231465258","rc":[{"ltp":2.16,"id":71847983},{"ltp":1.87,"id":25173012}]}]}
{"op":"mcm","clk":"11784586573","pt":1722951710154,"mc":[{"id":"1.231465258","rc":[{"ltp":2.14,"id":71847983}]}]}
{"op":"mcm","clk":"11784590706","pt":1722951797622,"mc":[{"id":"1.231465258","rc":[{"ltp":2.12,"id":71847983},{"ltp":1.89,"id":25173012}]}]}
{"op":"mcm","clk":"11784603826","pt":1722952066762,"mc":[{"id":"1.231465258","rc":[{"ltp":2.06,"id":71847983},{"ltp":1.91,"id":25173012}]}]}
{"op":"mcm","clk":"11784606920","pt":1722952118740,"mc":[{"id":"1.231465258","rc":[{"ltp":2.04,"id":71847983},{"ltp":1.97,"id":25173012}]}]}
{"op":"mcm","clk":"11784615232","pt":1722952256977,"mc":[{"id":"1.231465258","rc":[{"ltp":2.02,"id":71847983}]}]}
{"op":"mcm","clk":"11784618950","pt":1722952315229,"mc":[{"id":"1.231465258","rc":[{"ltp":2.1,"id":71847983},{"ltp":1.9,"id":25173012}]}]}
{"op":"mcm","clk":"11784622600","pt":1722952375923,"mc":[{"id":"1.231465258","rc":[{"ltp":2.18,"id":71847983},{"ltp":1.86,"id":25173012}]}]}
{"op":"mcm","clk":"11784626301","pt":1722952435902,"mc":[{"id":"1.231465258","rc":[{"ltp":2.42,"id":71847983},{"ltp":1.71,"id":25173012}]}]}
{"op":"mcm","clk":"11784630188","pt":1722952497580,"mc":[{"id":"1.231465258","rc":[{"ltp":2.46,"id":71847983},{"ltp":1.66,"id":25173012}]}]}
{"op":"mcm","clk":"11784633913","pt":1722952558311,"mc":[{"id":"1.231465258","rc":[{"ltp":1.68,"id":25173012}]}]}
{"op":"mcm","clk":"11784637695","pt":1722952618143,"mc":[{"id":"1.231465258","rc":[{"ltp":2.3,"id":71847983},{"ltp":1.74,"id":25173012}]}]}
{"op":"mcm","clk":"11784645330","pt":1722952737676,"mc":[{"id":"1.231465258","rc":[{"ltp":2.34,"id":71847983}]}]}
{"op":"mcm","clk":"11784657556","pt":1722952913885,"mc":[{"id":"1.231465258","rc":[{"ltp":2.3,"id":71847983},{"ltp":1.77,"id":25173012}]}]}
{"op":"mcm","clk":"11784662666","pt":1722952978263,"mc":[{"id":"1.231465258","rc":[{"ltp":2.28,"id":71847983},{"ltp":1.78,"id":25173012}]}]}
{"op":"mcm","clk":"11784669893","pt":1722953095798,"mc":[{"id":"1.231465258","rc":[{"ltp":2.32,"id":71847983}]}]}
{"op":"mcm","clk":"11784673179","pt":1722953148942,"mc":[{"id":"1.231465258","rc":[{"ltp":2.28,"id":71847983}]}]}
{"op":"mcm","clk":"11784675419","pt":1722953185231,"mc":[{"id":"1.231465258","rc":[{"ltp":1.8,"id":25173012}]}]}
{"op":"mcm","clk":"11784691372","pt":1722953432312,"mc":[{"id":"1.231465258","rc":[{"ltp":2.26,"id":71847983}]}]}
{"op":"mcm","clk":"11784697056","pt":1722953518021,"mc":[{"id":"1.231465258","rc":[{"ltp":1.77,"id":25173012}]}]}
{"op":"mcm","clk":"11784705189","pt":1722953633039,"mc":[{"id":"1.231465258","rc":[{"ltp":2.28,"id":71847983},{"ltp":1.78,"id":25173012}]}]}
{"op":"mcm","clk":"11784709422","pt":1722953695001,"mc":[{"id":"1.231465258","rc":[{"ltp":1.76,"id":25173012}]}]}
{"op":"mcm","clk":"11784713899","pt":1722953758346,"mc":[{"id":"1.231465258","rc":[{"ltp":2.32,"id":71847983},{"ltp":1.75,"id":25173012}]}]}
{"op":"mcm","clk":"11784722805","pt":1722953877610,"mc":[{"id":"1.231465258","rc":[{"ltp":1.76,"id":25173012}]}]}
{"op":"mcm","clk":"11784753481","pt":1722954283764,"mc":[{"id":"1.231465258","rc":[{"ltp":2.3,"id":71847983},{"ltp":1.75,"id":25173012}]}]}
{"op":"mcm","clk":"11784763116","pt":1722954415149,"mc":[{"id":"1.231465258","rc":[{"ltp":1.76,"id":25173012}]}]}
{"op":"mcm","clk":"11784767390","pt":1722954470203,"mc":[{"id":"1.231465258","rc":[{"ltp":2.22,"id":71847983},{"ltp":1.84,"id":25173012}]}]}
{"op":"mcm","clk":"11784772071","pt":1722954538021,"mc":[{"id":"1.231465258","rc":[{"ltp":1.81,"id":25173012}]}]}
{"op":"mcm","clk":"11784774143","pt":1722954566852,"mc":[{"id":"1.231465258","rc":[{"ltp":2.24,"id":71847983},{"ltp":1.8,"id":25173012}]}]}
{"op":"mcm","clk":"11784786760","pt":1722954718433,"mc":[{"id":"1.231465258","rc":[{"ltp":2.2,"id":71847983},{"ltp":1.83,"id":25173012}]}]}
{"op":"mcm","clk":"11784791690","pt":1722954778402,"mc":[{"id":"1.231465258","rc":[{"ltp":2.18,"id":71847983},{"ltp":1.84,"id":25173012}]}]}
{"op":"mcm","clk":"11784796300","pt":1722954837616,"mc":[{"id":"1.231465258","rc":[{"ltp":2.24,"id":71847983},{"ltp":1.8,"id":25173012}]}]}
{"op":"mcm","clk":"11784798889","pt":1722954874969,"mc":[{"id":"1.231465258","rc":[{"ltp":2.18,"id":71847983}]}]}
{"op":"mcm","clk":"11784809331","pt":1722955017927,"mc":[{"id":"1.231465258","rc":[{"ltp":1.81,"id":25173012}]}]}
{"op":"mcm","clk":"11784813883","pt":1722955078091,"mc":[{"id":"1.231465258","rc":[{"ltp":2.22,"id":71847983},{"ltp":1.8,"id":25173012}]}]}
{"op":"mcm","clk":"11784818225","pt":1722955135638,"mc":[{"id":"1.231465258","rc":[{"ltp":1.79,"id":25173012}]}]}
{"op":"mcm","clk":"11784828754","pt":1722955257320,"mc":[{"id":"1.231465258","rc":[{"ltp":2.26,"id":71847983}]}]}
{"op":"mcm","clk":"11784832650","pt":1722955315962,"mc":[{"id":"1.231465258","rc":[{"ltp":2.2,"id":71847983},{"ltp":1.81,"id":25173012}]}]}
{"op":"mcm","clk":"11784836182","pt":1722955371845,"mc":[{"id":"1.231465258","rc":[{"ltp":1.83,"id":25173012}]}]}
{"op":"mcm","clk":"11784856806","pt":1722955550352,"mc":[{"id":"1.231465258","rc":[{"ltp":1.79,"id":25173012}]}]}
{"op":"mcm","clk":"11784889412","pt":1722955958250,"mc":[{"id":"1.231465258","rc":[{"ltp":1.8,"id":25173012}]}]}
{"op":"mcm","clk":"11784909604","pt":1722956217490,"mc":[{"id":"1.231465258","rc":[{"ltp":1.79,"id":25173012}]}]}
{"op":"mcm","clk":"11784924935","pt":1722956395846,"mc":[{"id":"1.231465258","rc":[{"ltp":2.26,"id":71847983}]}]}
{"op":"mcm","clk":"11784930213","pt":1722956456809,"mc":[{"id":"1.231465258","marketDefinition":{"bspMarket":false,"turnInPlayEnabled":true,"persistenceEnabled":true,"marketBaseRate":5.0,"eventId":"33469587","eventTypeId":"4","numberOfWinners":1,"bettingType":"ODDS","marketType":"MATCH_ODDS","marketTime":"2024-08-06T15:00:00.000Z","suspendTime":"2024-08-06T15:00:00.000Z","bspReconciled":false,"complete":true,"inPlay":true,"crossMatching":true,"runnersVoidable":false,"numberOfActiveRunners":2,"betDelay":5,"status":"OPEN","runners":[{"status":"ACTIVE","sortPriority":1,"id":25173012,"name":"Brampton Wolves"},{"status":"ACTIVE","sortPriority":2,"id":71847983,"name":"Mississauga Bangla Tigers"}],"regulators":["MR_INT"],"countryCode":"GB","discountAllowed":true,"timezone":"GMT","openDate":"2024-08-06T15:00:00.000Z","version":6059626534,"name":"Match Odds","eventName":"Brampton Wolves v Mississauga Bangla Tigers"}}]}
{"op":"mcm","clk":"11784934220","pt":1722956501850,"mc":[{"id":"1.231465258","rc":[{"ltp":2.0,"id":71847983},{"ltp":1.99,"id":25173012}]}]}
{"op":"mcm","clk":"11784946224","pt":1722956636293,"mc":[{"id":"1.231465258","rc":[{"ltp":2.12,"id":71847983}]}]}
{"op":"mcm","clk":"11784962801","pt":1722956814783,"mc":[{"id":"1.231465258","rc":[{"ltp":2.14,"id":71847983},{"ltp":1.88,"id":25173012}]}]}
{"op":"mcm","clk":"11784974981","pt":1722956936660,"mc":[{"id":"1.231465258","rc":[{"ltp":2.12,"id":71847983},{"ltp":1.78,"id":25173012}]}]}
{"op":"mcm","clk":"11784980484","pt":1722956991612,"mc":[{"id":"1.231465258","rc":[{"ltp":1.88,"id":25173012}]}]}
{"op":"mcm","clk":"11784986931","pt":1722957058005,"mc":[{"id":"1.231465258","rc":[{"ltp":2.28,"id":71847983},{"ltp":1.78,"id":25173012}]}]}
{"op":"mcm","clk":"11784998812","pt":1722957178020,"mc":[{"id":"1.231465258","rc":[{"ltp":2.14,"id":71847983},{"ltp":1.88,"id":25173012}]}]}
{"op":"mcm","clk":"11785023811","pt":1722957415868,"mc":[{"id":"1.231465258","rc":[{"ltp":1.89,"id":25173012}]}]}
{"op":"mcm","clk":"11785043199","pt":1722957595278,"mc":[{"id":"1.231465258","rc":[{"ltp":1.88,"id":25173012}]}]}
{"op":"mcm","clk":"11785130231","pt":1722958376062,"mc":[{"id":"1.231465258","rc":[{"ltp":1.84,"id":25173012}]}]}
{"op":"mcm","clk":"11785159037","pt":1722958609407,"mc":[{"id":"1.231465258","rc":[{"ltp":1.89,"id":25173012}]}]}
{"op":"mcm","clk":"11785197459","pt":1722958976875,"mc":[{"id":"1.231465258","rc":[{"ltp":2.22,"id":71847983},{"ltp":1.82,"id":25173012}]}]}
{"op":"mcm","clk":"11785218804","pt":1722959152919,"mc":[{"id":"1.231465258","rc":[{"ltp":1.89,"id":25173012}]}]}
{"op":"mcm","clk":"11785252157","pt":1722959455924,"mc":[{"id":"1.231465258","rc":[{"ltp":2.12,"id":71847983},{"ltp":1.87,"id":25173012}]}]}
{"op":"mcm","clk":"11785343498","pt":1722960355307,"mc":[{"id":"1.231465258","rc":[{"ltp":1.82,"id":25173012}]}]}
{"op":"mcm","clk":"11785350439","pt":1722960417579,"mc":[{"id":"1.231465258","rc":[{"ltp":2.22,"id":71847983},{"ltp":1.81,"id":25173012}]}]}
{"op":"mcm","clk":"11785357413","pt":1722960476650,"mc":[{"id":"1.231465258","rc":[{"ltp":2.12,"id":71847983}]}]}
{"op":"mcm","clk":"11785370160","pt":1722960582402,"mc":[{"id":"1.231465258","rc":[{"ltp":1.72,"id":25173012}]}]}
{"op":"mcm","clk":"11785442414","pt":1722961131527,"mc":[{"id":"1.231465258","rc":[{"ltp":2.4,"id":71847983}]}]}
{"op":"mcm","clk":"11785477162","pt":1722961437206,"mc":[{"id":"1.231465258","rc":[{"ltp":2.12,"id":71847983},{"ltp":1.88,"id":25173012}]}]}
{"op":"mcm","clk":"11785491743","pt":1722961557780,"mc":[{"id":"1.231465258","rc":[{"ltp":1.73,"id":25173012}]}]}
{"op":"mcm","clk":"11785498689","pt":1722961613340,"mc":[{"id":"1.231465258","rc":[{"ltp":2.36,"id":71847983},{"ltp":1.74,"id":25173012}]}]}
{"op":"mcm","clk":"11785506261","pt":1722961676999,"mc":[{"id":"1.231465258","rc":[{"ltp":2.12,"id":71847983},{"ltp":1.88,"id":25173012}]}]}
{"op":"mcm","clk":"11785526751","pt":1722961847888,"mc":[{"id":"1.231465258","rc":[{"ltp":2.36,"id":71847983},{"ltp":1.89,"id":25173012}]}]}
{"op":"mcm","clk":"11785534952","pt":1722961918090,"mc":[{"id":"1.231465258","rc":[{"ltp":2.32,"id":71847983},{"ltp":1.76,"id":25173012}]}]}
{"op":"mcm","clk":"11785542075","pt":1722961978452,"mc":[{"id":"1.231465258","rc":[{"ltp":2.12,"id":71847983},{"ltp":1.77,"id":25173012}]}]}
{"op":"mcm","clk":"11785549061","pt":1722962037289,"mc":[{"id":"1.231465258","rc":[{"ltp":1.88,"id":25173012}]}]}
{"op":"mcm","clk":"11785569552","pt":1722962215257,"mc":[{"id":"1.231465258","rc":[{"ltp":2.24,"id":71847983}]}]}
{"op":"mcm","clk":"11785576351","pt":1722962274483,"mc":[{"id":"1.231465258","rc":[{"ltp":2.12,"id":71847983}]}]}
{"op":"mcm","clk":"11785597952","pt":1722962453764,"mc":[{"id":"1.231465258","marketDefinition":{"bspMarket":false,"turnInPlayEnabled":true,"persistenceEnabled":true,"marketBaseRate":5.0,"eventId":"33469587","eventTypeId":"4","numberOfWinners":1,"bettingType":"ODDS","marketType":"MATCH_ODDS","marketTime":"2024-08-06T15:00:00.000Z","suspendTime":"2024-08-06T15:00:00.000Z","bspReconciled":false,"complete":true,"inPlay":true,"crossMatching":true,"runnersVoidable":false,"numberOfActiveRunners":2,"betDelay":5,"status":"SUSPENDED","runners":[{"status":"ACTIVE","sortPriority":1,"id":25173012,"name":"Brampton Wolves"},{"status":"ACTIVE","sortPriority":2,"id":71847983,"name":"Mississauga Bangla Tigers"}],"regulators":["MR_INT"],"countryCode":"GB","discountAllowed":true,"timezone":"GMT","openDate":"2024-08-06T15:00:00.000Z","version":6059732875,"name":"Match Odds","eventName":"Brampton Wolves v Mississauga Bangla Tigers"},"rc":[{"ltp":2.24,"id":71847983},{"ltp":1.76,"id":25173012}]}]}
{"op":"mcm","clk":"11785662739","pt":1722962989919,"mc":[{"id":"1.231465258","marketDefinition":{"bspMarket":false,"turnInPlayEnabled":true,"persistenceEnabled":true,"marketBaseRate":5.0,"eventId":"33469587","eventTypeId":"4","numberOfWinners":1,"bettingType":"ODDS","marketType":"MATCH_ODDS","marketTime":"2024-08-06T15:00:00.000Z","suspendTime":"2024-08-06T15:00:00.000Z","bspReconciled":false,"complete":true,"inPlay":true,"crossMatching":false,"runnersVoidable":false,"numberOfActiveRunners":0,"betDelay":5,"status":"CLOSED","settledTime":"2024-08-06T16:49:44.000Z","runners":[{"status":"REMOVED","sortPriority":1,"removalDate":"2024-08-06T16:49:44.000Z","id":25173012,"name":"Brampton Wolves"},{"status":"REMOVED","sortPriority":2,"removalDate":"2024-08-06T16:49:44.000Z","id":71847983,"name":"Mississauga Bangla Tigers"}],"regulators":["MR_INT"],"countryCode":"GB","discountAllowed":true,"timezone":"GMT","openDate":"2024-08-06T15:00:00.000Z","version":6059746175,"name":"Match Odds","eventName":"Brampton Wolves v Mississauga Bangla Tigers"}}]}
