{"op":"mcm","clk":"11836462198","pt":1723454842269,"mc":[{"id":"1.231730206","marketDefinition":{"bspMarket":false,"turnInPlayEnabled":true,"persistenceEnabled":true,"marketBaseRate":5.0,"eventId":"33488374","eventTypeId":"4","numberOfWinners":1,"bettingType":"ODDS","marketType":"MATCH_ODDS","marketTime":"2024-08-14T14:00:00.000Z","suspendTime":"2024-08-14T14:00:00.000Z","bspReconciled":false,"complete":true,"inPlay":false,"crossMatching":true,"runnersVoidable":false,"numberOfActiveRunners":2,"betDelay":0,"status":"OPEN","runners":[{"status":"ACTIVE","sortPriority":1,"id":40096580,"name":"Trent Rockets Women"},{"status":"ACTIVE","sortPriority":2,"id":40096582,"name":"Oval Invincibles Women"}],"regulators":["MR_INT"],"countryCode":"GB","discountAllowed":true,"timezone":"GMT","openDate":"2024-08-14T14:00:00.000Z","version":6071648764,"name":"Match Odds","eventName":"Trent Rockets Women v Oval Invincibles Women"}}]}
{"op":"mcm","clk":"11836730118","pt":1723462514007,"mc":[{"id":"1.231730206","rc":[{"ltp":1.03,"id":40096580}]}]}
{"op":"mcm","clk":"11836867660","pt":1723467077042,"mc":[{"id":"1.231730206","rc":[{"ltp":1.07,"id":40096580}]}]}
{"op":"mcm","clk":"11836868906","pt":1723467118188,"mc":[{"id":"1.231730206","rc":[{"ltp":1.25,"id":40096580}]}]}
{"op":"mcm","clk":"11836871899","pt":1723467216542,"mc":[{"id":"1.231730206","rc":[{"ltp":1.26,"id":40096580}]}]}
{"op":"mcm","clk":"11836971679","pt":1723470297486,"mc":[{"id":"1.231730206","rc":[{"ltp":1.3,"id":40096582}]}]}
{"op":"mcm","clk":"11837053577","pt":1723472698373,"mc":[{"id":"1.231730206","rc":[{"ltp":1.3,"id":40096580}]}]}
{"op":"mcm","clk":"11837837320","pt":1723486619310,"mc":[{"id":"1.231730206","rc":[{"ltp":2.08,"id":40096580}]}]}
{"op":"mcm","clk":"11837851298","pt":1723486755710,"mc":[{"id":"1.231730206","rc":[{"ltp":2.1,"id":40096580},{"ltp":1.91,"id":40096582}]}]}
{"op":"mcm","clk":"11838029149","pt":1723488587032,"mc":[{"id":"1.231730206","rc":[{"ltp":1.87,"id":40096582}]}]}
{"op":"mcm","clk":"11838433905","pt":1723495640258,"mc":[{"id":"1.231730206","rc":[{"ltp":1.92,"id":40096582}]}]}
{"op":"mcm","clk":"11838437913","pt":1723495754830,"mc":[{"id":"1.231730206","rc":[{"ltp":2.04,"id":40096580},{"ltp":1.97,"id":40096582}]}]}
{"op":"mcm","clk":"11838518820","pt":1723498099190,"mc":[{"id":"1.231730206","rc":[{"ltp":1.98,"id":40096582}]}]}
{"op":"mcm","clk":"11838533800","pt":1723498573296,"mc":[{"id":"1.231730206","rc":[{"ltp":1.93,"id":40096582}]}]}
{"op":"mcm","clk":"11838553478","pt":1723499217727,"mc":[{"id":"1.231730206","rc":[{"ltp":1.9,"id":40096582}]}]}
{"op":"mcm","clk":"11840024413","pt":1723537223833,"mc":[{"id":"1.231730206","rc":[{"ltp":1.92,"id":40096582}]}]}
{"op":"mcm","clk":"11841025877","pt":1723556351482,"mc":[{"id":"1.231730206","rc":[{"ltp":2.08,"id":40096580},{"ltp":1.93,"id":40096582}]}]}
{"op":"mcm","clk":"11841817687","pt":1723567877999,"mc":[{"id":"1.231730206","rc":[{"ltp":1.94,"id":40096582}]}]}
{"op":"mcm","clk":"11841852110","pt":1723568238727,"mc":[{"id":"1.231730206","rc":[{"ltp":2.12,"id":40096580},{"ltp":1.9,"id":40096582}]}]}
{"op":"mcm","clk":"11843148350","pt":1723578319968,"mc":[{"id":"1.231730206","rc":[{"ltp":1.88,"id":40096582}]}]}
{"op":"mcm","clk":"11843530322","pt":1723580823011,"mc":[{"id":"1.231730206","rc":[{"ltp":1.91,"id":40096582}]}]}
{"op":"mcm","clk":"11843593447","pt":1723581318204,"mc":[{"id":"1.231730206","rc":[{"ltp":2.08,"id":40096580},{"ltp":1.92,"id":40096582}]}]}
{"op":"mcm","clk":"11843792822","pt":1723586138821,"mc":[{"id":"1.231730206","rc":[{"ltp":1.91,"id":40096582}]}]}
{"op":"mcm","clk":"11844012178","pt":1723591884230,"mc":[{"id":"1.231730206","rc":[{"ltp":1.92,"id":40096582}]}]}
{"op":"mcm","clk":"11844039008","pt":1723592478216,"mc":[{"id":"1.231730206","rc":[{"ltp":1.96,"id":40096582}]}]}
{"op":"mcm","clk":"11844044988","pt":1723592594432,"mc":[{"id":"1.231730206","rc":[{"ltp":1.95,"id":40096582}]}]}
{"op":"mcm","clk":"11844076818","pt":1723593199617,"mc":[{"id":"1.231730206","rc":[{"ltp":2.04,"id":40096580},{"ltp":1.96,"id":40096582}]}]}
{"op":"mcm","clk":"11845038264","pt":1723612194223,"mc":[{"id":"1.231730206","rc":[{"ltp":1.94,"id":40096582}]}]}
{"op":"mcm","clk":"11845095497","pt":1723614023091,"mc":[{"id":"1.231730206","rc":[{"ltp":1.93,"id":40096582}]}]}
{"op":"mcm","clk":"11845213001","pt":1723617164085,"mc":[{"id":"1.231730206","rc":[{"ltp":2.06,"id":40096580}]}]}
{"op":"mcm","clk":"11845285986","pt":1723619172608,"mc":[{"id":"1.231730206","rc":[{"ltp":1.94,"id":40096582}]}]}
{"op":"mcm","clk":"11845334794","pt":1723620635170,"mc":[{"id":"1.231730206","rc":[{"ltp":1.93,"id":40096582}]}]}
{"op":"mcm","clk":"11845379802","pt":1723621876970,"mc":[{"id":"1.231730206","rc":[{"ltp":1.92,"id":40096582}]}]}
{"op":"mcm","clk":"11845494757","pt":1723624936054,"mc":[{"id":"1.231730206","rc":[{"ltp":1.94,"id":40096582}]}]}
{"op":"mcm","clk":"11845496379","pt":1723624981304,"mc":[{"id":"1.231730206","rc":[{"ltp":1.92,"id":40096582}]}]}
{"op":"mcm","clk":"11845509580","pt":1723625299170,"mc":[{"id":"1.231730206","rc":[{"ltp":1.93,"id":40096582}]}]}
{"op":"mcm","clk":"11845514381","pt":1723625412236,"mc":[{"id":"1.231730206","rc":[{"ltp":1.94,"id":40096582}]}]}
{"op":"mcm","clk":"11845545416","pt":1723626131063,"mc":[{"id":"1.231730206","rc":[{"ltp":1.96,"id":40096582}]}]}
{"op":"mcm","clk":"11845618457","pt":1723627408772,"mc":[{"id":"1.231730206","rc":[{"ltp":2.04,"id":40096580}]}]}
{"op":"mcm","clk":"11845655276","pt":1723627995194,"mc":[{"id":"1.231730206","rc":[{"ltp":1.94,"id":40096582}]}]}
{"op":"mcm","clk":"11845662369","pt":1723628119286,"mc":[{"id":"1.231730206","rc":[{"ltp":1.95,"id":40096582}]}]}
{"op":"mcm","clk":"11845813499","pt":1723630436750,"mc":[{"id":"1.231730206","rc":[{"ltp":1.96,"id":40096582}]}]}
{"op":"mcm","clk":"11845966169","pt":1723632287715,"mc":[{"id":"1.231730206","rc":[{"ltp":1.95,"id":40096582}]}]}
{"op":"mcm","clk":"11846320580","pt":1723637059722,"mc":[{"id":"1.231730206","rc":[{"ltp":1.97,"id":40096582}]}]}
{"op":"mcm","clk":"11846335976","pt":1723637279783,"mc":[{"id":"1.231730206","rc":[{"ltp":1.98,"id":40096582}]}]}
{"op":"mcm","clk":"11846340842","pt":1723637360041,"mc":[{"id":"1.231730206","rc":[{"ltp":1.94,"id":40096582}]}]}
{"op":"mcm","clk":"11846348614","pt":1723637479572,"mc":[{"id":"1.231730206","rc":[{"ltp":1.97,"id":40096582}]}]}
{"op":"mcm","clk":"11846397473","pt":1723638047523,"mc":[{"id":"1.231730206","rc":[{"ltp":1.96,"id":40096582}]}]}
{"op":"mcm","clk":"11846427489","pt":1723638494314,"mc":[{"id":"1.231730206","rc":[{"ltp":1.98,"id":40096582}]}]}
{"op":"mcm","clk":"11846434068","pt":1723638578624,"mc":[{"id":"1.231730206","rc":[{"ltp":1.97,"id":40096582}]}]}
{"op":"mcm","clk":"11846442732","pt":1723638674219,"mc":[{"id":"1.231730206","rc":[{"ltp":1.96,"id":40096582}]}]}
{"op":"mcm","clk":"11846452273","pt":1723638780355,"mc":[{"id":"1.231730206","rc":[{"ltp":1.98,"id":40096582}]}]}
{"op":"mcm","clk":"11846457717","pt":1723638855406,"mc":[{"id":"1.231730206","rc":[{"ltp":1.96,"id":40096582}]}]}
{"op":"mcm","clk":"11846462133","pt":1723638916358,"mc":[{"id":"1.231730206","rc":[{"ltp":1.97,"id":40096582}]}]}
{"op":"mcm","clk":"11846465789","pt":1723638964887,"mc":[{"id":"1.231730206","rc":[{"ltp":1.96,"id":40096582}]}]}
{"op":"mcm","clk":"11846468635","pt":1723639003534,"mc":[{"id":"1.231730206","rc":[{"ltp":2.02,"id":40096580}]}]}
{"op":"mcm","clk":"11846477776","pt":1723639146396,"mc":[{"id":"1.231730206","rc":[{"ltp":1.97,"id":40096582}]}]}
{"op":"mcm","clk":"11846501453","pt":1723639503679,"mc":[{"id":"1.231730206","rc":[{"ltp":1.95,"id":40096582}]}]}
{"op":"mcm","clk":"11846510494","pt":1723639628531,"mc":[{"id":"1.231730206","rc":[{"ltp":1.96,"id":40096582}]}]}
{"op":"mcm","clk":"11846532081","pt":1723639925673,"mc":[{"id":"1.231730206","rc":[{"ltp":1.97,"id":40096582}]}]}
{"op":"mcm","clk":"11846538336","pt":1723640055124,"mc":[{"id":"1.231730206","rc":[{"ltp":1.98,"id":40096582}]}]}
{"op":"mcm","clk":"11846543631","pt":1723640177769,"mc":[{"id":"1.231730206","rc":[{"ltp":2.0,"id":40096580},{"ltp":2.0,"id":40096582}]}]}
{"op":"mcm","clk":"11846554587","pt":1723640418849,"mc":[{"id":"1.231730206","rc":[{"ltp":1.99,"id":40096582}]}]}
{"op":"mcm","clk":"11846557650","pt":1723640478091,"mc":[{"id":"1.231730206","rc":[{"ltp":1.98,"id":40096582}]}]}
{"op":"mcm","clk":"11846575625","pt":1723640776417,"mc":[{"id":"1.231730206","rc":[{"ltp":1.98,"id":40096580}]}]}
{"op":"mcm","clk":"11846579163","pt":1723640836962,"mc":[{"id":"1.231730206","rc":[{"ltp":2.0,"id":40096580},{"ltp":2.0,"id":40096582}]}]}
{"op":"mcm","clk":"11846591721","pt":1723641080112,"mc":[{"id":"1.231730206","rc":[{"ltp":1.98,"id":40096580}]}]}
{"op":"mcm","clk":"11846594575","pt":1723641139988,"mc":[{"id":"1.231730206","rc":[{"ltp":1.97,"id":40096580},{"ltp":2.02,"id":40096582}]}]}
{"op":"mcm","clk":"11846596968","pt":1723641189048,"mc":[{"id":"1.231730206","rc":[{"ltp":1.98,"id":40096580}]}]}
{"op":"mcm","clk":"11846603270","pt":1723641317873,"mc":[{"id":"1.231730206","rc":[{"ltp":1.96,"id":40096580}]}]}
{"op":"mcm","clk":"11846605918","pt":1723641368704,"mc":[{"id":"1.231730206","rc":[{"ltp":1.97,"id":40096580}]}]}
{"op":"mcm","clk":"11846609307","pt":1723641436772,"mc":[{"id":"1.231730206","rc":[{"ltp":1.96,"id":40096580}]}]}
{"op":"mcm","clk":"11846621728","pt":1723641670494,"mc":[{"id":"1.231730206","rc":[{"ltp":2.04,"id":40096582}]}]}
{"op":"mcm","clk":"11846627993","pt":1723641791610,"mc":[{"id":"1.231730206","rc":[{"ltp":2.06,"id":40096582}]}]}
{"op":"mcm","clk":"11846631668","pt":1723641860096,"mc":[{"id":"1.231730206","rc":[{"ltp":2.0,"id":40096580},{"ltp":2.0,"id":40096582}]}]}
{"op":"mcm","clk":"11846637463","pt":1723641970125,"mc":[{"id":"1.231730206","rc":[{"ltp":1.99,"id":40096582}]}]}
{"op":"mcm","clk":"11846641195","pt":1723642039456,"mc":[{"id":"1.231730206","rc":[{"ltp":1.99,"id":40096580}]}]}
{"op":"mcm","clk":"11846643365","pt":1723642085103,"mc":[{"id":"1.231730206","rc":[{"ltp":1.97,"id":40096580},{"ltp":2.02,"id":40096582}]}]}
{"op":"mcm","clk":"11846646648","pt":1723642160225,"mc":[{"id":"1.231730206","rc":[{"ltp":1.99,"id":40096580},{"ltp":1.99,"id":40096582}]}]}
{"op":"mcm","clk":"11846649298","pt":1723642219210,"mc":[{"id":"1.231730206","rc":[{"ltp":1.98,"id":40096580}]}]}
{"op":"mcm","clk":"11846652207","pt":1723642274914,"mc":[{"id":"1.231730206","rc":[{"ltp":1.97,"id":40096580},{"ltp":2.0,"id":40096582}]}]}
{"op":"mcm","clk":"11846655663","pt":1723642340186,"mc":[{"id":"1.231730206","rc":[{"ltp":1.99,"id":40096580},{"ltp":2.02,"id":40096582}]}]}
{"op":"mcm","clk":"11846658988","pt":1723642400248,"mc":[{"id":"1.231730206","rc":[{"ltp":2.06,"id":40096580},{"ltp":1.94,"id":40096582}]}]}
{"op":"mcm","clk":"11846662439","pt":1723642458685,"mc":[{"id":"1.231730206","rc":[{"ltp":2.14,"id":40096580},{"ltp":1.85,"id":40096582}]}]}
{"op":"mcm","clk":"11846666265","pt":1723642519971,"mc":[{"id":"1.231730206","rc":[{"ltp":2.16,"id":40096580},{"ltp":1.87,"id":40096582}]}]}
{"op":"mcm","clk":"11846669610","pt":1723642575626,"mc":[{"id":"1.231730206","rc":[{"ltp":2.14,"id":40096580}]}]}
{"op":"mcm","clk":"11846673223","pt":1723642637437,"mc":[{"id":"1.231730206","rc":[{"ltp":2.16,"id":40096580},{"ltp":1.85,"id":40096582}]}]}
{"op":"mcm","clk":"11846676811","pt":1723642699781,"mc":[{"id":"1.231730206","rc":[{"ltp":2.18,"id":40096580}]}]}
{"op":"mcm","clk":"11846679992","pt":1723642758740,"mc":[{"id":"1.231730206","rc":[{"ltp":2.16,"id":40096580}]}]}
{"op":"mcm","clk":"11846686416","pt":1723642878884,"mc":[{"id":"1.231730206","rc":[{"ltp":2.18,"id":40096580},{"ltp":1.83,"id":40096582}]}]}
{"op":"mcm","clk":"11846689722","pt":1723642939864,"mc":[{"id":"1.231730206","rc":[{"ltp":2.16,"id":40096580},{"ltp":1.85,"id":40096582}]}]}
{"op":"mcm","clk":"11846700550","pt":1723642999813,"mc":[{"id":"1.231730206","rc":[{"ltp":2.14,"id":40096580},{"ltp":1.86,"id":40096582}]}]}
{"op":"mcm","clk":"11846704175","pt":1723643058331,"mc":[{"id":"1.231730206","rc":[{"ltp":2.16,"id":40096580}]}]}
{"op":"mcm","clk":"11846707972","pt":1723643120138,"mc":[{"id":"1.231730206","rc":[{"ltp":2.14,"id":40096580},{"ltp":1.87,"id":40096582}]}]}
{"op":"mcm","clk":"11846711644","pt":1723643177176,"mc":[{"id":"1.231730206","rc":[{"ltp":2.12,"id":40096580},{"ltp":1.89,"id":40096582}]}]}
{"op":"mcm","clk":"11846715624","pt":1723643239356,"mc":[{"id":"1.231730206","rc":[{"ltp":2.14,"id":40096580},{"ltp":1.88,"id":40096582}]}]}
{"op":"mcm","clk":"11846719586","pt":1723643300094,"mc":[{"id":"1.231730206","rc":[{"ltp":2.12,"id":40096580}]}]}
{"op":"mcm","clk":"11846723318","pt":1723643358645,"mc":[{"id":"1.231730206","rc":[{"ltp":2.14,"id":40096580},{"ltp":1.87,"id":40096582}]}]}
{"op":"mcm","clk":"11846727150","pt":1723643419636,"mc":[{"id":"1.231730206","rc":[{"ltp":2.16,"id":40096580},{"ltp":1.85,"id":40096582}]}]}
{"op":"mcm","clk":"11846735239","pt":1723643539170,"mc":[{"id":"1.231730206","rc":[{"ltp":2.14,"id":40096580},{"ltp":1.88,"id":40096582}]}]}
{"op":"mcm","clk":"11846738896","pt":1723643599866,"mc":[{"id":"1.231730206","rc":[{"ltp":2.1,"id":40096580},{"ltp":1.89,"id":40096582}]}]}
{"op":"mcm","clk":"11846742706","pt":1723643659351,"mc":[{"id":"1.231730206","rc":[{"ltp":2.12,"id":40096580},{"ltp":1.87,"id":40096582}]}]}
{"op":"mcm","clk":"11846746587","pt":1723643717841,"mc":[{"id":"1.231730206","rc":[{"ltp":2.14,"id":40096580}]}]}
{"op":"mcm","clk":"11846750769","pt":1723643780115,"mc":[{"id":"1.231730206","rc":[{"ltp":2.16,"id":40096580}]}]}
{"op":"mcm","clk":"11846754895","pt":1723643840082,"mc":[{"id":"1.231730206","rc":[{"ltp":2.14,"id":40096580}]}]}
{"op":"mcm","clk":"11846758962","pt":1723643899934,"mc":[{"id":"1.231730206","rc":[{"ltp":2.16,"id":40096580},{"ltp":1.86,"id":40096582}]}]}
{"op":"mcm","clk":"11846767747","pt":1723644019722,"mc":[{"id":"1.231730206","marketDefinition":{"bspMarket":false,"turnInPlayEnabled":true,"persistenceEnabled":true,"marketBaseRate":5.0,"eventId":"33488374","eventTypeId":"4","numberOfWinners":1,"bettingType":"ODDS","marketType":"MATCH_ODDS","marketTime":"2024-08-14T14:00:00.000Z","suspendTime":"2024-08-14T14:00:00.000Z","bspReconciled":false,"complete":true,"inPlay":true,"crossMatching":true,"runnersVoidable":false,"numberOfActiveRunners":2,"betDelay":5,"status":"OPEN","runners":[{"status":"ACTIVE","sortPriority":1,"id":40096580,"name":"Trent Rockets Women"},{"status":"ACTIVE","sortPriority":2,"id":40096582,"name":"Oval Invincibles Women"}],"regulators":["MR_INT"],"countryCode":"GB","discountAllowed":true,"timezone":"GMT","openDate":"2024-08-14T14:00:00.000Z","version":6074324240,"name":"Match Odds","eventName":"Trent Rockets Women v Oval Invincibles Women"},"rc":[{"ltp":2.14,"id":40096580},{"ltp":1.87,"id":40096582}]}]}
{"op":"mcm","clk":"11846772198","pt":1723644080260,"mc":[{"id":"1.231730206","rc":[{"ltp":2.2,"id":40096580},{"ltp":1.83,"id":40096582}]}]}
{"op":"mcm","clk":"11846776654","pt":1723644140242,"mc":[{"id":"1.231730206","rc":[{"ltp":1.81,"id":40096582}]}]}
{"op":"mcm","clk":"11846781549","pt":1723644200204,"mc":[{"id":"1.231730206","rc":[{"ltp":2.24,"id":40096580},{"ltp":1.8,"id":40096582}]}]}
{"op":"mcm","clk":"11846786345","pt":1723644260193,"mc":[{"id":"1.231730206","rc":[{"ltp":2.28,"id":40096580},{"ltp":1.77,"id":40096582}]}]}
{"op":"mcm","clk":"11846791023","pt":1723644320235,"mc":[{"id":"1.231730206","rc":[{"ltp":2.62,"id":40096580},{"ltp":1.61,"id":40096582}]}]}
{"op":"mcm","clk":"11846795593","pt":1723644380203,"mc":[{"id":"1.231730206","rc":[{"ltp":2.52,"id":40096580},{"ltp":1.65,"id":40096582}]}]}
{"op":"mcm","clk":"11846799984","pt":1723644440090,"mc":[{"id":"1.231730206","rc":[{"ltp":3.1,"id":40096580},{"ltp":1.47,"id":40096582}]}]}
{"op":"mcm","clk":"11846804073","pt":1723644500168,"mc":[{"id":"1.231730206","rc":[{"ltp":3.0,"id":40096580},{"ltp":1.49,"id":40096582}]}]}
{"op":"mcm","clk":"11846808287","pt":1723644560231,"mc":[{"id":"1.231730206","rc":[{"ltp":3.2,"id":40096580},{"ltp":1.45,"id":40096582}]}]}
{"op":"mcm","clk":"11846812102","pt":1723644620192,"mc":[{"id":"1.231730206","rc":[{"ltp":3.15,"id":40096580},{"ltp":1.47,"id":40096582}]}]}
{"op":"mcm","clk":"11846816034","pt":1723644680189,"mc":[{"id":"1.231730206","rc":[{"ltp":5.1,"id":40096580},{"ltp":1.24,"id":40096582}]}]}
{"op":"mcm","clk":"11846820437","pt":1723644740251,"mc":[{"id":"1.231730206","rc":[{"ltp":5.5,"id":40096580},{"ltp":1.21,"id":40096582}]}]}
{"op":"mcm","clk":"11846825060","pt":1723644800222,"mc":[{"id":"1.231730206","rc":[{"ltp":1.22,"id":40096582}]}]}
{"op":"mcm","clk":"11846829321","pt":1723644860224,"mc":[{"id":"1.231730206","rc":[{"ltp":5.1,"id":40096580},{"ltp":1.24,"id":40096582}]}]}
{"op":"mcm","clk":"11846833526","pt":1723644920180,"mc":[{"id":"1.231730206","rc":[{"ltp":1.25,"id":40096582}]}]}
{"op":"mcm","clk":"11846837996","pt":1723644980260,"mc":[{"id":"1.231730206","rc":[{"ltp":1.24,"id":40096582}]}]}
{"op":"mcm","clk":"11846846434","pt":1723645100144,"mc":[{"id":"1.231730206","rc":[{"ltp":5.4,"id":40096580},{"ltp":1.23,"id":40096582}]}]}
{"op":"mcm","clk":"11846851101","pt":1723645160183,"mc":[{"id":"1.231730206","rc":[{"ltp":5.3,"id":40096580}]}]}
{"op":"mcm","clk":"11846863498","pt":1723645340098,"mc":[{"id":"1.231730206","rc":[{"ltp":5.1,"id":40096580},{"ltp":1.24,"id":40096582}]}]}
{"op":"mcm","clk":"11846867718","pt":1723645400250,"mc":[{"id":"1.231730206","rc":[{"ltp":4.8,"id":40096580},{"ltp":1.27,"id":40096582}]}]}
{"op":"mcm","clk":"11846872036","pt":1723645460235,"mc":[{"id":"1.231730206","rc":[{"ltp":4.5,"id":40096580},{"ltp":1.29,"id":40096582}]}]}
{"op":"mcm","clk":"11846881294","pt":1723645580175,"mc":[{"id":"1.231730206","rc":[{"ltp":3.5,"id":40096580},{"ltp":1.4,"id":40096582}]}]}
{"op":"mcm","clk":"11846890305","pt":1723645700090,"mc":[{"id":"1.231730206","rc":[{"ltp":2.72,"id":40096580},{"ltp":1.58,"id":40096582}]}]}
{"op":"mcm","clk":"11846895158","pt":1723645760172,"mc":[{"id":"1.231730206","rc":[{"ltp":2.68,"id":40096580},{"ltp":1.59,"id":40096582}]}]}
{"op":"mcm","clk":"11846899973","pt":1723645820168,"mc":[{"id":"1.231730206","rc":[{"ltp":2.66,"id":40096580},{"ltp":1.6,"id":40096582}]}]}
{"op":"mcm","clk":"11846905125","pt":1723645879837,"mc":[{"id":"1.231730206","rc":[{"ltp":2.74,"id":40096580},{"ltp":1.57,"id":40096582}]}]}
{"op":"mcm","clk":"11846910360","pt":1723645940228,"mc":[{"id":"1.231730206","rc":[{"ltp":1.58,"id":40096582}]}]}
{"op":"mcm","clk":"11846918078","pt":1723646000161,"mc":[{"id":"1.231730206","rc":[{"ltp":3.4,"id":40096580},{"ltp":1.41,"id":40096582}]}]}
{"op":"mcm","clk":"11846924213","pt":1723646060212,"mc":[{"id":"1.231730206","rc":[{"ltp":3.5,"id":40096580},{"ltp":1.4,"id":40096582}]}]}
{"op":"mcm","clk":"11846929627","pt":1723646120169,"mc":[{"id":"1.231730206","rc":[{"ltp":3.25,"id":40096580},{"ltp":1.45,"id":40096582}]}]}
{"op":"mcm","clk":"11846935148","pt":1723646180247,"mc":[{"id":"1.231730206","rc":[{"ltp":3.0,"id":40096580},{"ltp":1.48,"id":40096582}]}]}
{"op":"mcm","clk":"11846940955","pt":1723646240125,"mc":[{"id":"1.231730206","rc":[{"ltp":2.8,"id":40096580},{"ltp":1.58,"id":40096582}]}]}
{"op":"mcm","clk":"11846946550","pt":1723646300076,"mc":[{"id":"1.231730206","rc":[{"ltp":1.55,"id":40096582}]}]}
{"op":"mcm","clk":"11846952141","pt":1723646360138,"mc":[{"id":"1.231730206","rc":[{"ltp":2.82,"id":40096580}]}]}
{"op":"mcm","clk":"11846957970","pt":1723646420239,"mc":[{"id":"1.231730206","rc":[{"ltp":2.64,"id":40096580},{"ltp":1.64,"id":40096582}]}]}
{"op":"mcm","clk":"11846963877","pt":1723646480166,"mc":[{"id":"1.231730206","rc":[{"ltp":4.1,"id":40096580},{"ltp":1.32,"id":40096582}]}]}
{"op":"mcm","clk":"11846969713","pt":1723646540257,"mc":[{"id":"1.231730206","rc":[{"ltp":3.95,"id":40096580},{"ltp":1.34,"id":40096582}]}]}
{"op":"mcm","clk":"11846975159","pt":1723646600219,"mc":[{"id":"1.231730206","rc":[{"ltp":3.85,"id":40096580}]}]}
{"op":"mcm","clk":"11846980795","pt":1723646660232,"mc":[{"id":"1.231730206","rc":[{"ltp":4.0,"id":40096580},{"ltp":1.35,"id":40096582}]}]}
{"op":"mcm","clk":"11846986430","pt":1723646720197,"mc":[{"id":"1.231730206","rc":[{"ltp":3.75,"id":40096580},{"ltp":1.36,"id":40096582}]}]}
{"op":"mcm","clk":"11846991861","pt":1723646780163,"mc":[{"id":"1.231730206","rc":[{"ltp":3.7,"id":40096580},{"ltp":1.38,"id":40096582}]}]}
{"op":"mcm","clk":"11846996836","pt":1723646840057,"mc":[{"id":"1.231730206","rc":[{"ltp":3.8,"id":40096580},{"ltp":1.36,"id":40096582}]}]}
{"op":"mcm","clk":"11847002627","pt":1723646900033,"mc":[{"id":"1.231730206","rc":[{"ltp":3.7,"id":40096580},{"ltp":1.37,"id":40096582}]}]}
{"op":"mcm","clk":"11847008338","pt":1723646960170,"mc":[{"id":"1.231730206","rc":[{"ltp":4.5,"id":40096580},{"ltp":1.26,"id":40096582}]}]}
{"op":"mcm","clk":"11847014530","pt":1723647020143,"mc":[{"id":"1.231730206","rc":[{"ltp":5.1,"id":40096580},{"ltp":1.24,"id":40096582}]}]}
{"op":"mcm","clk":"11847026743","pt":1723647139970,"mc":[{"id":"1.231730206","rc":[{"ltp":1.25,"id":40096582}]}]}
{"op":"mcm","clk":"11847033797","pt":1723647200251,"mc":[{"id":"1.231730206","rc":[{"ltp":5.4,"id":40096580},{"ltp":1.23,"id":40096582}]}]}
{"op":"mcm","clk":"11847041672","pt":1723647260070,"mc":[{"id":"1.231730206","rc":[{"ltp":5.3,"id":40096580}]}]}
{"op":"mcm","clk":"11847049155","pt":1723647320253,"mc":[{"id":"1.231730206","rc":[{"ltp":5.2,"id":40096580}]}]}
{"op":"mcm","clk":"11847056212","pt":1723647380217,"mc":[{"id":"1.231730206","rc":[{"ltp":5.3,"id":40096580}]}]}
{"op":"mcm","clk":"11847062607","pt":1723647440066,"mc":[{"id":"1.231730206","rc":[{"ltp":5.7,"id":40096580},{"ltp":1.21,"id":40096582}]}]}
{"op":"mcm","clk":"11847069830","pt":1723647500161,"mc":[{"id":"1.231730206","rc":[{"ltp":7.2,"id":40096580},{"ltp":1.16,"id":40096582}]}]}
{"op":"mcm","clk":"11847084770","pt":1723647620248,"mc":[{"id":"1.231730206","rc":[{"ltp":8.8,"id":40096580},{"ltp":1.13,"id":40096582}]}]}
{"op":"mcm","clk":"11847092260","pt":1723647680244,"mc":[{"id":"1.231730206","rc":[{"ltp":9.6,"id":40096580},{"ltp":1.12,"id":40096582}]}]}
{"op":"mcm","clk":"11847098802","pt":1723647740205,"mc":[{"id":"1.231730206","rc":[{"ltp":10.0,"id":40096580},{"ltp":1.11,"id":40096582}]}]}
{"op":"mcm","clk":"11847104826","pt":1723647800060,"mc":[{"id":"1.231730206","rc":[{"ltp":10.5,"id":40096580}]}]}
{"op":"mcm","clk":"11847125384","pt":1723647980179,"mc":[{"id":"1.231730206","rc":[{"ltp":11.0,"id":40096580},{"ltp":1.1,"id":40096582}]}]}
{"op":"mcm","clk":"11847131881","pt":1723648040249,"mc":[{"id":"1.231730206","rc":[{"ltp":12.0,"id":40096580},{"ltp":1.09,"id":40096582}]}]}
{"op":"mcm","clk":"11847138134","pt":1723648100174,"mc":[{"id":"1.231730206","rc":[{"ltp":10.0,"id":40096580},{"ltp":1.11,"id":40096582}]}]}
{"op":"mcm","clk":"11847151441","pt":1723648220201,"mc":[{"id":"1.231730206","rc":[{"ltp":9.4,"id":40096580},{"ltp":1.12,"id":40096582}]}]}
{"op":"mcm","clk":"11847158168","pt":1723648280059,"mc":[{"id":"1.231730206","rc":[{"ltp":9.0,"id":40096580},{"ltp":1.13,"id":40096582}]}]}
{"op":"mcm","clk":"11847165509","pt":1723648340131,"mc":[{"id":"1.231730206","rc":[{"ltp":9.2,"id":40096580},{"ltp":1.12,"id":40096582}]}]}
{"op":"mcm","clk":"11847179792","pt":1723648400202,"mc":[{"id":"1.231730206","rc":[{"ltp":10.0,"id":40096580},{"ltp":1.11,"id":40096582}]}]}
{"op":"mcm","clk":"11847187017","pt":1723648460032,"mc":[{"id":"1.231730206","rc":[{"ltp":9.6,"id":40096580}]}]}
{"op":"mcm","clk":"11847193942","pt":1723648519505,"mc":[{"id":"1.231730206","rc":[{"ltp":9.4,"id":40096580},{"ltp":1.12,"id":40096582}]}]}
{"op":"mcm","clk":"11847201074","pt":1723648579511,"mc":[{"id":"1.231730206","rc":[{"ltp":9.2,"id":40096580}]}]}
{"op":"mcm","clk":"11847208083","pt":1723648639687,"mc":[{"id":"1.231730206","rc":[{"ltp":1.11,"id":40096582}]}]}
{"op":"mcm","clk":"11847214771","pt":1723648700238,"mc":[{"id":"1.231730206","rc":[{"ltp":1.12,"id":40096582}]}]}
{"op":"mcm","clk":"11847221096","pt":1723648760000,"mc":[{"id":"1.231730206","rc":[{"ltp":9.4,"id":40096580},{"ltp":1.11,"id":40096582}]}]}
{"op":"mcm","clk":"11847228103","pt":1723648820254,"mc":[{"id":"1.231730206","rc":[{"ltp":1.12,"id":40096582}]}]}
{"op":"mcm","clk":"11847234553","pt":1723648880122,"mc":[{"id":"1.231730206","rc":[{"ltp":9.2,"id":40096580}]}]}
{"op":"mcm","clk":"11847241128","pt":1723648940066,"mc":[{"id":"1.231730206","rc":[{"ltp":10.5,"id":40096580},{"ltp":1.11,"id":40096582}]}]}
{"op":"mcm","clk":"11847247538","pt":1723649000248,"mc":[{"id":"1.231730206","rc":[{"ltp":11.0,"id":40096580},{"ltp":1.1,"id":40096582}]}]}
{"op":"mcm","clk":"11847253781","pt":1723649060219,"mc":[{"id":"1.231730206","rc":[{"ltp":13.5,"id":40096580},{"ltp":1.08,"id":40096582}]}]}
{"op":"mcm","clk":"11847259762","pt":1723649120156,"mc":[{"id":"1.231730206","rc":[{"ltp":14.0,"id":40096580}]}]}
{"op":"mcm","clk":"11847265419","pt":1723649180210,"mc":[{"id":"1.231730206","rc":[{"ltp":13.5,"id":40096580}]}]}
{"op":"mcm","clk":"11847271455","pt":1723649240216,"mc":[{"id":"1.231730206","rc":[{"ltp":12.0,"id":40096580},{"ltp":1.09,"id":40096582}]}]}
{"op":"mcm","clk":"11847277227","pt":1723649300174,"mc":[{"id":"1.231730206","rc":[{"ltp":13.5,"id":40096580},{"ltp":1.08,"id":40096582}]}]}
{"op":"mcm","clk":"11847288711","pt":1723649419728,"mc":[{"id":"1.231730206","rc":[{"ltp":16.5,"id":40096580},{"ltp":1.07,"id":40096582}]}]}
{"op":"mcm","clk":"11847294543","pt":1723649480147,"mc":[{"id":"1.231730206","rc":[{"ltp":17.5,"id":40096580},{"ltp":1.06,"id":40096582}]}]}
{"op":"mcm","clk":"11847300860","pt":1723649540202,"mc":[{"id":"1.231730206","rc":[{"ltp":20.0,"id":40096580}]}]}
{"op":"mcm","clk":"11847306807","pt":1723649600204,"mc":[{"id":"1.231730206","rc":[{"ltp":15.5,"id":40096580},{"ltp":1.07,"id":40096582}]}]}
{"op":"mcm","clk":"11847312597","pt":1723649660253,"mc":[{"id":"1.231730206","rc":[{"ltp":10.0,"id":40096580},{"ltp":1.11,"id":40096582}]}]}
{"op":"mcm","clk":"11847319201","pt":1723649720223,"mc":[{"id":"1.231730206","rc":[{"ltp":7.8,"id":40096580},{"ltp":1.15,"id":40096582}]}]}
{"op":"mcm","clk":"11847325242","pt":1723649780064,"mc":[{"id":"1.231730206","rc":[{"ltp":10.0,"id":40096580},{"ltp":1.11,"id":40096582}]}]}
{"op":"mcm","clk":"11847331502","pt":1723649840093,"mc":[{"id":"1.231730206","rc":[{"ltp":9.2,"id":40096580},{"ltp":1.12,"id":40096582}]}]}
{"op":"mcm","clk":"11847337703","pt":1723649900181,"mc":[{"id":"1.231730206","rc":[{"ltp":8.6,"id":40096580}]}]}
{"op":"mcm","clk":"11847344329","pt":1723649960145,"mc":[{"id":"1.231730206","rc":[{"ltp":9.4,"id":40096580},{"ltp":1.11,"id":40096582}]}]}
{"op":"mcm","clk":"11847353142","pt":1723650020122,"mc":[{"id":"1.231730206","rc":[{"ltp":10.0,"id":40096580}]}]}
{"op":"mcm","clk":"11847360881","pt":1723650080110,"mc":[{"id":"1.231730206","rc":[{"ltp":9.4,"id":40096580},{"ltp":1.12,"id":40096582}]}]}
{"op":"mcm","clk":"11847368193","pt":1723650139983,"mc":[{"id":"1.231730206","rc":[{"ltp":9.2,"id":40096580}]}]}
{"op":"mcm","clk":"11847375526","pt":1723650200246,"mc":[{"id":"1.231730206","rc":[{"ltp":9.4,"id":40096580}]}]}
{"op":"mcm","clk":"11847382401","pt":1723650260217,"mc":[{"id":"1.231730206","rc":[{"ltp":9.2,"id":40096580}]}]}
{"op":"mcm","clk":"11847389858","pt":1723650320161,"mc":[{"id":"1.231730206","rc":[{"ltp":6.4,"id":40096580},{"ltp":1.19,"id":40096582}]}]}
{"op":"mcm","clk":"11847397114","pt":1723650380234,"mc":[{"id":"1.231730206","rc":[{"ltp":6.0,"id":40096580},{"ltp":1.18,"id":40096582}]}]}
{"op":"mcm","clk":"11847404710","pt":1723650440216,"mc":[{"id":"1.231730206","rc":[{"ltp":9.2,"id":40096580},{"ltp":1.12,"id":40096582}]}]}
{"op":"mcm","clk":"11847411813","pt":1723650500180,"mc":[{"id":"1.231730206","rc":[{"ltp":9.0,"id":40096580},{"ltp":1.13,"id":40096582}]}]}
{"op":"mcm","clk":"11847417793","pt":1723650560243,"mc":[{"id":"1.231730206","rc":[{"ltp":8.0,"id":40096580},{"ltp":1.14,"id":40096582}]}]}
{"op":"mcm","clk":"11847424438","pt":1723650620198,"mc":[{"id":"1.231730206","rc":[{"ltp":7.8,"id":40096580},{"ltp":1.15,"id":40096582}]}]}
{"op":"mcm","clk":"11847431408","pt":1723650680254,"mc":[{"id":"1.231730206","rc":[{"ltp":5.0,"id":40096580},{"ltp":1.25,"id":40096582}]}]}
{"op":"mcm","clk":"11847445508","pt":1723650800205,"mc":[{"id":"1.231730206","rc":[{"ltp":2.82,"id":40096580},{"ltp":1.55,"id":40096582}]}]}
{"op":"mcm","clk":"11847452685","pt":1723650860222,"mc":[{"id":"1.231730206","rc":[{"ltp":3.25,"id":40096580},{"ltp":1.44,"id":40096582}]}]}
{"op":"mcm","clk":"11847460069","pt":1723650920208,"mc":[{"id":"1.231730206","rc":[{"ltp":3.15,"id":40096580},{"ltp":1.46,"id":40096582}]}]}
{"op":"mcm","clk":"11847467541","pt":1723650980158,"mc":[{"id":"1.231730206","rc":[{"ltp":3.05,"id":40096580},{"ltp":1.48,"id":40096582}]}]}
{"op":"mcm","clk":"11847475319","pt":1723651040214,"mc":[{"id":"1.231730206","rc":[{"ltp":3.55,"id":40096580},{"ltp":1.38,"id":40096582}]}]}
{"op":"mcm","clk":"11847483508","pt":1723651100240,"mc":[{"id":"1.231730206","rc":[{"ltp":4.4,"id":40096580},{"ltp":1.29,"id":40096582}]}]}
{"op":"mcm","clk":"11847491245","pt":1723651160211,"mc":[{"id":"1.231730206","rc":[{"ltp":4.3,"id":40096580},{"ltp":1.3,"id":40096582}]}]}
{"op":"mcm","clk":"11847499658","pt":1723651220083,"mc":[{"id":"1.231730206","rc":[{"ltp":1.29,"id":40096582}]}]}
{"op":"mcm","clk":"11847508366","pt":1723651280142,"mc":[{"id":"1.231730206","rc":[{"ltp":4.4,"id":40096580},{"ltp":1.31,"id":40096582}]}]}
{"op":"mcm","clk":"11847517053","pt":1723651340097,"mc":[{"id":"1.231730206","rc":[{"ltp":6.2,"id":40096580},{"ltp":1.19,"id":40096582}]}]}
{"op":"mcm","clk":"11847525588","pt":1723651400240,"mc":[{"id":"1.231730206","rc":[{"ltp":12.5,"id":40096580},{"ltp":1.08,"id":40096582}]}]}
{"op":"mcm","clk":"11847534037","pt":1723651460079,"mc":[{"id":"1.231730206","rc":[{"ltp":15.0,"id":40096580},{"ltp":1.07,"id":40096582}]}]}
{"op":"mcm","clk":"11847542260","pt":1723651520064,"mc":[{"id":"1.231730206","rc":[{"ltp":17.5,"id":40096580},{"ltp":1.06,"id":40096582}]}]}
{"op":"mcm","clk":"11847550531","pt":1723651580198,"mc":[{"id":"1.231730206","rc":[{"ltp":18.0,"id":40096580}]}]}
{"op":"mcm","clk":"11847558299","pt":1723651640243,"mc":[{"id":"1.231730206","rc":[{"ltp":19.5,"id":40096580}]}]}
{"op":"mcm","clk":"11847566550","pt":1723651700246,"mc":[{"id":"1.231730206","rc":[{"ltp":15.0,"id":40096580},{"ltp":1.07,"id":40096582}]}]}
{"op":"mcm","clk":"11847575004","pt":1723651760111,"mc":[{"id":"1.231730206","rc":[{"ltp":13.5,"id":40096580},{"ltp":1.08,"id":40096582}]}]}
{"op":"mcm","clk":"11847583331","pt":1723651820178,"mc":[{"id":"1.231730206","rc":[{"ltp":14.0,"id":40096580},{"ltp":1.07,"id":40096582}]}]}
{"op":"mcm","clk":"11847592116","pt":1723651880242,"mc":[{"id":"1.231730206","rc":[{"ltp":12.0,"id":40096580},{"ltp":1.09,"id":40096582}]}]}
{"op":"mcm","clk":"11847600457","pt":1723651940195,"mc":[{"id":"1.231730206","rc":[{"ltp":17.5,"id":40096580},{"ltp":1.06,"id":40096582}]}]}
{"op":"mcm","clk":"11847609171","pt":1723652000246,"mc":[{"id":"1.231730206","rc":[{"ltp":70.0,"id":40096580},{"ltp":1.02,"id":40096582}]}]}
{"op":"mcm","clk":"11847618014","pt":1723652060222,"mc":[{"id":"1.231730206","rc":[{"ltp":50.0,"id":40096580}]}]}
{"op":"mcm","clk":"11847626161","pt":1723652120161,"mc":[{"id":"1.231730206","rc":[{"ltp":28.0,"id":40096580},{"ltp":1.03,"id":40096582}]}]}
{"op":"mcm","clk":"11847634775","pt":1723652180230,"mc":[{"id":"1.231730206","rc":[{"ltp":21.0,"id":40096580},{"ltp":1.05,"id":40096582}]}]}
{"op":"mcm","clk":"11847643445","pt":1723652240157,"mc":[{"id":"1.231730206","rc":[{"ltp":18.0,"id":40096580}]}]}
{"op":"mcm","clk":"11847652220","pt":1723652300214,"mc":[{"id":"1.231730206","rc":[{"ltp":150.0,"id":40096580},{"ltp":1.01,"id":40096582}]}]}
{"op":"mcm","clk":"11847660936","pt":1723652360107,"mc":[{"id":"1.231730206","rc":[{"ltp":85.0,"id":40096580},{"ltp":1.02,"id":40096582}]}]}
{"op":"mcm","clk":"11847669872","pt":1723652420256,"mc":[{"id":"1.231730206","rc":[{"ltp":50.0,"id":40096580}]}]}
{"op":"mcm","clk":"11847678376","pt":1723652480201,"mc":[{"id":"1.231730206","rc":[{"ltp":55.0,"id":40096580}]}]}
{"op":"mcm","clk":"11847686576","pt":1723652540203,"mc":[{"id":"1.231730206","rc":[{"ltp":140.0,"id":40096580},{"ltp":1.01,"id":40096582}]}]}
{"op":"mcm","clk":"11847694460","pt":1723652600113,"mc":[{"id":"1.231730206","rc":[{"ltp":200.0,"id":40096580}]}]}
{"op":"mcm","clk":"11847702675","pt":1723652660256,"mc":[{"id":"1.231730206","rc":[{"ltp":65.0,"id":40096580}]}]}
{"op":"mcm","clk":"11847710173","pt":1723652720226,"mc":[{"id":"1.231730206","rc":[{"ltp":50.0,"id":40096580},{"ltp":1.02,"id":40096582}]}]}
{"op":"mcm","clk":"11847717916","pt":1723652780242,"mc":[{"id":"1.231730206","rc":[{"ltp":1.03,"id":40096582}]}]}
{"op":"mcm","clk":"11847725697","pt":1723652840211,"mc":[{"id":"1.231730206","rc":[{"ltp":55.0,"id":40096580},{"ltp":1.01,"id":40096582}]}]}
{"op":"mcm","clk":"11847733276","pt":1723652900134,"mc":[{"id":"1.231730206","rc":[{"ltp":34.0,"id":40096580},{"ltp":1.03,"id":40096582}]}]}
{"op":"mcm","clk":"11847740669","pt":1723652960211,"mc":[{"id":"1.231730206","rc":[{"ltp":10.0,"id":40096580},{"ltp":1.11,"id":40096582}]}]}
{"op":"mcm","clk":"11847748042","pt":1723653020164,"mc":[{"id":"1.231730206","rc":[{"ltp":15.0,"id":40096580},{"ltp":1.07,"id":40096582}]}]}
{"op":"mcm","clk":"11847756177","pt":1723653079974,"mc":[{"id":"1.231730206","rc":[{"ltp":170.0,"id":40096580},{"ltp":1.01,"id":40096582}]}]}
{"op":"mcm","clk":"11847764375","pt":1723653140223,"mc":[{"id":"1.231730206","rc":[{"ltp":1000.0,"id":40096580}]}]}
{"op":"mcm","clk":"11847771940","pt":1723653198881,"mc":[{"id":"1.231730206","marketDefinition":{"bspMarket":false,"turnInPlayEnabled":true,"persistenceEnabled":true,"marketBaseRate":5.0,"eventId":"33488374","eventTypeId":"4","numberOfWinners":1,"bettingType":"ODDS","marketType":"MATCH_ODDS","marketTime":"2024-08-14T14:00:00.000Z","suspendTime":"2024-08-14T14:00:00.000Z","bspReconciled":false,"complete":true,"inPlay":true,"crossMatching":true,"runnersVoidable":false,"numberOfActiveRunners":2,"betDelay":5,"status":"SUSPENDED","runners":[{"status":"ACTIVE","sortPriority":1,"id":40096580,"name":"Trent Rockets Women"},{"status":"ACTIVE","sortPriority":2,"id":40096582,"name":"Oval Invincibles Women"}],"regulators":["MR_INT"],"countryCode":"GB","discountAllowed":true,"timezone":"GMT","openDate":"2024-08-14T14:00:00.000Z","version":6074567525,"name":"Match Odds","eventName":"Trent Rockets Women v Oval Invincibles Women"}}]}
{"op":"mcm","clk":"11847787167","pt":1723653316251,"mc":[{"id":"1.231730206","marketDefinition":{"bspMarket":false,"turnInPlayEnabled":true,"persistenceEnabled":true,"marketBaseRate":5.0,"eventId":"33488374","eventTypeId":"4","numberOfWinners":1,"bettingType":"ODDS","marketType":"MATCH_ODDS","marketTime":"2024-08-14T14:00:00.000Z","suspendTime":"2024-08-14T14:00:00.000Z","bspReconciled":false,"complete":true,"inPlay":true,"crossMatching":false,"runnersVoidable":false,"numberOfActiveRunners":0,"betDelay":5,"status":"CLOSED","settledTime":"2024-08-14T16:34:30.000Z","runners":[{"status":"LOSER","sortPriority":1,"id":40096580,"name":"Trent Rockets Women"},{"status":"WINNER","sortPriority":2,"id":40096582,"name":"Oval Invincibles Women"}],"regulators":["MR_INT"],"countryCode":"GB","discountAllowed":true,"timezone":"GMT","openDate":"2024-08-14T14:00:00.000Z","version":6074575549,"name":"Match Odds","eventName":"Trent Rockets Women v Oval Invincibles Women"}}]}
