{"op":"mcm","clk":"11872407789","pt":1723927518877,"mc":[{"id":"1.231946357","marketDefinition":{"bspMarket":false,"turnInPlayEnabled":true,"persistenceEnabled":true,"marketBaseRate":5.0,"eventId":"33504088","eventTypeId":"4","numberOfWinners":1,"bettingType":"ODDS","marketType":"MATCH_ODDS","marketTime":"2024-08-18T17:00:00.000Z","suspendTime":"2024-08-18T17:00:00.000Z","bspReconciled":false,"complete":true,"inPlay":false,"crossMatching":true,"runnersVoidable":false,"numberOfActiveRunners":2,"betDelay":0,"status":"OPEN","runners":[{"status":"ACTIVE","sortPriority":1,"id":26354923,"name":"Oval Invincibles"},{"status":"ACTIVE","sortPriority":2,"id":26354926,"name":"Southern Brave"}],"regulators":["MR_INT"],"countryCode":"GB","discountAllowed":true,"timezone":"GMT","openDate":"2024-08-18T17:00:00.000Z","version":6081919860,"name":"Match Odds","eventName":"Oval Invincibles v Southern Brave"}}]}
{"op":"mcm","clk":"11872435341","pt":1723927797947,"mc":[{"id":"1.231946357","rc":[{"ltp":1.92,"id":26354926},{"ltp":2.08,"id":26354923}]}]}
{"op":"mcm","clk":"11872506197","pt":1723928716369,"mc":[{"id":"1.231946357","rc":[{"ltp":2.0,"id":26354923}]}]}
{"op":"mcm","clk":"11872589185","pt":1723929611556,"mc":[{"id":"1.231946357","rc":[{"ltp":1.97,"id":26354926}]}]}
{"op":"mcm","clk":"11872624013","pt":1723930058657,"mc":[{"id":"1.231946357","rc":[{"ltp":2.02,"id":26354923}]}]}
{"op":"mcm","clk":"11872636261","pt":1723930210729,"mc":[{"id":"1.231946357","rc":[{"ltp":1.98,"id":26354926}]}]}
{"op":"mcm","clk":"11872706346","pt":1723931037697,"mc":[{"id":"1.231946357","rc":[{"ltp":1.99,"id":26354926},{"ltp":2.0,"id":26354923}]}]}
{"op":"mcm","clk":"11872767799","pt":1723931814843,"mc":[{"id":"1.231946357","rc":[{"ltp":1.98,"id":26354926},{"ltp":2.02,"id":26354923}]}]}
{"op":"mcm","clk":"11872787486","pt":1723932125559,"mc":[{"id":"1.231946357","rc":[{"ltp":1.97,"id":26354926}]}]}
{"op":"mcm","clk":"11872817359","pt":1723932554794,"mc":[{"id":"1.231946357","rc":[{"ltp":2.02,"id":26354926},{"ltp":1.98,"id":26354923}]}]}
{"op":"mcm","clk":"11872822337","pt":1723932618776,"mc":[{"id":"1.231946357","rc":[{"ltp":2.0,"id":26354926},{"ltp":2.0,"id":26354923}]}]}
{"op":"mcm","clk":"11872825867","pt":1723932669636,"mc":[{"id":"1.231946357","rc":[{"ltp":1.99,"id":26354923}]}]}
{"op":"mcm","clk":"11872839066","pt":1723932851767,"mc":[{"id":"1.231946357","rc":[{"ltp":2.0,"id":26354923}]}]}
{"op":"mcm","clk":"11872873678","pt":1723933331999,"mc":[{"id":"1.231946357","rc":[{"ltp":1.99,"id":26354926}]}]}
{"op":"mcm","clk":"11872880075","pt":1723933437431,"mc":[{"id":"1.231946357","rc":[{"ltp":2.02,"id":26354923}]}]}
{"op":"mcm","clk":"11872884551","pt":1723933512855,"mc":[{"id":"1.231946357","rc":[{"ltp":2.0,"id":26354923}]}]}
{"op":"mcm","clk":"11872907658","pt":1723933864678,"mc":[{"id":"1.231946357","rc":[{"ltp":2.0,"id":26354926}]}]}
{"op":"mcm","clk":"11872912435","pt":1723933934839,"mc":[{"id":"1.231946357","rc":[{"ltp":1.99,"id":26354926}]}]}
{"op":"mcm","clk":"11872998443","pt":1723935096750,"mc":[{"id":"1.231946357","rc":[{"ltp":1.98,"id":26354926}]}]}
{"op":"mcm","clk":"11873019206","pt":1723935438906,"mc":[{"id":"1.231946357","rc":[{"ltp":2.0,"id":26354926}]}]}
{"op":"mcm","clk":"11873022217","pt":1723935493048,"mc":[{"id":"1.231946357","rc":[{"ltp":1.99,"id":26354926}]}]}
{"op":"mcm","clk":"11873101559","pt":1723936638559,"mc":[{"id":"1.231946357","rc":[{"ltp":2.02,"id":26354926},{"ltp":1.97,"id":26354923}]}]}
{"op":"mcm","clk":"11873231373","pt":1723938349774,"mc":[{"id":"1.231946357","rc":[{"ltp":1.98,"id":26354923}]}]}
{"op":"mcm","clk":"11873918721","pt":1723946636471,"mc":[{"id":"1.231946357","rc":[{"ltp":2.06,"id":26354926},{"ltp":1.95,"id":26354923}]}]}
{"op":"mcm","clk":"11873950676","pt":1723947049318,"mc":[{"id":"1.231946357","rc":[{"ltp":1.96,"id":26354923}]}]}
{"op":"mcm","clk":"11874029400","pt":1723948018267,"mc":[{"id":"1.231946357","rc":[{"ltp":1.95,"id":26354923}]}]}
{"op":"mcm","clk":"11874065979","pt":1723948434269,"mc":[{"id":"1.231946357","rc":[{"ltp":2.04,"id":26354926}]}]}
{"op":"mcm","clk":"11874155593","pt":1723949589430,"mc":[{"id":"1.231946357","rc":[{"ltp":2.06,"id":26354926}]}]}
{"op":"mcm","clk":"11874531464","pt":1723956386860,"mc":[{"id":"1.231946357","rc":[{"ltp":2.04,"id":26354926}]}]}
{"op":"mcm","clk":"11874620142","pt":1723959530115,"mc":[{"id":"1.231946357","rc":[{"ltp":1.96,"id":26354923}]}]}
{"op":"mcm","clk":"11874640070","pt":1723960278643,"mc":[{"id":"1.231946357","rc":[{"ltp":1.95,"id":26354923}]}]}
{"op":"mcm","clk":"11874645626","pt":1723960565374,"mc":[{"id":"1.231946357","rc":[{"ltp":2.06,"id":26354926},{"ltp":1.94,"id":26354923}]}]}
{"op":"mcm","clk":"11874652216","pt":1723960869301,"mc":[{"id":"1.231946357","rc":[{"ltp":1.93,"id":26354923}]}]}
{"op":"mcm","clk":"11874705300","pt":1723962696733,"mc":[{"id":"1.231946357","rc":[{"ltp":1.94,"id":26354923}]}]}
{"op":"mcm","clk":"11874733839","pt":1723963874349,"mc":[{"id":"1.231946357","rc":[{"ltp":1.93,"id":26354923}]}]}
{"op":"mcm","clk":"11874738208","pt":1723964050777,"mc":[{"id":"1.231946357","rc":[{"ltp":1.94,"id":26354923}]}]}
{"op":"mcm","clk":"11874739929","pt":1723964115156,"mc":[{"id":"1.231946357","rc":[{"ltp":2.04,"id":26354926}]}]}
{"op":"mcm","clk":"11874771425","pt":1723965112764,"mc":[{"id":"1.231946357","rc":[{"ltp":1.95,"id":26354923}]}]}
{"op":"mcm","clk":"11874775225","pt":1723965245027,"mc":[{"id":"1.231946357","rc":[{"ltp":2.06,"id":26354926}]}]}
{"op":"mcm","clk":"11874780065","pt":1723965417310,"mc":[{"id":"1.231946357","rc":[{"ltp":1.94,"id":26354923}]}]}
{"op":"mcm","clk":"11874788616","pt":1723965758569,"mc":[{"id":"1.231946357","rc":[{"ltp":1.95,"id":26354923}]}]}
{"op":"mcm","clk":"11874798701","pt":1723966093643,"mc":[{"id":"1.231946357","rc":[{"ltp":1.94,"id":26354923}]}]}
{"op":"mcm","clk":"11874805361","pt":1723966312727,"mc":[{"id":"1.231946357","rc":[{"ltp":2.04,"id":26354926}]}]}
{"op":"mcm","clk":"11874808004","pt":1723966390926,"mc":[{"id":"1.231946357","rc":[{"ltp":2.06,"id":26354926}]}]}
{"op":"mcm","clk":"11874814456","pt":1723966590660,"mc":[{"id":"1.231946357","rc":[{"ltp":1.95,"id":26354923}]}]}
{"op":"mcm","clk":"11874824372","pt":1723966891354,"mc":[{"id":"1.231946357","rc":[{"ltp":1.94,"id":26354923}]}]}
{"op":"mcm","clk":"11874925380","pt":1723968905557,"mc":[{"id":"1.231946357","rc":[{"ltp":1.95,"id":26354923}]}]}
{"op":"mcm","clk":"11874932719","pt":1723969021678,"mc":[{"id":"1.231946357","rc":[{"ltp":1.94,"id":26354923}]}]}
{"op":"mcm","clk":"11874954867","pt":1723969331977,"mc":[{"id":"1.231946357","rc":[{"ltp":1.95,"id":26354923}]}]}
{"op":"mcm","clk":"11874967287","pt":1723969518862,"mc":[{"id":"1.231946357","rc":[{"ltp":1.94,"id":26354923}]}]}
{"op":"mcm","clk":"11874974965","pt":1723969635265,"mc":[{"id":"1.231946357","rc":[{"ltp":2.04,"id":26354926},{"ltp":1.96,"id":26354923}]}]}
{"op":"mcm","clk":"11874985806","pt":1723969810987,"mc":[{"id":"1.231946357","rc":[{"ltp":1.95,"id":26354923}]}]}
{"op":"mcm","clk":"11874993900","pt":1723969931804,"mc":[{"id":"1.231946357","rc":[{"ltp":1.96,"id":26354923}]}]}
{"op":"mcm","clk":"11874999554","pt":1723970013993,"mc":[{"id":"1.231946357","rc":[{"ltp":1.95,"id":26354923}]}]}
{"op":"mcm","clk":"11875010507","pt":1723970165143,"mc":[{"id":"1.231946357","rc":[{"ltp":1.96,"id":26354923}]}]}
{"op":"mcm","clk":"11875013471","pt":1723970207275,"mc":[{"id":"1.231946357","rc":[{"ltp":1.95,"id":26354923}]}]}
{"op":"mcm","clk":"11875056551","pt":1723970823407,"mc":[{"id":"1.231946357","rc":[{"ltp":2.06,"id":26354926},{"ltp":1.94,"id":26354923}]}]}
{"op":"mcm","clk":"11875096281","pt":1723971462061,"mc":[{"id":"1.231946357","rc":[{"ltp":1.93,"id":26354923}]}]}
{"op":"mcm","clk":"11875142083","pt":1723972030861,"mc":[{"id":"1.231946357","rc":[{"ltp":1.92,"id":26354923}]}]}
{"op":"mcm","clk":"11875166320","pt":1723972331489,"mc":[{"id":"1.231946357","rc":[{"ltp":2.08,"id":26354926}]}]}
{"op":"mcm","clk":"11875190147","pt":1723972494478,"mc":[{"id":"1.231946357","rc":[{"ltp":2.06,"id":26354926}]}]}
{"op":"mcm","clk":"11875208867","pt":1723972694497,"mc":[{"id":"1.231946357","rc":[{"ltp":1.93,"id":26354923}]}]}
{"op":"mcm","clk":"11875214522","pt":1723972757972,"mc":[{"id":"1.231946357","rc":[{"ltp":1.94,"id":26354923}]}]}
{"op":"mcm","clk":"11875219580","pt":1723972817957,"mc":[{"id":"1.231946357","rc":[{"ltp":1.93,"id":26354923}]}]}
{"op":"mcm","clk":"11875224709","pt":1723972877416,"mc":[{"id":"1.231946357","rc":[{"ltp":1.94,"id":26354923}]}]}
{"op":"mcm","clk":"11875240314","pt":1723973057629,"mc":[{"id":"1.231946357","rc":[{"ltp":1.93,"id":26354923}]}]}
{"op":"mcm","clk":"11875282234","pt":1723973536774,"mc":[{"id":"1.231946357","rc":[{"ltp":2.0,"id":26354926},{"ltp":2.0,"id":26354923}]}]}
{"op":"mcm","clk":"11875293385","pt":1723973654608,"mc":[{"id":"1.231946357","rc":[{"ltp":1.99,"id":26354923}]}]}
{"op":"mcm","clk":"11875311797","pt":1723973837787,"mc":[{"id":"1.231946357","rc":[{"ltp":2.02,"id":26354926}]}]}
{"op":"mcm","clk":"11875317390","pt":1723973891473,"mc":[{"id":"1.231946357","rc":[{"ltp":1.98,"id":26354923}]}]}
{"op":"mcm","clk":"11875344866","pt":1723974191700,"mc":[{"id":"1.231946357","rc":[{"ltp":2.0,"id":26354926}]}]}
{"op":"mcm","clk":"11875353485","pt":1723974296549,"mc":[{"id":"1.231946357","rc":[{"ltp":1.97,"id":26354923}]}]}
{"op":"mcm","clk":"11875358043","pt":1723974347084,"mc":[{"id":"1.231946357","rc":[{"ltp":1.99,"id":26354923}]}]}
{"op":"mcm","clk":"11875370401","pt":1723974494638,"mc":[{"id":"1.231946357","rc":[{"ltp":1.98,"id":26354923}]}]}
{"op":"mcm","clk":"11875375202","pt":1723974555227,"mc":[{"id":"1.231946357","rc":[{"ltp":2.02,"id":26354926}]}]}
{"op":"mcm","clk":"11875384529","pt":1723974676445,"mc":[{"id":"1.231946357","rc":[{"ltp":2.0,"id":26354926}]}]}
{"op":"mcm","clk":"11875392106","pt":1723974783302,"mc":[{"id":"1.231946357","rc":[{"ltp":1.99,"id":26354923}]}]}
{"op":"mcm","clk":"11875410009","pt":1723975030433,"mc":[{"id":"1.231946357","rc":[{"ltp":2.02,"id":26354926},{"ltp":1.98,"id":26354923}]}]}
{"op":"mcm","clk":"11875417208","pt":1723975126240,"mc":[{"id":"1.231946357","rc":[{"ltp":1.97,"id":26354923}]}]}
{"op":"mcm","clk":"11875462340","pt":1723975666497,"mc":[{"id":"1.231946357","rc":[{"ltp":2.0,"id":26354926}]}]}
{"op":"mcm","clk":"11875487035","pt":1723975914952,"mc":[{"id":"1.231946357","rc":[{"ltp":1.98,"id":26354923}]}]}
{"op":"mcm","clk":"11875511706","pt":1723976161883,"mc":[{"id":"1.231946357","rc":[{"ltp":1.97,"id":26354923}]}]}
{"op":"mcm","clk":"11875555920","pt":1723976638691,"mc":[{"id":"1.231946357","rc":[{"ltp":1.98,"id":26354923}]}]}
{"op":"mcm","clk":"11875617188","pt":1723977254504,"mc":[{"id":"1.231946357","rc":[{"ltp":1.99,"id":26354923}]}]}
{"op":"mcm","clk":"11875621769","pt":1723977299139,"mc":[{"id":"1.231946357","rc":[{"ltp":2.0,"id":26354923}]}]}
{"op":"mcm","clk":"11875634013","pt":1723977424456,"mc":[{"id":"1.231946357","rc":[{"ltp":1.99,"id":26354926}]}]}
{"op":"mcm","clk":"11875646152","pt":1723977539031,"mc":[{"id":"1.231946357","rc":[{"ltp":2.0,"id":26354926},{"ltp":1.99,"id":26354923}]}]}
{"op":"mcm","clk":"11875652884","pt":1723977605532,"mc":[{"id":"1.231946357","rc":[{"ltp":1.98,"id":26354923}]}]}
{"op":"mcm","clk":"11875667382","pt":1723977738239,"mc":[{"id":"1.231946357","rc":[{"ltp":1.99,"id":26354923}]}]}
{"op":"mcm","clk":"11875681703","pt":1723977782710,"mc":[{"id":"1.231946357","rc":[{"ltp":1.98,"id":26354923}]}]}
{"op":"mcm","clk":"11875699139","pt":1723977956501,"mc":[{"id":"1.231946357","rc":[{"ltp":1.99,"id":26354923}]}]}
{"op":"mcm","clk":"11875715686","pt":1723978133639,"mc":[{"id":"1.231946357","rc":[{"ltp":1.98,"id":26354923}]}]}
{"op":"mcm","clk":"11875742343","pt":1723978455707,"mc":[{"id":"1.231946357","rc":[{"ltp":1.99,"id":26354926},{"ltp":2.0,"id":26354923}]}]}
{"op":"mcm","clk":"11875747258","pt":1723978521592,"mc":[{"id":"1.231946357","rc":[{"ltp":2.0,"id":26354926}]}]}
{"op":"mcm","clk":"11875763602","pt":1723978742249,"mc":[{"id":"1.231946357","rc":[{"ltp":1.99,"id":26354926}]}]}
{"op":"mcm","clk":"11875773309","pt":1723978872959,"mc":[{"id":"1.231946357","rc":[{"ltp":2.0,"id":26354926},{"ltp":1.99,"id":26354923}]}]}
{"op":"mcm","clk":"11875800005","pt":1723979218760,"mc":[{"id":"1.231946357","rc":[{"ltp":2.0,"id":26354923}]}]}
{"op":"mcm","clk":"11875845556","pt":1723979714036,"mc":[{"id":"1.231946357","rc":[{"ltp":1.99,"id":26354923}]}]}
{"op":"mcm","clk":"11875946490","pt":1723980734714,"mc":[{"id":"1.231946357","rc":[{"ltp":2.0,"id":26354923}]}]}
{"op":"mcm","clk":"11875962502","pt":1723980870342,"mc":[{"id":"1.231946357","rc":[{"ltp":1.99,"id":26354923}]}]}
{"op":"mcm","clk":"11875974480","pt":1723980970587,"mc":[{"id":"1.231946357","rc":[{"ltp":2.0,"id":26354923}]}]}
{"op":"mcm","clk":"11875982305","pt":1723981036425,"mc":[{"id":"1.231946357","rc":[{"ltp":1.99,"id":26354923}]}]}
{"op":"mcm","clk":"11876003415","pt":1723981202732,"mc":[{"id":"1.231946357","rc":[{"ltp":2.0,"id":26354923}]}]}
{"op":"mcm","clk":"11876007582","pt":1723981237555,"mc":[{"id":"1.231946357","rc":[{"ltp":1.99,"id":26354923}]}]}
{"op":"mcm","clk":"11876121553","pt":1723982281768,"mc":[{"id":"1.231946357","rc":[{"ltp":2.02,"id":26354926}]}]}
{"op":"mcm","clk":"11876211612","pt":1723983124521,"mc":[{"id":"1.231946357","rc":[{"ltp":2.0,"id":26354926}]}]}
{"op":"mcm","clk":"11876259138","pt":1723983425689,"mc":[{"id":"1.231946357","rc":[{"ltp":2.0,"id":26354923}]}]}
{"op":"mcm","clk":"11876289352","pt":1723983688107,"mc":[{"id":"1.231946357","rc":[{"ltp":1.99,"id":26354926}]}]}
{"op":"mcm","clk":"11876330155","pt":1723984079218,"mc":[{"id":"1.231946357","rc":[{"ltp":2.0,"id":26354926}]}]}
{"op":"mcm","clk":"11876384989","pt":1723984544218,"mc":[{"id":"1.231946357","rc":[{"ltp":1.99,"id":26354926}]}]}
{"op":"mcm","clk":"11876422363","pt":1723984811662,"mc":[{"id":"1.231946357","rc":[{"ltp":2.0,"id":26354926}]}]}
{"op":"mcm","clk":"11876467942","pt":1723985143793,"mc":[{"id":"1.231946357","rc":[{"ltp":1.99,"id":26354926}]}]}
{"op":"mcm","clk":"11876478805","pt":1723985220612,"mc":[{"id":"1.231946357","rc":[{"ltp":2.0,"id":26354926}]}]}
{"op":"mcm","clk":"11876593239","pt":1723986059581,"mc":[{"id":"1.231946357","rc":[{"ltp":1.99,"id":26354926}]}]}
{"op":"mcm","clk":"11876605069","pt":1723986135839,"mc":[{"id":"1.231946357","rc":[{"ltp":2.0,"id":26354926}]}]}
{"op":"mcm","clk":"11876692638","pt":1723986660521,"mc":[{"id":"1.231946357","rc":[{"ltp":1.99,"id":26354923}]}]}
{"op":"mcm","clk":"11876733170","pt":1723986876668,"mc":[{"id":"1.231946357","rc":[{"ltp":2.0,"id":26354923}]}]}
{"op":"mcm","clk":"11876757343","pt":1723987015211,"mc":[{"id":"1.231946357","rc":[{"ltp":1.99,"id":26354923}]}]}
{"op":"mcm","clk":"11876927313","pt":1723988111483,"mc":[{"id":"1.231946357","rc":[{"ltp":2.0,"id":26354923}]}]}
{"op":"mcm","clk":"11876935018","pt":1723988164447,"mc":[{"id":"1.231946357","rc":[{"ltp":1.99,"id":26354923}]}]}
{"op":"mcm","clk":"11877132666","pt":1723989370828,"mc":[{"id":"1.231946357","rc":[{"ltp":2.0,"id":26354923}]}]}
{"op":"mcm","clk":"11877135669","pt":1723989391137,"mc":[{"id":"1.231946357","rc":[{"ltp":2.02,"id":26354926}]}]}
{"op":"mcm","clk":"11877190857","pt":1723989767365,"mc":[{"id":"1.231946357","rc":[{"ltp":2.0,"id":26354926}]}]}
{"op":"mcm","clk":"11877252354","pt":1723990092713,"mc":[{"id":"1.231946357","rc":[{"ltp":1.99,"id":26354923}]}]}
{"op":"mcm","clk":"11877300393","pt":1723990333783,"mc":[{"id":"1.231946357","rc":[{"ltp":2.02,"id":26354926}]}]}
{"op":"mcm","clk":"11877364910","pt":1723990676144,"mc":[{"id":"1.231946357","rc":[{"ltp":2.0,"id":26354923}]}]}
{"op":"mcm","clk":"11877380165","pt":1723990758089,"mc":[{"id":"1.231946357","rc":[{"ltp":2.0,"id":26354926}]}]}
{"op":"mcm","clk":"11877407900","pt":1723990916701,"mc":[{"id":"1.231946357","rc":[{"ltp":1.99,"id":26354923}]}]}
{"op":"mcm","clk":"11877596845","pt":1723992085421,"mc":[{"id":"1.231946357","rc":[{"ltp":2.0,"id":26354923}]}]}
{"op":"mcm","clk":"11877630812","pt":1723992295355,"mc":[{"id":"1.231946357","rc":[{"ltp":1.99,"id":26354923}]}]}
{"op":"mcm","clk":"11877677740","pt":1723992609734,"mc":[{"id":"1.231946357","rc":[{"ltp":2.0,"id":26354923}]}]}
{"op":"mcm","clk":"11877690194","pt":1723992718743,"mc":[{"id":"1.231946357","rc":[{"ltp":1.99,"id":26354923}]}]}
{"op":"mcm","clk":"11877706149","pt":1723992858527,"mc":[{"id":"1.231946357","rc":[{"ltp":2.02,"id":26354926}]}]}
{"op":"mcm","clk":"11877749826","pt":1723993236622,"mc":[{"id":"1.231946357","rc":[{"ltp":2.0,"id":26354923}]}]}
{"op":"mcm","clk":"11877762430","pt":1723993326629,"mc":[{"id":"1.231946357","rc":[{"ltp":2.0,"id":26354926}]}]}
{"op":"mcm","clk":"11877780229","pt":1723993453669,"mc":[{"id":"1.231946357","rc":[{"ltp":1.99,"id":26354923}]}]}
{"op":"mcm","clk":"11877912593","pt":1723994219691,"mc":[{"id":"1.231946357","rc":[{"ltp":1.98,"id":26354923}]}]}
{"op":"mcm","clk":"11878000430","pt":1723994775866,"mc":[{"id":"1.231946357","rc":[{"ltp":2.0,"id":26354923}]}]}
{"op":"mcm","clk":"11878007794","pt":1723994827425,"mc":[{"id":"1.231946357","rc":[{"ltp":1.98,"id":26354923}]}]}
{"op":"mcm","clk":"11878045895","pt":1723995077863,"mc":[{"id":"1.231946357","rc":[{"ltp":1.99,"id":26354923}]}]}
{"op":"mcm","clk":"11878055583","pt":1723995137814,"mc":[{"id":"1.231946357","rc":[{"ltp":2.0,"id":26354923}]}]}
{"op":"mcm","clk":"11878073120","pt":1723995243737,"mc":[{"id":"1.231946357","rc":[{"ltp":1.99,"id":26354923}]}]}
{"op":"mcm","clk":"11878084916","pt":1723995318406,"mc":[{"id":"1.231946357","rc":[{"ltp":2.0,"id":26354923}]}]}
{"op":"mcm","clk":"11878103395","pt":1723995434640,"mc":[{"id":"1.231946357","rc":[{"ltp":1.99,"id":26354926}]}]}
{"op":"mcm","clk":"11878112425","pt":1723995491467,"mc":[{"id":"1.231946357","rc":[{"ltp":2.0,"id":26354926},{"ltp":1.99,"id":26354923}]}]}
{"op":"mcm","clk":"11878132920","pt":1723995616227,"mc":[{"id":"1.231946357","rc":[{"ltp":2.0,"id":26354923}]}]}
{"op":"mcm","clk":"11878159801","pt":1723995781787,"mc":[{"id":"1.231946357","rc":[{"ltp":1.99,"id":26354923}]}]}
{"op":"mcm","clk":"11878199407","pt":1723996038676,"mc":[{"id":"1.231946357","rc":[{"ltp":2.02,"id":26354926}]}]}
{"op":"mcm","clk":"11878207695","pt":1723996098903,"mc":[{"id":"1.231946357","rc":[{"ltp":1.98,"id":26354923}]}]}
{"op":"mcm","clk":"11878222772","pt":1723996206879,"mc":[{"id":"1.231946357","rc":[{"ltp":2.0,"id":26354926},{"ltp":1.99,"id":26354923}]}]}
{"op":"mcm","clk":"11878238845","pt":1723996326348,"mc":[{"id":"1.231946357","rc":[{"ltp":1.98,"id":26354923}]}]}
{"op":"mcm","clk":"11878255475","pt":1723996458015,"mc":[{"id":"1.231946357","rc":[{"ltp":1.99,"id":26354923}]}]}
{"op":"mcm","clk":"11878262645","pt":1723996518269,"mc":[{"id":"1.231946357","rc":[{"ltp":2.02,"id":26354926},{"ltp":1.98,"id":26354923}]}]}
{"op":"mcm","clk":"11878292744","pt":1723996800834,"mc":[{"id":"1.231946357","rc":[{"ltp":1.97,"id":26354923}]}]}
{"op":"mcm","clk":"11878303318","pt":1723996865465,"mc":[{"id":"1.231946357","rc":[{"ltp":2.04,"id":26354926}]}]}
{"op":"mcm","clk":"11878311827","pt":1723996928830,"mc":[{"id":"1.231946357","rc":[{"ltp":2.02,"id":26354926}]}]}
{"op":"mcm","clk":"11878342270","pt":1723997176195,"mc":[{"id":"1.231946357","rc":[{"ltp":1.98,"id":26354923}]}]}
{"op":"mcm","clk":"11878358044","pt":1723997297735,"mc":[{"id":"1.231946357","rc":[{"ltp":1.97,"id":26354923}]}]}
{"op":"mcm","clk":"11878366090","pt":1723997354877,"mc":[{"id":"1.231946357","rc":[{"ltp":1.98,"id":26354923}]}]}
{"op":"mcm","clk":"11878373646","pt":1723997413776,"mc":[{"id":"1.231946357","rc":[{"ltp":2.0,"id":26354926}]}]}
{"op":"mcm","clk":"11878382588","pt":1723997478302,"mc":[{"id":"1.231946357","rc":[{"ltp":2.02,"id":26354926}]}]}
{"op":"mcm","clk":"11878423255","pt":1723997774970,"mc":[{"id":"1.231946357","rc":[{"ltp":2.04,"id":26354926},{"ltp":1.97,"id":26354923}]}]}
{"op":"mcm","clk":"11878431281","pt":1723997834783,"mc":[{"id":"1.231946357","rc":[{"ltp":2.02,"id":26354926},{"ltp":1.98,"id":26354923}]}]}
{"op":"mcm","clk":"11878444216","pt":1723997932112,"mc":[{"id":"1.231946357","rc":[{"ltp":1.97,"id":26354923}]}]}
{"op":"mcm","clk":"11878455297","pt":1723998018737,"mc":[{"id":"1.231946357","rc":[{"ltp":1.98,"id":26354923}]}]}
{"op":"mcm","clk":"11878468358","pt":1723998131518,"mc":[{"id":"1.231946357","rc":[{"ltp":1.97,"id":26354923}]}]}
{"op":"mcm","clk":"11878488130","pt":1723998318394,"mc":[{"id":"1.231946357","rc":[{"ltp":2.04,"id":26354926}]}]}
{"op":"mcm","clk":"11878506532","pt":1723998494699,"mc":[{"id":"1.231946357","rc":[{"ltp":2.02,"id":26354926}]}]}
{"op":"mcm","clk":"11878520087","pt":1723998607835,"mc":[{"id":"1.231946357","rc":[{"ltp":1.96,"id":26354923}]}]}
{"op":"mcm","clk":"11878528077","pt":1723998666127,"mc":[{"id":"1.231946357","rc":[{"ltp":1.98,"id":26354923}]}]}
{"op":"mcm","clk":"11878536839","pt":1723998738062,"mc":[{"id":"1.231946357","rc":[{"ltp":2.0,"id":26354926},{"ltp":1.99,"id":26354923}]}]}
{"op":"mcm","clk":"11878543792","pt":1723998792435,"mc":[{"id":"1.231946357","rc":[{"ltp":2.02,"id":26354926}]}]}
{"op":"mcm","clk":"11878552427","pt":1723998856912,"mc":[{"id":"1.231946357","rc":[{"ltp":1.98,"id":26354923}]}]}
{"op":"mcm","clk":"11878568833","pt":1723998975457,"mc":[{"id":"1.231946357","rc":[{"ltp":1.97,"id":26354923}]}]}
{"op":"mcm","clk":"11878577305","pt":1723999036916,"mc":[{"id":"1.231946357","rc":[{"ltp":1.99,"id":26354923}]}]}
{"op":"mcm","clk":"11878585851","pt":1723999097508,"mc":[{"id":"1.231946357","rc":[{"ltp":1.96,"id":26354923}]}]}
{"op":"mcm","clk":"11878594747","pt":1723999158045,"mc":[{"id":"1.231946357","rc":[{"ltp":1.98,"id":26354923}]}]}
{"op":"mcm","clk":"11878601812","pt":1723999214090,"mc":[{"id":"1.231946357","rc":[{"ltp":2.0,"id":26354926}]}]}
{"op":"mcm","clk":"11878618698","pt":1723999338379,"mc":[{"id":"1.231946357","rc":[{"ltp":2.02,"id":26354926},{"ltp":1.96,"id":26354923}]}]}
{"op":"mcm","clk":"11878635878","pt":1723999396529,"mc":[{"id":"1.231946357","rc":[{"ltp":2.0,"id":26354926}]}]}
{"op":"mcm","clk":"11878644745","pt":1723999457595,"mc":[{"id":"1.231946357","rc":[{"ltp":2.04,"id":26354926}]}]}
{"op":"mcm","clk":"11878654018","pt":1723999517292,"mc":[{"id":"1.231946357","rc":[{"ltp":2.02,"id":26354926},{"ltp":1.98,"id":26354923}]}]}
{"op":"mcm","clk":"11878663917","pt":1723999578759,"mc":[{"id":"1.231946357","rc":[{"ltp":2.06,"id":26354926},{"ltp":1.96,"id":26354923}]}]}
{"op":"mcm","clk":"11878673240","pt":1723999638915,"mc":[{"id":"1.231946357","rc":[{"ltp":2.04,"id":26354926}]}]}
{"op":"mcm","clk":"11878682132","pt":1723999698405,"mc":[{"id":"1.231946357","rc":[{"ltp":1.92,"id":26354926},{"ltp":2.08,"id":26354923}]}]}
{"op":"mcm","clk":"11878691226","pt":1723999758758,"mc":[{"id":"1.231946357","rc":[{"ltp":1.9,"id":26354926},{"ltp":2.1,"id":26354923}]}]}
{"op":"mcm","clk":"11878700216","pt":1723999818935,"mc":[{"id":"1.231946357","rc":[{"ltp":1.89,"id":26354926},{"ltp":2.12,"id":26354923}]}]}
{"op":"mcm","clk":"11878709246","pt":1723999878520,"mc":[{"id":"1.231946357","rc":[{"ltp":1.85,"id":26354926},{"ltp":2.18,"id":26354923}]}]}
{"op":"mcm","clk":"11878718575","pt":1723999938853,"mc":[{"id":"1.231946357","rc":[{"ltp":1.88,"id":26354926},{"ltp":2.14,"id":26354923}]}]}
{"op":"mcm","clk":"11878727799","pt":1723999998929,"mc":[{"id":"1.231946357","rc":[{"ltp":2.12,"id":26354923}]}]}
{"op":"mcm","clk":"11878736301","pt":1724000058680,"mc":[{"id":"1.231946357","rc":[{"ltp":2.14,"id":26354923}]}]}
{"op":"mcm","clk":"11878744747","pt":1724000118582,"mc":[{"id":"1.231946357","rc":[{"ltp":1.9,"id":26354926},{"ltp":2.1,"id":26354923}]}]}
{"op":"mcm","clk":"11878752369","pt":1724000178856,"mc":[{"id":"1.231946357","rc":[{"ltp":1.91,"id":26354926}]}]}
{"op":"mcm","clk":"11878759941","pt":1724000238519,"mc":[{"id":"1.231946357","rc":[{"ltp":2.08,"id":26354923}]}]}
{"op":"mcm","clk":"11878767014","pt":1724000298903,"mc":[{"id":"1.231946357","rc":[{"ltp":1.9,"id":26354926},{"ltp":2.1,"id":26354923}]}]}
{"op":"mcm","clk":"11878774178","pt":1724000358865,"mc":[{"id":"1.231946357","rc":[{"ltp":1.88,"id":26354926},{"ltp":2.14,"id":26354923}]}]}
{"op":"mcm","clk":"11878782149","pt":1724000418972,"mc":[{"id":"1.231946357","marketDefinition":{"bspMarket":false,"turnInPlayEnabled":true,"persistenceEnabled":true,"marketBaseRate":5.0,"eventId":"33504088","eventTypeId":"4","numberOfWinners":1,"bettingType":"ODDS","marketType":"MATCH_ODDS","marketTime":"2024-08-18T17:00:00.000Z","suspendTime":"2024-08-18T17:00:00.000Z","bspReconciled":false,"complete":true,"inPlay":true,"crossMatching":true,"runnersVoidable":false,"numberOfActiveRunners":2,"betDelay":5,"status":"OPEN","runners":[{"status":"ACTIVE","sortPriority":1,"id":26354923,"name":"Oval Invincibles"},{"status":"ACTIVE","sortPriority":2,"id":26354926,"name":"Southern Brave"}],"regulators":["MR_INT"],"countryCode":"GB","discountAllowed":true,"timezone":"GMT","openDate":"2024-08-18T17:00:00.000Z","version":6084537656,"name":"Match Odds","eventName":"Oval Invincibles v Southern Brave"},"rc":[{"ltp":1.87,"id":26354926}]}]}
{"op":"mcm","clk":"11878791067","pt":1724000478827,"mc":[{"id":"1.231946357","rc":[{"ltp":1.88,"id":26354926}]}]}
{"op":"mcm","clk":"11878799578","pt":1724000538479,"mc":[{"id":"1.231946357","rc":[{"ltp":1.87,"id":26354926}]}]}
{"op":"mcm","clk":"11878808305","pt":1724000598961,"mc":[{"id":"1.231946357","rc":[{"ltp":2.16,"id":26354923}]}]}
{"op":"mcm","clk":"11878818053","pt":1724000658562,"mc":[{"id":"1.231946357","rc":[{"ltp":2.14,"id":26354923}]}]}
{"op":"mcm","clk":"11878827116","pt":1724000718227,"mc":[{"id":"1.231946357","rc":[{"ltp":1.86,"id":26354926},{"ltp":2.16,"id":26354923}]}]}
{"op":"mcm","clk":"11878837057","pt":1724000778481,"mc":[{"id":"1.231946357","rc":[{"ltp":1.85,"id":26354926}]}]}
{"op":"mcm","clk":"11878857172","pt":1724000898313,"mc":[{"id":"1.231946357","rc":[{"ltp":1.86,"id":26354926},{"ltp":2.14,"id":26354923}]}]}
{"op":"mcm","clk":"11878867442","pt":1724000958250,"mc":[{"id":"1.231946357","rc":[{"ltp":2.16,"id":26354923}]}]}
{"op":"mcm","clk":"11878878105","pt":1724001018755,"mc":[{"id":"1.231946357","rc":[{"ltp":1.87,"id":26354926},{"ltp":2.14,"id":26354923}]}]}
{"op":"mcm","clk":"11878888873","pt":1724001078924,"mc":[{"id":"1.231946357","rc":[{"ltp":2.16,"id":26354923}]}]}
{"op":"mcm","clk":"11878899188","pt":1724001138968,"mc":[{"id":"1.231946357","rc":[{"ltp":1.83,"id":26354926},{"ltp":2.2,"id":26354923}]}]}
{"op":"mcm","clk":"11878910319","pt":1724001198945,"mc":[{"id":"1.231946357","rc":[{"ltp":1.8,"id":26354926},{"ltp":2.24,"id":26354923}]}]}
{"op":"mcm","clk":"11878920733","pt":1724001258939,"mc":[{"id":"1.231946357","rc":[{"ltp":1.79,"id":26354926},{"ltp":2.26,"id":26354923}]}]}
{"op":"mcm","clk":"11878930544","pt":1724001318933,"mc":[{"id":"1.231946357","rc":[{"ltp":1.99,"id":26354926},{"ltp":2.0,"id":26354923}]}]}
{"op":"mcm","clk":"11878940185","pt":1724001378872,"mc":[{"id":"1.231946357","rc":[{"ltp":2.1,"id":26354926},{"ltp":1.9,"id":26354923}]}]}
{"op":"mcm","clk":"11878949813","pt":1724001438844,"mc":[{"id":"1.231946357","rc":[{"ltp":2.08,"id":26354926},{"ltp":1.91,"id":26354923}]}]}
{"op":"mcm","clk":"11878959120","pt":1724001498920,"mc":[{"id":"1.231946357","rc":[{"ltp":2.04,"id":26354926},{"ltp":1.94,"id":26354923}]}]}
{"op":"mcm","clk":"11878977647","pt":1724001618823,"mc":[{"id":"1.231946357","rc":[{"ltp":2.1,"id":26354926},{"ltp":1.9,"id":26354923}]}]}
{"op":"mcm","clk":"11878986784","pt":1724001678953,"mc":[{"id":"1.231946357","rc":[{"ltp":2.12,"id":26354926}]}]}
{"op":"mcm","clk":"11878995753","pt":1724001738949,"mc":[{"id":"1.231946357","rc":[{"ltp":2.06,"id":26354926},{"ltp":1.94,"id":26354923}]}]}
{"op":"mcm","clk":"11879014532","pt":1724001858919,"mc":[{"id":"1.231946357","rc":[{"ltp":2.28,"id":26354926},{"ltp":1.77,"id":26354923}]}]}
{"op":"mcm","clk":"11879023680","pt":1724001918865,"mc":[{"id":"1.231946357","rc":[{"ltp":2.36,"id":26354926},{"ltp":1.72,"id":26354923}]}]}
{"op":"mcm","clk":"11879033198","pt":1724001978973,"mc":[{"id":"1.231946357","rc":[{"ltp":2.88,"id":26354926},{"ltp":1.53,"id":26354923}]}]}
{"op":"mcm","clk":"11879042896","pt":1724002038959,"mc":[{"id":"1.231946357","rc":[{"ltp":2.86,"id":26354926},{"ltp":1.54,"id":26354923}]}]}
{"op":"mcm","clk":"11879052151","pt":1724002098859,"mc":[{"id":"1.231946357","rc":[{"ltp":2.96,"id":26354926},{"ltp":1.52,"id":26354923}]}]}
{"op":"mcm","clk":"11879061751","pt":1724002158949,"mc":[{"id":"1.231946357","rc":[{"ltp":2.76,"id":26354926},{"ltp":1.57,"id":26354923}]}]}
{"op":"mcm","clk":"11879071309","pt":1724002218873,"mc":[{"id":"1.231946357","rc":[{"ltp":2.68,"id":26354926},{"ltp":1.59,"id":26354923}]}]}
{"op":"mcm","clk":"11879080885","pt":1724002278914,"mc":[{"id":"1.231946357","rc":[{"ltp":2.56,"id":26354926},{"ltp":1.64,"id":26354923}]}]}
{"op":"mcm","clk":"11879089750","pt":1724002338879,"mc":[{"id":"1.231946357","rc":[{"ltp":2.58,"id":26354926},{"ltp":1.63,"id":26354923}]}]}
{"op":"mcm","clk":"11879108919","pt":1724002458731,"mc":[{"id":"1.231946357","rc":[{"ltp":2.6,"id":26354926},{"ltp":1.61,"id":26354923}]}]}
{"op":"mcm","clk":"11879118321","pt":1724002518915,"mc":[{"id":"1.231946357","rc":[{"ltp":2.68,"id":26354926},{"ltp":1.59,"id":26354923}]}]}
{"op":"mcm","clk":"11879128091","pt":1724002578912,"mc":[{"id":"1.231946357","rc":[{"ltp":2.26,"id":26354926},{"ltp":1.8,"id":26354923}]}]}
{"op":"mcm","clk":"11879136928","pt":1724002638931,"mc":[{"id":"1.231946357","rc":[{"ltp":2.22,"id":26354926},{"ltp":1.81,"id":26354923}]}]}
{"op":"mcm","clk":"11879145190","pt":1724002698954,"mc":[{"id":"1.231946357","rc":[{"ltp":2.28,"id":26354926},{"ltp":1.78,"id":26354923}]}]}
{"op":"mcm","clk":"11879153732","pt":1724002758877,"mc":[{"id":"1.231946357","rc":[{"ltp":2.26,"id":26354926},{"ltp":1.8,"id":26354923}]}]}
{"op":"mcm","clk":"11879162764","pt":1724002818868,"mc":[{"id":"1.231946357","rc":[{"ltp":2.24,"id":26354926}]}]}
{"op":"mcm","clk":"11879171514","pt":1724002878932,"mc":[{"id":"1.231946357","rc":[{"ltp":1.82,"id":26354926},{"ltp":2.22,"id":26354923}]}]}
{"op":"mcm","clk":"11879180985","pt":1724002938893,"mc":[{"id":"1.231946357","rc":[{"ltp":1.85,"id":26354926},{"ltp":2.16,"id":26354923}]}]}
{"op":"mcm","clk":"11879190160","pt":1724002998948,"mc":[{"id":"1.231946357","rc":[{"ltp":1.88,"id":26354926},{"ltp":2.12,"id":26354923}]}]}
{"op":"mcm","clk":"11879199720","pt":1724003058925,"mc":[{"id":"1.231946357","rc":[{"ltp":2.12,"id":26354926},{"ltp":1.88,"id":26354923}]}]}
{"op":"mcm","clk":"11879209290","pt":1724003118947,"mc":[{"id":"1.231946357","rc":[{"ltp":2.08,"id":26354926},{"ltp":1.92,"id":26354923}]}]}
{"op":"mcm","clk":"11879218253","pt":1724003178973,"mc":[{"id":"1.231946357","rc":[{"ltp":1.91,"id":26354923}]}]}
{"op":"mcm","clk":"11879227410","pt":1724003238900,"mc":[{"id":"1.231946357","rc":[{"ltp":2.12,"id":26354926},{"ltp":1.87,"id":26354923}]}]}
{"op":"mcm","clk":"11879236814","pt":1724003298901,"mc":[{"id":"1.231946357","rc":[{"ltp":2.16,"id":26354926},{"ltp":1.86,"id":26354923}]}]}
{"op":"mcm","clk":"11879245058","pt":1724003358927,"mc":[{"id":"1.231946357","rc":[{"ltp":2.28,"id":26354926},{"ltp":1.76,"id":26354923}]}]}
{"op":"mcm","clk":"11879253652","pt":1724003418901,"mc":[{"id":"1.231946357","rc":[{"ltp":2.2,"id":26354926},{"ltp":1.82,"id":26354923}]}]}
{"op":"mcm","clk":"11879262032","pt":1724003478924,"mc":[{"id":"1.231946357","rc":[{"ltp":2.24,"id":26354926},{"ltp":1.8,"id":26354923}]}]}
{"op":"mcm","clk":"11879270665","pt":1724003538705,"mc":[{"id":"1.231946357","rc":[{"ltp":2.28,"id":26354926},{"ltp":1.78,"id":26354923}]}]}
{"op":"mcm","clk":"11879279517","pt":1724003598971,"mc":[{"id":"1.231946357","rc":[{"ltp":2.4,"id":26354926},{"ltp":1.7,"id":26354923}]}]}
{"op":"mcm","clk":"11879287518","pt":1724003658847,"mc":[{"id":"1.231946357","rc":[{"ltp":1.71,"id":26354923}]}]}
{"op":"mcm","clk":"11879295979","pt":1724003718971,"mc":[{"id":"1.231946357","rc":[{"ltp":2.38,"id":26354926}]}]}
{"op":"mcm","clk":"11879304402","pt":1724003778866,"mc":[{"id":"1.231946357","rc":[{"ltp":2.58,"id":26354926},{"ltp":1.63,"id":26354923}]}]}
{"op":"mcm","clk":"11879312001","pt":1724003838963,"mc":[{"id":"1.231946357","rc":[{"ltp":2.6,"id":26354926},{"ltp":1.62,"id":26354923}]}]}
{"op":"mcm","clk":"11879319881","pt":1724003898975,"mc":[{"id":"1.231946357","rc":[{"ltp":2.68,"id":26354926},{"ltp":1.59,"id":26354923}]}]}
{"op":"mcm","clk":"11879328159","pt":1724003958907,"mc":[{"id":"1.231946357","rc":[{"ltp":2.72,"id":26354926},{"ltp":1.58,"id":26354923}]}]}
{"op":"mcm","clk":"11879345158","pt":1724004078968,"mc":[{"id":"1.231946357","rc":[{"ltp":2.98,"id":26354926},{"ltp":1.51,"id":26354923}]}]}
{"op":"mcm","clk":"11879354614","pt":1724004138901,"mc":[{"id":"1.231946357","rc":[{"ltp":3.0,"id":26354926}]}]}
{"op":"mcm","clk":"11879365048","pt":1724004198873,"mc":[{"id":"1.231946357","rc":[{"ltp":1.5,"id":26354923}]}]}
{"op":"mcm","clk":"11879375612","pt":1724004258950,"mc":[{"id":"1.231946357","rc":[{"ltp":2.46,"id":26354926},{"ltp":1.68,"id":26354923}]}]}
{"op":"mcm","clk":"11879386068","pt":1724004318845,"mc":[{"id":"1.231946357","rc":[{"ltp":2.08,"id":26354926},{"ltp":1.94,"id":26354923}]}]}
{"op":"mcm","clk":"11879397115","pt":1724004378944,"mc":[{"id":"1.231946357","rc":[{"ltp":2.1,"id":26354926},{"ltp":1.89,"id":26354923}]}]}
{"op":"mcm","clk":"11879408152","pt":1724004438890,"mc":[{"id":"1.231946357","rc":[{"ltp":2.34,"id":26354926},{"ltp":1.73,"id":26354923}]}]}
{"op":"mcm","clk":"11879419460","pt":1724004498862,"mc":[{"id":"1.231946357","rc":[{"ltp":2.38,"id":26354926}]}]}
{"op":"mcm","clk":"11879430660","pt":1724004558869,"mc":[{"id":"1.231946357","rc":[{"ltp":2.4,"id":26354926},{"ltp":1.7,"id":26354923}]}]}
{"op":"mcm","clk":"11879441439","pt":1724004618961,"mc":[{"id":"1.231946357","rc":[{"ltp":2.44,"id":26354926}]}]}
{"op":"mcm","clk":"11879452916","pt":1724004678971,"mc":[{"id":"1.231946357","rc":[{"ltp":2.0,"id":26354926},{"ltp":2.0,"id":26354923}]}]}
{"op":"mcm","clk":"11879464079","pt":1724004738958,"mc":[{"id":"1.231946357","rc":[{"ltp":2.04,"id":26354926},{"ltp":1.96,"id":26354923}]}]}
{"op":"mcm","clk":"11879484068","pt":1724004798915,"mc":[{"id":"1.231946357","rc":[{"ltp":1.73,"id":26354926},{"ltp":2.36,"id":26354923}]}]}
{"op":"mcm","clk":"11879495838","pt":1724004858865,"mc":[{"id":"1.231946357","rc":[{"ltp":1.69,"id":26354926},{"ltp":2.44,"id":26354923}]}]}
{"op":"mcm","clk":"11879507228","pt":1724004918920,"mc":[{"id":"1.231946357","rc":[{"ltp":1.85,"id":26354926},{"ltp":2.16,"id":26354923}]}]}
{"op":"mcm","clk":"11879518698","pt":1724004978784,"mc":[{"id":"1.231946357","rc":[{"ltp":1.83,"id":26354926},{"ltp":2.2,"id":26354923}]}]}
{"op":"mcm","clk":"11879541974","pt":1724005098930,"mc":[{"id":"1.231946357","rc":[{"ltp":1.85,"id":26354926},{"ltp":2.18,"id":26354923}]}]}
{"op":"mcm","clk":"11879554410","pt":1724005158905,"mc":[{"id":"1.231946357","rc":[{"ltp":1.98,"id":26354926},{"ltp":2.0,"id":26354923}]}]}
{"op":"mcm","clk":"11879566755","pt":1724005218883,"mc":[{"id":"1.231946357","rc":[{"ltp":1.99,"id":26354926}]}]}
{"op":"mcm","clk":"11879579025","pt":1724005278923,"mc":[{"id":"1.231946357","rc":[{"ltp":2.16,"id":26354926},{"ltp":1.85,"id":26354923}]}]}
{"op":"mcm","clk":"11879590688","pt":1724005338968,"mc":[{"id":"1.231946357","rc":[{"ltp":1.86,"id":26354923}]}]}
{"op":"mcm","clk":"11879601978","pt":1724005398840,"mc":[{"id":"1.231946357","rc":[{"ltp":1.85,"id":26354923}]}]}
{"op":"mcm","clk":"11879614182","pt":1724005458923,"mc":[{"id":"1.231946357","rc":[{"ltp":2.72,"id":26354926},{"ltp":1.58,"id":26354923}]}]}
{"op":"mcm","clk":"11879626588","pt":1724005518900,"mc":[{"id":"1.231946357","rc":[{"ltp":3.05,"id":26354926},{"ltp":1.48,"id":26354923}]}]}
{"op":"mcm","clk":"11879638061","pt":1724005578904,"mc":[{"id":"1.231946357","rc":[{"ltp":2.66,"id":26354926},{"ltp":1.6,"id":26354923}]}]}
{"op":"mcm","clk":"11879649355","pt":1724005638874,"mc":[{"id":"1.231946357","rc":[{"ltp":2.88,"id":26354926},{"ltp":1.52,"id":26354923}]}]}
{"op":"mcm","clk":"11879661127","pt":1724005698954,"mc":[{"id":"1.231946357","rc":[{"ltp":2.84,"id":26354926},{"ltp":1.54,"id":26354923}]}]}
{"op":"mcm","clk":"11879673366","pt":1724005758905,"mc":[{"id":"1.231946357","rc":[{"ltp":2.64,"id":26354926},{"ltp":1.61,"id":26354923}]}]}
{"op":"mcm","clk":"11879685814","pt":1724005818822,"mc":[{"id":"1.231946357","rc":[{"ltp":2.7,"id":26354926},{"ltp":1.59,"id":26354923}]}]}
{"op":"mcm","clk":"11879698175","pt":1724005878828,"mc":[{"id":"1.231946357","rc":[{"ltp":2.58,"id":26354926},{"ltp":1.62,"id":26354923}]}]}
{"op":"mcm","clk":"11879711097","pt":1724005938780,"mc":[{"id":"1.231946357","rc":[{"ltp":2.56,"id":26354926},{"ltp":1.63,"id":26354923}]}]}
{"op":"mcm","clk":"11879724399","pt":1724005998959,"mc":[{"id":"1.231946357","rc":[{"ltp":2.62,"id":26354926},{"ltp":1.61,"id":26354923}]}]}
{"op":"mcm","clk":"11879737099","pt":1724006058839,"mc":[{"id":"1.231946357","rc":[{"ltp":2.6,"id":26354926}]}]}
{"op":"mcm","clk":"11879750321","pt":1724006118795,"mc":[{"id":"1.231946357","rc":[{"ltp":1.63,"id":26354923}]}]}
{"op":"mcm","clk":"11879774668","pt":1724006238916,"mc":[{"id":"1.231946357","rc":[{"ltp":2.58,"id":26354926}]}]}
{"op":"mcm","clk":"11879786833","pt":1724006298760,"mc":[{"id":"1.231946357","rc":[{"ltp":2.6,"id":26354926},{"ltp":1.62,"id":26354923}]}]}
{"op":"mcm","clk":"11879798834","pt":1724006358604,"mc":[{"id":"1.231946357","rc":[{"ltp":1.61,"id":26354923}]}]}
{"op":"mcm","clk":"11879810572","pt":1724006418872,"mc":[{"id":"1.231946357","rc":[{"ltp":1.62,"id":26354923}]}]}
{"op":"mcm","clk":"11879834952","pt":1724006538872,"mc":[{"id":"1.231946357","rc":[{"ltp":2.62,"id":26354926},{"ltp":1.61,"id":26354923}]}]}
{"op":"mcm","clk":"11879847775","pt":1724006598934,"mc":[{"id":"1.231946357","rc":[{"ltp":2.64,"id":26354926}]}]}
{"op":"mcm","clk":"11879860374","pt":1724006658960,"mc":[{"id":"1.231946357","rc":[{"ltp":1.6,"id":26354923}]}]}
{"op":"mcm","clk":"11879872270","pt":1724006718926,"mc":[{"id":"1.231946357","rc":[{"ltp":2.68,"id":26354926},{"ltp":1.59,"id":26354923}]}]}
{"op":"mcm","clk":"11879884199","pt":1724006778930,"mc":[{"id":"1.231946357","rc":[{"ltp":2.7,"id":26354926}]}]}
{"op":"mcm","clk":"11879895842","pt":1724006838103,"mc":[{"id":"1.231946357","rc":[{"ltp":2.68,"id":26354926}]}]}
{"op":"mcm","clk":"11879907427","pt":1724006898905,"mc":[{"id":"1.231946357","rc":[{"ltp":2.72,"id":26354926},{"ltp":1.58,"id":26354923}]}]}
{"op":"mcm","clk":"11879918795","pt":1724006958948,"mc":[{"id":"1.231946357","rc":[{"ltp":2.74,"id":26354926},{"ltp":1.57,"id":26354923}]}]}
{"op":"mcm","clk":"11879929464","pt":1724007018927,"mc":[{"id":"1.231946357","rc":[{"ltp":2.84,"id":26354926},{"ltp":1.54,"id":26354923}]}]}
{"op":"mcm","clk":"11879950083","pt":1724007138951,"mc":[{"id":"1.231946357","rc":[{"ltp":2.48,"id":26354926},{"ltp":1.65,"id":26354923}]}]}
{"op":"mcm","clk":"11879960850","pt":1724007198965,"mc":[{"id":"1.231946357","rc":[{"ltp":2.2,"id":26354926},{"ltp":1.85,"id":26354923}]}]}
{"op":"mcm","clk":"11879971479","pt":1724007258946,"mc":[{"id":"1.231946357","rc":[{"ltp":2.06,"id":26354926},{"ltp":1.96,"id":26354923}]}]}
{"op":"mcm","clk":"11879982132","pt":1724007318958,"mc":[{"id":"1.231946357","rc":[{"ltp":1.9,"id":26354926},{"ltp":2.12,"id":26354923}]}]}
{"op":"mcm","clk":"11879992683","pt":1724007378934,"mc":[{"id":"1.231946357","rc":[{"ltp":1.95,"id":26354926},{"ltp":2.04,"id":26354923}]}]}
{"op":"mcm","clk":"11880002181","pt":1724007438953,"mc":[{"id":"1.231946357","rc":[{"ltp":2.04,"id":26354926},{"ltp":1.94,"id":26354923}]}]}
{"op":"mcm","clk":"11880012291","pt":1724007498927,"mc":[{"id":"1.231946357","rc":[{"ltp":1.89,"id":26354926},{"ltp":2.12,"id":26354923}]}]}
{"op":"mcm","clk":"11880022985","pt":1724007558968,"mc":[{"id":"1.231946357","rc":[{"ltp":1.98,"id":26354926},{"ltp":2.02,"id":26354923}]}]}
{"op":"mcm","clk":"11880034529","pt":1724007618949,"mc":[{"id":"1.231946357","rc":[{"ltp":2.12,"id":26354926},{"ltp":1.88,"id":26354923}]}]}
{"op":"mcm","clk":"11880045516","pt":1724007678910,"mc":[{"id":"1.231946357","rc":[{"ltp":2.26,"id":26354926},{"ltp":1.78,"id":26354923}]}]}
{"op":"mcm","clk":"11880055393","pt":1724007738917,"mc":[{"id":"1.231946357","rc":[{"ltp":2.28,"id":26354926},{"ltp":1.77,"id":26354923}]}]}
{"op":"mcm","clk":"11880066129","pt":1724007798908,"mc":[{"id":"1.231946357","rc":[{"ltp":2.32,"id":26354926},{"ltp":1.75,"id":26354923}]}]}
{"op":"mcm","clk":"11880076809","pt":1724007858850,"mc":[{"id":"1.231946357","rc":[{"ltp":2.16,"id":26354926},{"ltp":1.87,"id":26354923}]}]}
{"op":"mcm","clk":"11880088103","pt":1724007918930,"mc":[{"id":"1.231946357","rc":[{"ltp":2.2,"id":26354926},{"ltp":1.83,"id":26354923}]}]}
{"op":"mcm","clk":"11880099823","pt":1724007978914,"mc":[{"id":"1.231946357","rc":[{"ltp":2.24,"id":26354926},{"ltp":1.79,"id":26354923}]}]}
{"op":"mcm","clk":"11880111209","pt":1724008038973,"mc":[{"id":"1.231946357","rc":[{"ltp":2.18,"id":26354926},{"ltp":1.86,"id":26354923}]}]}
{"op":"mcm","clk":"11880122671","pt":1724008098960,"mc":[{"id":"1.231946357","rc":[{"ltp":2.02,"id":26354926},{"ltp":1.98,"id":26354923}]}]}
{"op":"mcm","clk":"11880134429","pt":1724008158842,"mc":[{"id":"1.231946357","rc":[{"ltp":2.16,"id":26354926},{"ltp":1.86,"id":26354923}]}]}
{"op":"mcm","clk":"11880147019","pt":1724008218939,"mc":[{"id":"1.231946357","rc":[{"ltp":2.06,"id":26354926},{"ltp":1.95,"id":26354923}]}]}
{"op":"mcm","clk":"11880159616","pt":1724008278777,"mc":[{"id":"1.231946357","rc":[{"ltp":1.91,"id":26354926},{"ltp":2.08,"id":26354923}]}]}
{"op":"mcm","clk":"11880171815","pt":1724008338935,"mc":[{"id":"1.231946357","rc":[{"ltp":1.93,"id":26354926}]}]}
{"op":"mcm","clk":"11880183829","pt":1724008398968,"mc":[{"id":"1.231946357","rc":[{"ltp":1.97,"id":26354926},{"ltp":2.04,"id":26354923}]}]}
{"op":"mcm","clk":"11880195513","pt":1724008458937,"mc":[{"id":"1.231946357","rc":[{"ltp":2.0,"id":26354926},{"ltp":1.99,"id":26354923}]}]}
{"op":"mcm","clk":"11880207137","pt":1724008518952,"mc":[{"id":"1.231946357","rc":[{"ltp":1.83,"id":26354926},{"ltp":2.2,"id":26354923}]}]}
{"op":"mcm","clk":"11880218835","pt":1724008578930,"mc":[{"id":"1.231946357","rc":[{"ltp":2.12,"id":26354926},{"ltp":1.89,"id":26354923}]}]}
{"op":"mcm","clk":"11880230472","pt":1724008638967,"mc":[{"id":"1.231946357","rc":[{"ltp":2.2,"id":26354926},{"ltp":1.84,"id":26354923}]}]}
{"op":"mcm","clk":"11880242213","pt":1724008698960,"mc":[{"id":"1.231946357","rc":[{"ltp":2.22,"id":26354926},{"ltp":1.8,"id":26354923}]}]}
{"op":"mcm","clk":"11880254304","pt":1724008758926,"mc":[{"id":"1.231946357","rc":[{"ltp":2.28,"id":26354926},{"ltp":1.78,"id":26354923}]}]}
{"op":"mcm","clk":"11880265754","pt":1724008818938,"mc":[{"id":"1.231946357","rc":[{"ltp":3.4,"id":26354926},{"ltp":1.41,"id":26354923}]}]}
{"op":"mcm","clk":"11880277208","pt":1724008878953,"mc":[{"id":"1.231946357","rc":[{"ltp":2.84,"id":26354926},{"ltp":1.52,"id":26354923}]}]}
{"op":"mcm","clk":"11880288493","pt":1724008938942,"mc":[{"id":"1.231946357","rc":[{"ltp":2.88,"id":26354926},{"ltp":1.54,"id":26354923}]}]}
{"op":"mcm","clk":"11880299983","pt":1724008998899,"mc":[{"id":"1.231946357","rc":[{"ltp":4.1,"id":26354926},{"ltp":1.32,"id":26354923}]}]}
{"op":"mcm","clk":"11880311239","pt":1724009058971,"mc":[{"id":"1.231946357","rc":[{"ltp":3.6,"id":26354926},{"ltp":1.38,"id":26354923}]}]}
{"op":"mcm","clk":"11880321805","pt":1724009118952,"mc":[{"id":"1.231946357","rc":[{"ltp":3.2,"id":26354926},{"ltp":1.45,"id":26354923}]}]}
{"op":"mcm","clk":"11880332643","pt":1724009178925,"mc":[{"id":"1.231946357","rc":[{"ltp":3.35,"id":26354926},{"ltp":1.42,"id":26354923}]}]}
{"op":"mcm","clk":"11880343805","pt":1724009238965,"mc":[{"id":"1.231946357","rc":[{"ltp":3.3,"id":26354926},{"ltp":1.43,"id":26354923}]}]}
{"op":"mcm","clk":"11880355382","pt":1724009298840,"mc":[{"id":"1.231946357","rc":[{"ltp":3.4,"id":26354926},{"ltp":1.41,"id":26354923}]}]}
{"op":"mcm","clk":"11880365843","pt":1724009358953,"mc":[{"id":"1.231946357","rc":[{"ltp":3.5,"id":26354926},{"ltp":1.4,"id":26354923}]}]}
{"op":"mcm","clk":"11880377923","pt":1724009418963,"mc":[{"id":"1.231946357","rc":[{"ltp":2.92,"id":26354926},{"ltp":1.52,"id":26354923}]}]}
{"op":"mcm","clk":"11880389764","pt":1724009478930,"mc":[{"id":"1.231946357","rc":[{"ltp":3.05,"id":26354926},{"ltp":1.48,"id":26354923}]}]}
{"op":"mcm","clk":"11880401573","pt":1724009538822,"mc":[{"id":"1.231946357","rc":[{"ltp":3.1,"id":26354926},{"ltp":1.47,"id":26354923}]}]}
{"op":"mcm","clk":"11880414232","pt":1724009598887,"mc":[{"id":"1.231946357","rc":[{"ltp":3.55,"id":26354926},{"ltp":1.39,"id":26354923}]}]}
{"op":"mcm","clk":"11880426516","pt":1724009658964,"mc":[{"id":"1.231946357","rc":[{"ltp":2.06,"id":26354926},{"ltp":1.94,"id":26354923}]}]}
{"op":"mcm","clk":"11880439110","pt":1724009718925,"mc":[{"id":"1.231946357","rc":[{"ltp":1.64,"id":26354926},{"ltp":2.56,"id":26354923}]}]}
{"op":"mcm","clk":"11880451385","pt":1724009778975,"mc":[{"id":"1.231946357","rc":[{"ltp":2.24,"id":26354926},{"ltp":1.79,"id":26354923}]}]}
{"op":"mcm","clk":"11880462833","pt":1724009838934,"mc":[{"id":"1.231946357","rc":[{"ltp":2.26,"id":26354926},{"ltp":1.78,"id":26354923}]}]}
{"op":"mcm","clk":"11880474740","pt":1724009898888,"mc":[{"id":"1.231946357","rc":[{"ltp":2.8,"id":26354926},{"ltp":1.55,"id":26354923}]}]}
{"op":"mcm","clk":"11880486797","pt":1724009958953,"mc":[{"id":"1.231946357","rc":[{"ltp":2.92,"id":26354926},{"ltp":1.52,"id":26354923}]}]}
{"op":"mcm","clk":"11880499019","pt":1724010018957,"mc":[{"id":"1.231946357","rc":[{"ltp":2.88,"id":26354926},{"ltp":1.53,"id":26354923}]}]}
{"op":"mcm","clk":"11880511415","pt":1724010078872,"mc":[{"id":"1.231946357","rc":[{"ltp":5.5,"id":26354926},{"ltp":1.22,"id":26354923}]}]}
{"op":"mcm","clk":"11880522903","pt":1724010138921,"mc":[{"id":"1.231946357","rc":[{"ltp":6.8,"id":26354926},{"ltp":1.18,"id":26354923}]}]}
{"op":"mcm","clk":"11880542751","pt":1724010198960,"mc":[{"id":"1.231946357","rc":[{"ltp":6.0,"id":26354926},{"ltp":1.2,"id":26354923}]}]}
{"op":"mcm","clk":"11880555175","pt":1724010258946,"mc":[{"id":"1.231946357","rc":[{"ltp":15.0,"id":26354926},{"ltp":1.08,"id":26354923}]}]}
{"op":"mcm","clk":"11880567367","pt":1724010318932,"mc":[{"id":"1.231946357","rc":[{"ltp":16.0,"id":26354926},{"ltp":1.07,"id":26354923}]}]}
{"op":"mcm","clk":"11880580014","pt":1724010378882,"mc":[{"id":"1.231946357","rc":[{"ltp":19.0,"id":26354926},{"ltp":1.06,"id":26354923}]}]}
{"op":"mcm","clk":"11880592158","pt":1724010438877,"mc":[{"id":"1.231946357","rc":[{"ltp":18.0,"id":26354926}]}]}
{"op":"mcm","clk":"11880602907","pt":1724010498886,"mc":[{"id":"1.231946357","rc":[{"ltp":85.0,"id":26354926},{"ltp":1.02,"id":26354923}]}]}
{"op":"mcm","clk":"11880614375","pt":1724010558959,"mc":[{"id":"1.231946357","rc":[{"ltp":90.0,"id":26354926},{"ltp":1.01,"id":26354923}]}]}
{"op":"mcm","clk":"11880625812","pt":1724010618943,"mc":[{"id":"1.231946357","rc":[{"ltp":100.0,"id":26354926}]}]}
{"op":"mcm","clk":"11880636558","pt":1724010678889,"mc":[{"id":"1.231946357","rc":[{"ltp":140.0,"id":26354926}]}]}
{"op":"mcm","clk":"11880647106","pt":1724010738468,"mc":[{"id":"1.231946357","rc":[{"ltp":190.0,"id":26354926}]}]}
{"op":"mcm","clk":"11880657621","pt":1724010798943,"mc":[{"id":"1.231946357","rc":[{"ltp":60.0,"id":26354926}]}]}
{"op":"mcm","clk":"11880670258","pt":1724010858938,"mc":[{"id":"1.231946357","rc":[{"ltp":100.0,"id":26354926}]}]}
{"op":"mcm","clk":"11880684999","pt":1724010918941,"mc":[{"id":"1.231946357","rc":[{"ltp":250.0,"id":26354926}]}]}
{"op":"mcm","clk":"11880699841","pt":1724010978892,"mc":[{"id":"1.231946357","rc":[{"ltp":70.0,"id":26354926}]}]}
{"op":"mcm","clk":"11880710532","pt":1724011038930,"mc":[{"id":"1.231946357","rc":[{"ltp":170.0,"id":26354926}]}]}
{"op":"mcm","clk":"11880720359","pt":1724011098507,"mc":[{"id":"1.231946357","rc":[{"ltp":210.0,"id":26354926}]}]}
{"op":"mcm","clk":"11880730070","pt":1724011158889,"mc":[{"id":"1.231946357","rc":[{"ltp":1000.0,"id":26354926}]}]}
{"op":"mcm","clk":"11880749361","pt":1724011278661,"mc":[{"id":"1.231946357","marketDefinition":{"bspMarket":false,"turnInPlayEnabled":true,"persistenceEnabled":true,"marketBaseRate":5.0,"eventId":"33504088","eventTypeId":"4","numberOfWinners":1,"bettingType":"ODDS","marketType":"MATCH_ODDS","marketTime":"2024-08-18T17:00:00.000Z","suspendTime":"2024-08-18T17:00:00.000Z","bspReconciled":false,"complete":true,"inPlay":true,"crossMatching":true,"runnersVoidable":false,"numberOfActiveRunners":2,"betDelay":5,"status":"SUSPENDED","runners":[{"status":"ACTIVE","sortPriority":1,"id":26354923,"name":"Oval Invincibles"},{"status":"ACTIVE","sortPriority":2,"id":26354926,"name":"Southern Brave"}],"regulators":["MR_INT"],"countryCode":"GB","discountAllowed":true,"timezone":"GMT","openDate":"2024-08-18T17:00:00.000Z","version":6085345813,"name":"Match Odds","eventName":"Oval Invincibles v Southern Brave"}}]}
{"op":"mcm","clk":"11880793277","pt":1724011557248,"mc":[{"id":"1.231946357","marketDefinition":{"bspMarket":false,"turnInPlayEnabled":true,"persistenceEnabled":true,"marketBaseRate":5.0,"eventId":"33504088","eventTypeId":"4","numberOfWinners":1,"bettingType":"ODDS","marketType":"MATCH_ODDS","marketTime":"2024-08-18T17:00:00.000Z","suspendTime":"2024-08-18T17:00:00.000Z","bspReconciled":false,"complete":true,"inPlay":true,"crossMatching":false,"runnersVoidable":false,"numberOfActiveRunners":0,"betDelay":5,"status":"CLOSED","settledTime":"2024-08-18T20:04:14.000Z","runners":[{"status":"WINNER","sortPriority":1,"id":26354923,"name":"Oval Invincibles"},{"status":"LOSER","sortPriority":2,"id":26354926,"name":"Southern Brave"}],"regulators":["MR_INT"],"countryCode":"GB","discountAllowed":true,"timezone":"GMT","openDate":"2024-08-18T17:00:00.000Z","version":6085368255,"name":"Match Odds","eventName":"Oval Invincibles v Southern Brave"}}]}
