{"op":"mcm","clk":"11849513335","pt":1723827506466,"mc":[{"id":"1.231887491","marketDefinition":{"bspMarket":false,"turnInPlayEnabled":true,"persistenceEnabled":true,"marketBaseRate":5.0,"eventId":"33500547","eventTypeId":"4","numberOfWinners":1,"bettingType":"ODDS","marketType":"MATCH_ODDS","marketTime":"2024-08-18T09:45:00.000Z","suspendTime":"2024-08-18T09:45:00.000Z","bspReconciled":false,"complete":true,"inPlay":false,"crossMatching":true,"runnersVoidable":false,"numberOfActiveRunners":2,"betDelay":0,"status":"OPEN","runners":[{"status":"ACTIVE","sortPriority":1,"id":10108898,"name":"Ireland Women"},{"status":"ACTIVE","sortPriority":2,"id":10787826,"name":"Sri Lanka Women"}],"regulators":["MR_INT"],"countryCode":"GB","discountAllowed":true,"timezone":"GMT","openDate":"2024-08-18T09:45:00.000Z","version":6077182045,"name":"Match Odds","eventName":"Ireland Women v Sri Lanka Women"}}]}
{"op":"mcm","clk":"11850075598","pt":1723830075836,"mc":[{"id":"1.231887491","rc":[{"ltp":2.5,"id":10108898}]}]}
{"op":"mcm","clk":"11850135835","pt":1723830263931,"mc":[{"id":"1.231887491","rc":[{"ltp":1.62,"id":10787826}]}]}
{"op":"mcm","clk":"11850148310","pt":1723830319588,"mc":[{"id":"1.231887491","rc":[{"ltp":1.52,"id":10787826},{"ltp":2.94,"id":10108898}]}]}
{"op":"mcm","clk":"11851383898","pt":1723836660799,"mc":[{"id":"1.231887491","rc":[{"ltp":1.54,"id":10787826},{"ltp":2.86,"id":10108898}]}]}
{"op":"mcm","clk":"11851412259","pt":1723836813707,"mc":[{"id":"1.231887491","rc":[{"ltp":1.52,"id":10787826}]}]}
{"op":"mcm","clk":"11851911020","pt":1723840043421,"mc":[{"id":"1.231887491","rc":[{"ltp":2.92,"id":10108898}]}]}
{"op":"mcm","clk":"11851939532","pt":1723840284091,"mc":[{"id":"1.231887491","rc":[{"ltp":2.94,"id":10108898}]}]}
{"op":"mcm","clk":"11851990647","pt":1723840726387,"mc":[{"id":"1.231887491","rc":[{"ltp":1.54,"id":10787826},{"ltp":2.86,"id":10108898}]}]}
{"op":"mcm","clk":"11852207398","pt":1723843250948,"mc":[{"id":"1.231887491","rc":[{"ltp":1.52,"id":10787826},{"ltp":2.94,"id":10108898}]}]}
{"op":"mcm","clk":"11852639590","pt":1723849076960,"mc":[{"id":"1.231887491","rc":[{"ltp":1.54,"id":10787826},{"ltp":2.86,"id":10108898}]}]}
{"op":"mcm","clk":"11853109068","pt":1723855335945,"mc":[{"id":"1.231887491","rc":[{"ltp":1.52,"id":10787826}]}]}
{"op":"mcm","clk":"11853112525","pt":1723855377496,"mc":[{"id":"1.231887491","rc":[{"ltp":1.54,"id":10787826}]}]}
{"op":"mcm","clk":"11853156086","pt":1723855918115,"mc":[{"id":"1.231887491","rc":[{"ltp":1.5,"id":10787826}]}]}
{"op":"mcm","clk":"11853197645","pt":1723856492464,"mc":[{"id":"1.231887491","rc":[{"ltp":1.79,"id":10787826},{"ltp":2.28,"id":10108898}]}]}
{"op":"mcm","clk":"11853230471","pt":1723856951089,"mc":[{"id":"1.231887491","rc":[{"ltp":1.5,"id":10787826}]}]}
{"op":"mcm","clk":"11853289164","pt":1723857444305,"mc":[{"id":"1.231887491","rc":[{"ltp":1.76,"id":10787826},{"ltp":2.32,"id":10108898}]}]}
{"op":"mcm","clk":"11853298076","pt":1723857545110,"mc":[{"id":"1.231887491","rc":[{"ltp":1.79,"id":10787826}]}]}
{"op":"mcm","clk":"11853339776","pt":1723858083658,"mc":[{"id":"1.231887491","rc":[{"ltp":1.5,"id":10787826}]}]}
{"op":"mcm","clk":"11853987994","pt":1723867417322,"mc":[{"id":"1.231887491","rc":[{"ltp":1.47,"id":10787826}]}]}
{"op":"mcm","clk":"11855128664","pt":1723885037098,"mc":[{"id":"1.231887491","rc":[{"ltp":1.43,"id":10787826}]}]}
{"op":"mcm","clk":"11855239905","pt":1723886242678,"mc":[{"id":"1.231887491","rc":[{"ltp":1.46,"id":10787826}]}]}
{"op":"mcm","clk":"11858692288","pt":1723905081536,"mc":[{"id":"1.231887491","rc":[{"ltp":1.45,"id":10787826}]}]}
{"op":"mcm","clk":"11860069884","pt":1723909581861,"mc":[{"id":"1.231887491","rc":[{"ltp":1.49,"id":10787826},{"ltp":3.05,"id":10108898}]}]}
{"op":"mcm","clk":"11860084924","pt":1723909635043,"mc":[{"id":"1.231887491","rc":[{"ltp":1.5,"id":10787826}]}]}
{"op":"mcm","clk":"11860221796","pt":1723910244088,"mc":[{"id":"1.231887491","rc":[{"ltp":1.46,"id":10787826}]}]}
{"op":"mcm","clk":"11860271596","pt":1723910526394,"mc":[{"id":"1.231887491","rc":[{"ltp":3.15,"id":10108898}]}]}
{"op":"mcm","clk":"11860510530","pt":1723911646707,"mc":[{"id":"1.231887491","rc":[{"ltp":1.47,"id":10787826}]}]}
{"op":"mcm","clk":"11861818903","pt":1723919050061,"mc":[{"id":"1.231887491","rc":[{"ltp":1.45,"id":10787826}]}]}
{"op":"mcm","clk":"11861826282","pt":1723919091270,"mc":[{"id":"1.231887491","rc":[{"ltp":3.25,"id":10108898}]}]}
{"op":"mcm","clk":"11861949518","pt":1723919720173,"mc":[{"id":"1.231887491","rc":[{"ltp":1.44,"id":10787826}]}]}
{"op":"mcm","clk":"11861958359","pt":1723919759928,"mc":[{"id":"1.231887491","rc":[{"ltp":3.3,"id":10108898}]}]}
{"op":"mcm","clk":"11862982217","pt":1723924943569,"mc":[{"id":"1.231887491","rc":[{"ltp":1.43,"id":10787826}]}]}
{"op":"mcm","clk":"11862992427","pt":1723925004089,"mc":[{"id":"1.231887491","rc":[{"ltp":1.44,"id":10787826}]}]}
{"op":"mcm","clk":"11863010425","pt":1723925123260,"mc":[{"id":"1.231887491","rc":[{"ltp":1.45,"id":10787826},{"ltp":3.25,"id":10108898}]}]}
{"op":"mcm","clk":"11863019109","pt":1723925181133,"mc":[{"id":"1.231887491","rc":[{"ltp":1.46,"id":10787826},{"ltp":3.2,"id":10108898}]}]}
{"op":"mcm","clk":"11863027659","pt":1723925236294,"mc":[{"id":"1.231887491","rc":[{"ltp":1.47,"id":10787826},{"ltp":3.15,"id":10108898}]}]}
{"op":"mcm","clk":"11863175014","pt":1723926137309,"mc":[{"id":"1.231887491","rc":[{"ltp":1.45,"id":10787826}]}]}
{"op":"mcm","clk":"11863184038","pt":1723926194752,"mc":[{"id":"1.231887491","rc":[{"ltp":1.46,"id":10787826}]}]}
{"op":"mcm","clk":"11863190273","pt":1723926236405,"mc":[{"id":"1.231887491","rc":[{"ltp":1.47,"id":10787826}]}]}
{"op":"mcm","clk":"11863210252","pt":1723926368686,"mc":[{"id":"1.231887491","rc":[{"ltp":1.46,"id":10787826},{"ltp":3.2,"id":10108898}]}]}
{"op":"mcm","clk":"11863229579","pt":1723926503457,"mc":[{"id":"1.231887491","rc":[{"ltp":1.44,"id":10787826}]}]}
{"op":"mcm","clk":"11863235841","pt":1723926549338,"mc":[{"id":"1.231887491","rc":[{"ltp":3.3,"id":10108898}]}]}
{"op":"mcm","clk":"11863350637","pt":1723927344148,"mc":[{"id":"1.231887491","rc":[{"ltp":3.25,"id":10108898}]}]}
{"op":"mcm","clk":"11863391811","pt":1723927540675,"mc":[{"id":"1.231887491","rc":[{"ltp":3.3,"id":10108898}]}]}
{"op":"mcm","clk":"11863567123","pt":1723929016381,"mc":[{"id":"1.231887491","rc":[{"ltp":3.25,"id":10108898}]}]}
{"op":"mcm","clk":"11863672751","pt":1723930156202,"mc":[{"id":"1.231887491","rc":[{"ltp":3.3,"id":10108898}]}]}
{"op":"mcm","clk":"11863686740","pt":1723930341837,"mc":[{"id":"1.231887491","rc":[{"ltp":1.43,"id":10787826}]}]}
{"op":"mcm","clk":"11863727174","pt":1723930874839,"mc":[{"id":"1.231887491","rc":[{"ltp":3.25,"id":10108898}]}]}
{"op":"mcm","clk":"11864049188","pt":1723934864311,"mc":[{"id":"1.231887491","rc":[{"ltp":1.45,"id":10787826}]}]}
{"op":"mcm","clk":"11864193813","pt":1723936666223,"mc":[{"id":"1.231887491","rc":[{"ltp":1.44,"id":10787826}]}]}
{"op":"mcm","clk":"11864215135","pt":1723936910940,"mc":[{"id":"1.231887491","rc":[{"ltp":1.45,"id":10787826}]}]}
{"op":"mcm","clk":"11864256253","pt":1723937360652,"mc":[{"id":"1.231887491","rc":[{"ltp":3.3,"id":10108898}]}]}
{"op":"mcm","clk":"11864482300","pt":1723939802138,"mc":[{"id":"1.231887491","rc":[{"ltp":3.25,"id":10108898}]}]}
{"op":"mcm","clk":"11864491567","pt":1723939923152,"mc":[{"id":"1.231887491","rc":[{"ltp":3.2,"id":10108898}]}]}
{"op":"mcm","clk":"11864673958","pt":1723942079477,"mc":[{"id":"1.231887491","rc":[{"ltp":3.15,"id":10108898}]}]}
{"op":"mcm","clk":"11864758343","pt":1723943159246,"mc":[{"id":"1.231887491","rc":[{"ltp":1.46,"id":10787826}]}]}
{"op":"mcm","clk":"11864859943","pt":1723944302581,"mc":[{"id":"1.231887491","rc":[{"ltp":1.44,"id":10787826},{"ltp":3.25,"id":10108898}]}]}
{"op":"mcm","clk":"11865160853","pt":1723948937775,"mc":[{"id":"1.231887491","rc":[{"ltp":1.43,"id":10787826}]}]}
{"op":"mcm","clk":"11865230867","pt":1723950424121,"mc":[{"id":"1.231887491","rc":[{"ltp":3.3,"id":10108898}]}]}
{"op":"mcm","clk":"11865429393","pt":1723956292121,"mc":[{"id":"1.231887491","rc":[{"ltp":1.42,"id":10787826}]}]}
{"op":"mcm","clk":"11865445123","pt":1723956845755,"mc":[{"id":"1.231887491","rc":[{"ltp":3.35,"id":10108898}]}]}
{"op":"mcm","clk":"11865446161","pt":1723956879101,"mc":[{"id":"1.231887491","rc":[{"ltp":1.43,"id":10787826}]}]}
{"op":"mcm","clk":"11865476623","pt":1723957744885,"mc":[{"id":"1.231887491","rc":[{"ltp":3.3,"id":10108898}]}]}
{"op":"mcm","clk":"11865499682","pt":1723958410872,"mc":[{"id":"1.231887491","rc":[{"ltp":1.42,"id":10787826}]}]}
{"op":"mcm","clk":"11865509531","pt":1723958701324,"mc":[{"id":"1.231887491","rc":[{"ltp":1.43,"id":10787826}]}]}
{"op":"mcm","clk":"11865563760","pt":1723959977657,"mc":[{"id":"1.231887491","rc":[{"ltp":3.25,"id":10108898}]}]}
{"op":"mcm","clk":"11865565644","pt":1723960034906,"mc":[{"id":"1.231887491","rc":[{"ltp":1.44,"id":10787826}]}]}
{"op":"mcm","clk":"11865578975","pt":1723960464427,"mc":[{"id":"1.231887491","rc":[{"ltp":1.43,"id":10787826}]}]}
{"op":"mcm","clk":"11865586338","pt":1723960643947,"mc":[{"id":"1.231887491","rc":[{"ltp":3.35,"id":10108898}]}]}
{"op":"mcm","clk":"11865589573","pt":1723960731856,"mc":[{"id":"1.231887491","rc":[{"ltp":3.3,"id":10108898}]}]}
{"op":"mcm","clk":"11865606200","pt":1723961179856,"mc":[{"id":"1.231887491","rc":[{"ltp":1.42,"id":10787826},{"ltp":3.35,"id":10108898}]}]}
{"op":"mcm","clk":"11865618529","pt":1723961532271,"mc":[{"id":"1.231887491","rc":[{"ltp":3.45,"id":10108898}]}]}
{"op":"mcm","clk":"11865623314","pt":1723961661018,"mc":[{"id":"1.231887491","rc":[{"ltp":1.41,"id":10787826}]}]}
{"op":"mcm","clk":"11865647630","pt":1723962233988,"mc":[{"id":"1.231887491","rc":[{"ltp":1.4,"id":10787826}]}]}
{"op":"mcm","clk":"11865656990","pt":1723962499303,"mc":[{"id":"1.231887491","rc":[{"ltp":3.5,"id":10108898}]}]}
{"op":"mcm","clk":"11865658583","pt":1723962562770,"mc":[{"id":"1.231887491","rc":[{"ltp":3.55,"id":10108898}]}]}
{"op":"mcm","clk":"11865662091","pt":1723962680609,"mc":[{"id":"1.231887491","rc":[{"ltp":3.5,"id":10108898}]}]}
{"op":"mcm","clk":"11865666435","pt":1723962802189,"mc":[{"id":"1.231887491","rc":[{"ltp":1.41,"id":10787826}]}]}
{"op":"mcm","clk":"11865691325","pt":1723963404039,"mc":[{"id":"1.231887491","rc":[{"ltp":1.42,"id":10787826}]}]}
{"op":"mcm","clk":"11865700448","pt":1723963643276,"mc":[{"id":"1.231887491","rc":[{"ltp":3.35,"id":10108898}]}]}
{"op":"mcm","clk":"11865803760","pt":1723965543621,"mc":[{"id":"1.231887491","rc":[{"ltp":1.43,"id":10787826}]}]}
{"op":"mcm","clk":"11865826671","pt":1723966042456,"mc":[{"id":"1.231887491","rc":[{"ltp":1.44,"id":10787826}]}]}
{"op":"mcm","clk":"11865829398","pt":1723966101617,"mc":[{"id":"1.231887491","rc":[{"ltp":1.43,"id":10787826}]}]}
{"op":"mcm","clk":"11865839801","pt":1723966318920,"mc":[{"id":"1.231887491","rc":[{"ltp":1.44,"id":10787826}]}]}
{"op":"mcm","clk":"11865846363","pt":1723966459426,"mc":[{"id":"1.231887491","rc":[{"ltp":1.45,"id":10787826},{"ltp":3.15,"id":10108898}]}]}
{"op":"mcm","clk":"11865848172","pt":1723966499469,"mc":[{"id":"1.231887491","rc":[{"ltp":1.47,"id":10787826}]}]}
{"op":"mcm","clk":"11865854731","pt":1723966636525,"mc":[{"id":"1.231887491","rc":[{"ltp":1.48,"id":10787826},{"ltp":3.05,"id":10108898}]}]}
{"op":"mcm","clk":"11865862084","pt":1723966786894,"mc":[{"id":"1.231887491","rc":[{"ltp":1.47,"id":10787826}]}]}
{"op":"mcm","clk":"11865870226","pt":1723966939243,"mc":[{"id":"1.231887491","rc":[{"ltp":1.48,"id":10787826}]}]}
{"op":"mcm","clk":"11865879926","pt":1723967107420,"mc":[{"id":"1.231887491","rc":[{"ltp":1.49,"id":10787826}]}]}
{"op":"mcm","clk":"11865897368","pt":1723967422973,"mc":[{"id":"1.231887491","rc":[{"ltp":3.0,"id":10108898}]}]}
{"op":"mcm","clk":"11865900019","pt":1723967477808,"mc":[{"id":"1.231887491","rc":[{"ltp":3.05,"id":10108898}]}]}
{"op":"mcm","clk":"11865902911","pt":1723967544414,"mc":[{"id":"1.231887491","rc":[{"ltp":1.48,"id":10787826}]}]}
{"op":"mcm","clk":"11865917501","pt":1723967833251,"mc":[{"id":"1.231887491","rc":[{"ltp":1.46,"id":10787826},{"ltp":3.1,"id":10108898}]}]}
{"op":"mcm","clk":"11865919603","pt":1723967879975,"mc":[{"id":"1.231887491","rc":[{"ltp":1.47,"id":10787826}]}]}
{"op":"mcm","clk":"11865928823","pt":1723968077466,"mc":[{"id":"1.231887491","rc":[{"ltp":1.45,"id":10787826}]}]}
{"op":"mcm","clk":"11865930886","pt":1723968124454,"mc":[{"id":"1.231887491","rc":[{"ltp":1.47,"id":10787826}]}]}
{"op":"mcm","clk":"11865934678","pt":1723968204336,"mc":[{"id":"1.231887491","rc":[{"ltp":1.45,"id":10787826},{"ltp":3.25,"id":10108898}]}]}
{"op":"mcm","clk":"11865949480","pt":1723968493020,"mc":[{"id":"1.231887491","rc":[{"ltp":1.46,"id":10787826}]}]}
{"op":"mcm","clk":"11865969887","pt":1723968853507,"mc":[{"id":"1.231887491","rc":[{"ltp":1.45,"id":10787826}]}]}
{"op":"mcm","clk":"11865983479","pt":1723969076929,"mc":[{"id":"1.231887491","rc":[{"ltp":1.44,"id":10787826}]}]}
{"op":"mcm","clk":"11866003481","pt":1723969355813,"mc":[{"id":"1.231887491","rc":[{"ltp":3.15,"id":10108898}]}]}
{"op":"mcm","clk":"11866011850","pt":1723969464436,"mc":[{"id":"1.231887491","rc":[{"ltp":1.51,"id":10787826},{"ltp":2.94,"id":10108898}]}]}
{"op":"mcm","clk":"11866016699","pt":1723969523263,"mc":[{"id":"1.231887491","rc":[{"ltp":1.5,"id":10787826}]}]}
{"op":"mcm","clk":"11866019859","pt":1723969562242,"mc":[{"id":"1.231887491","rc":[{"ltp":1.47,"id":10787826}]}]}
{"op":"mcm","clk":"11866035311","pt":1723969778466,"mc":[{"id":"1.231887491","rc":[{"ltp":3.0,"id":10108898}]}]}
{"op":"mcm","clk":"11866047559","pt":1723969963987,"mc":[{"id":"1.231887491","rc":[{"ltp":1.46,"id":10787826}]}]}
{"op":"mcm","clk":"11866063929","pt":1723970172838,"mc":[{"id":"1.231887491","rc":[{"ltp":1.47,"id":10787826},{"ltp":3.05,"id":10108898}]}]}
{"op":"mcm","clk":"11866069988","pt":1723970243469,"mc":[{"id":"1.231887491","rc":[{"ltp":1.46,"id":10787826},{"ltp":3.0,"id":10108898}]}]}
{"op":"mcm","clk":"11866083848","pt":1723970416948,"mc":[{"id":"1.231887491","rc":[{"ltp":1.47,"id":10787826},{"ltp":3.1,"id":10108898}]}]}
{"op":"mcm","clk":"11866087493","pt":1723970459202,"mc":[{"id":"1.231887491","rc":[{"ltp":1.45,"id":10787826}]}]}
{"op":"mcm","clk":"11866115736","pt":1723970663677,"mc":[{"id":"1.231887491","rc":[{"ltp":1.47,"id":10787826}]}]}
{"op":"mcm","clk":"11866120968","pt":1723970722632,"mc":[{"id":"1.231887491","rc":[{"ltp":1.45,"id":10787826}]}]}
{"op":"mcm","clk":"11866125918","pt":1723970776179,"mc":[{"id":"1.231887491","rc":[{"ltp":1.46,"id":10787826}]}]}
{"op":"mcm","clk":"11866147518","pt":1723971012900,"mc":[{"id":"1.231887491","rc":[{"ltp":1.47,"id":10787826}]}]}
{"op":"mcm","clk":"11866159322","pt":1723971143321,"mc":[{"id":"1.231887491","rc":[{"ltp":1.44,"id":10787826},{"ltp":3.25,"id":10108898}]}]}
{"op":"mcm","clk":"11866169339","pt":1723971262526,"mc":[{"id":"1.231887491","rc":[{"ltp":1.45,"id":10787826},{"ltp":3.15,"id":10108898}]}]}
{"op":"mcm","clk":"11866179404","pt":1723971380625,"mc":[{"id":"1.231887491","rc":[{"ltp":1.47,"id":10787826},{"ltp":3.1,"id":10108898}]}]}
{"op":"mcm","clk":"11866184819","pt":1723971440399,"mc":[{"id":"1.231887491","rc":[{"ltp":1.46,"id":10787826}]}]}
{"op":"mcm","clk":"11866190409","pt":1723971494942,"mc":[{"id":"1.231887491","rc":[{"ltp":3.15,"id":10108898}]}]}
{"op":"mcm","clk":"11866237807","pt":1723971923899,"mc":[{"id":"1.231887491","rc":[{"ltp":1.47,"id":10787826}]}]}
{"op":"mcm","clk":"11866244356","pt":1723971984264,"mc":[{"id":"1.231887491","rc":[{"ltp":1.45,"id":10787826},{"ltp":3.1,"id":10108898}]}]}
{"op":"mcm","clk":"11866262477","pt":1723972161353,"mc":[{"id":"1.231887491","rc":[{"ltp":1.49,"id":10787826},{"ltp":3.05,"id":10108898}]}]}
{"op":"mcm","clk":"11866275356","pt":1723972283681,"mc":[{"id":"1.231887491","rc":[{"ltp":1.47,"id":10787826},{"ltp":3.1,"id":10108898}]}]}
{"op":"mcm","clk":"11866285622","pt":1723972386070,"mc":[{"id":"1.231887491","rc":[{"ltp":1.46,"id":10787826}]}]}
{"op":"mcm","clk":"11866292173","pt":1723972450944,"mc":[{"id":"1.231887491","rc":[{"ltp":1.47,"id":10787826}]}]}
{"op":"mcm","clk":"11866329952","pt":1723972823427,"mc":[{"id":"1.231887491","rc":[{"ltp":1.48,"id":10787826}]}]}
{"op":"mcm","clk":"11866335236","pt":1723972881882,"mc":[{"id":"1.231887491","rc":[{"ltp":2.94,"id":10108898}]}]}
{"op":"mcm","clk":"11866341011","pt":1723972941476,"mc":[{"id":"1.231887491","rc":[{"ltp":3.05,"id":10108898}]}]}
{"op":"mcm","clk":"11866347290","pt":1723973002936,"mc":[{"id":"1.231887491","rc":[{"ltp":1.46,"id":10787826},{"ltp":3.15,"id":10108898}]}]}
{"op":"mcm","clk":"11866366202","pt":1723973177522,"mc":[{"id":"1.231887491","rc":[{"ltp":1.45,"id":10787826},{"ltp":3.2,"id":10108898}]}]}
{"op":"mcm","clk":"11866373674","pt":1723973244208,"mc":[{"id":"1.231887491","rc":[{"ltp":1.43,"id":10787826},{"ltp":3.3,"id":10108898}]}]}
{"op":"mcm","clk":"11866379998","pt":1723973304288,"mc":[{"id":"1.231887491","rc":[{"ltp":1.47,"id":10787826},{"ltp":3.1,"id":10108898}]}]}
{"op":"mcm","clk":"11866386394","pt":1723973364335,"mc":[{"id":"1.231887491","rc":[{"ltp":1.46,"id":10787826},{"ltp":3.2,"id":10108898}]}]}
{"op":"mcm","clk":"11866392928","pt":1723973423238,"mc":[{"id":"1.231887491","rc":[{"ltp":1.44,"id":10787826}]}]}
{"op":"mcm","clk":"11866399007","pt":1723973483481,"mc":[{"id":"1.231887491","rc":[{"ltp":1.43,"id":10787826},{"ltp":3.35,"id":10108898}]}]}
{"op":"mcm","clk":"11866404976","pt":1723973543946,"mc":[{"id":"1.231887491","rc":[{"ltp":3.3,"id":10108898}]}]}
{"op":"mcm","clk":"11866411495","pt":1723973604117,"mc":[{"id":"1.231887491","rc":[{"ltp":1.44,"id":10787826}]}]}
{"op":"mcm","clk":"11866417665","pt":1723973663660,"mc":[{"id":"1.231887491","rc":[{"ltp":1.42,"id":10787826}]}]}
{"op":"mcm","clk":"11866424158","pt":1723973724132,"mc":[{"id":"1.231887491","rc":[{"ltp":1.44,"id":10787826}]}]}
{"op":"mcm","clk":"11866435928","pt":1723973843640,"mc":[{"id":"1.231887491","rc":[{"ltp":1.43,"id":10787826}]}]}
{"op":"mcm","clk":"11866442254","pt":1723973904439,"mc":[{"id":"1.231887491","rc":[{"ltp":1.39,"id":10787826},{"ltp":3.55,"id":10108898}]}]}
{"op":"mcm","clk":"11866448569","pt":1723973964403,"mc":[{"id":"1.231887491","rc":[{"ltp":1.38,"id":10787826},{"ltp":3.6,"id":10108898}]}]}
{"op":"mcm","clk":"11866455213","pt":1723974023611,"mc":[{"id":"1.231887491","rc":[{"ltp":1.39,"id":10787826}]}]}
{"op":"mcm","clk":"11866468181","pt":1723974144058,"mc":[{"id":"1.231887491","rc":[{"ltp":1.38,"id":10787826}]}]}
{"op":"mcm","clk":"11866475706","pt":1723974204394,"mc":[{"id":"1.231887491","rc":[{"ltp":1.37,"id":10787826},{"ltp":3.7,"id":10108898}]}]}
{"op":"mcm","clk":"11866482200","pt":1723974264397,"mc":[{"id":"1.231887491","rc":[{"ltp":1.38,"id":10787826},{"ltp":3.6,"id":10108898}]}]}
{"op":"mcm","clk":"11866488890","pt":1723974324354,"mc":[{"id":"1.231887491","marketDefinition":{"bspMarket":false,"turnInPlayEnabled":true,"persistenceEnabled":true,"marketBaseRate":5.0,"eventId":"33500547","eventTypeId":"4","numberOfWinners":1,"bettingType":"ODDS","marketType":"MATCH_ODDS","marketTime":"2024-08-18T09:45:00.000Z","suspendTime":"2024-08-18T09:45:00.000Z","bspReconciled":false,"complete":true,"inPlay":true,"crossMatching":true,"runnersVoidable":false,"numberOfActiveRunners":2,"betDelay":5,"status":"OPEN","runners":[{"status":"ACTIVE","sortPriority":1,"id":10108898,"name":"Ireland Women"},{"status":"ACTIVE","sortPriority":2,"id":10787826,"name":"Sri Lanka Women"}],"regulators":["MR_INT"],"countryCode":"GB","discountAllowed":true,"timezone":"GMT","openDate":"2024-08-18T09:45:00.000Z","version":6083139921,"name":"Match Odds","eventName":"Ireland Women v Sri Lanka Women"},"rc":[{"ltp":3.85,"id":10108898}]}]}
{"op":"mcm","clk":"11866496060","pt":1723974384320,"mc":[{"id":"1.231887491","rc":[{"ltp":1.35,"id":10787826}]}]}
{"op":"mcm","clk":"11866510010","pt":1723974504262,"mc":[{"id":"1.231887491","rc":[{"ltp":1.34,"id":10787826},{"ltp":3.9,"id":10108898}]}]}
{"op":"mcm","clk":"11866516736","pt":1723974564410,"mc":[{"id":"1.231887491","rc":[{"ltp":1.28,"id":10787826},{"ltp":4.5,"id":10108898}]}]}
{"op":"mcm","clk":"11866523675","pt":1723974624306,"mc":[{"id":"1.231887491","rc":[{"ltp":1.29,"id":10787826},{"ltp":4.4,"id":10108898}]}]}
{"op":"mcm","clk":"11866556094","pt":1723974924304,"mc":[{"id":"1.231887491","rc":[{"ltp":1.28,"id":10787826}]}]}
{"op":"mcm","clk":"11866562435","pt":1723974984403,"mc":[{"id":"1.231887491","rc":[{"ltp":1.29,"id":10787826}]}]}
{"op":"mcm","clk":"11866568465","pt":1723975044371,"mc":[{"id":"1.231887491","rc":[{"ltp":1.3,"id":10787826}]}]}
{"op":"mcm","clk":"11866574212","pt":1723975104427,"mc":[{"id":"1.231887491","rc":[{"ltp":4.3,"id":10108898}]}]}
{"op":"mcm","clk":"11866580003","pt":1723975164384,"mc":[{"id":"1.231887491","rc":[{"ltp":1.29,"id":10787826},{"ltp":4.4,"id":10108898}]}]}
{"op":"mcm","clk":"11866586839","pt":1723975224355,"mc":[{"id":"1.231887491","rc":[{"ltp":1.28,"id":10787826},{"ltp":4.5,"id":10108898}]}]}
{"op":"mcm","clk":"11866600467","pt":1723975344407,"mc":[{"id":"1.231887491","rc":[{"ltp":1.2,"id":10787826},{"ltp":6.0,"id":10108898}]}]}
{"op":"mcm","clk":"11866607801","pt":1723975404300,"mc":[{"id":"1.231887491","rc":[{"ltp":1.19,"id":10787826},{"ltp":6.2,"id":10108898}]}]}
{"op":"mcm","clk":"11866615936","pt":1723975464159,"mc":[{"id":"1.231887491","rc":[{"ltp":1.18,"id":10787826},{"ltp":6.4,"id":10108898}]}]}
{"op":"mcm","clk":"11866631483","pt":1723975584397,"mc":[{"id":"1.231887491","rc":[{"ltp":6.8,"id":10108898}]}]}
{"op":"mcm","clk":"11866638798","pt":1723975644347,"mc":[{"id":"1.231887491","rc":[{"ltp":6.4,"id":10108898}]}]}
{"op":"mcm","clk":"11866646997","pt":1723975704403,"mc":[{"id":"1.231887491","rc":[{"ltp":1.19,"id":10787826},{"ltp":6.2,"id":10108898}]}]}
{"op":"mcm","clk":"11866654988","pt":1723975764438,"mc":[{"id":"1.231887491","rc":[{"ltp":1.18,"id":10787826},{"ltp":6.4,"id":10108898}]}]}
{"op":"mcm","clk":"11866671199","pt":1723975884341,"mc":[{"id":"1.231887491","rc":[{"ltp":1.17,"id":10787826},{"ltp":6.8,"id":10108898}]}]}
{"op":"mcm","clk":"11866679857","pt":1723975944054,"mc":[{"id":"1.231887491","rc":[{"ltp":1.15,"id":10787826},{"ltp":7.6,"id":10108898}]}]}
{"op":"mcm","clk":"11866699225","pt":1723976004348,"mc":[{"id":"1.231887491","rc":[{"ltp":7.4,"id":10108898}]}]}
{"op":"mcm","clk":"11866707524","pt":1723976064417,"mc":[{"id":"1.231887491","rc":[{"ltp":7.6,"id":10108898}]}]}
{"op":"mcm","clk":"11866715970","pt":1723976124388,"mc":[{"id":"1.231887491","rc":[{"ltp":1.14,"id":10787826}]}]}
{"op":"mcm","clk":"11866723917","pt":1723976184283,"mc":[{"id":"1.231887491","rc":[{"ltp":1.16,"id":10787826},{"ltp":7.2,"id":10108898}]}]}
{"op":"mcm","clk":"11866748629","pt":1723976364287,"mc":[{"id":"1.231887491","rc":[{"ltp":1.17,"id":10787826},{"ltp":7.0,"id":10108898}]}]}
{"op":"mcm","clk":"11866757237","pt":1723976424033,"mc":[{"id":"1.231887491","rc":[{"ltp":1.18,"id":10787826},{"ltp":6.8,"id":10108898}]}]}
{"op":"mcm","clk":"11866765205","pt":1723976484403,"mc":[{"id":"1.231887491","rc":[{"ltp":1.17,"id":10787826}]}]}
{"op":"mcm","clk":"11866773329","pt":1723976544131,"mc":[{"id":"1.231887491","rc":[{"ltp":1.19,"id":10787826},{"ltp":6.2,"id":10108898}]}]}
{"op":"mcm","clk":"11866781802","pt":1723976604426,"mc":[{"id":"1.231887491","rc":[{"ltp":1.15,"id":10787826},{"ltp":7.6,"id":10108898}]}]}
{"op":"mcm","clk":"11866790132","pt":1723976664414,"mc":[{"id":"1.231887491","rc":[{"ltp":1.2,"id":10787826},{"ltp":6.0,"id":10108898}]}]}
{"op":"mcm","clk":"11866798419","pt":1723976724399,"mc":[{"id":"1.231887491","rc":[{"ltp":1.19,"id":10787826},{"ltp":6.2,"id":10108898}]}]}
{"op":"mcm","clk":"11866838794","pt":1723977024389,"mc":[{"id":"1.231887491","rc":[{"ltp":1.2,"id":10787826},{"ltp":6.0,"id":10108898}]}]}
{"op":"mcm","clk":"11866854631","pt":1723977144086,"mc":[{"id":"1.231887491","rc":[{"ltp":6.2,"id":10108898}]}]}
{"op":"mcm","clk":"11866862709","pt":1723977204237,"mc":[{"id":"1.231887491","rc":[{"ltp":6.0,"id":10108898}]}]}
{"op":"mcm","clk":"11866869709","pt":1723977264375,"mc":[{"id":"1.231887491","rc":[{"ltp":1.19,"id":10787826}]}]}
{"op":"mcm","clk":"11866877510","pt":1723977324368,"mc":[{"id":"1.231887491","rc":[{"ltp":1.2,"id":10787826}]}]}
{"op":"mcm","clk":"11866885853","pt":1723977384328,"mc":[{"id":"1.231887491","rc":[{"ltp":1.14,"id":10787826},{"ltp":8.0,"id":10108898}]}]}
{"op":"mcm","clk":"11866894156","pt":1723977444397,"mc":[{"id":"1.231887491","rc":[{"ltp":1.16,"id":10787826},{"ltp":7.2,"id":10108898}]}]}
{"op":"mcm","clk":"11866901400","pt":1723977504396,"mc":[{"id":"1.231887491","rc":[{"ltp":1.17,"id":10787826},{"ltp":6.8,"id":10108898}]}]}
{"op":"mcm","clk":"11866915120","pt":1723977624404,"mc":[{"id":"1.231887491","rc":[{"ltp":1.18,"id":10787826},{"ltp":6.4,"id":10108898}]}]}
{"op":"mcm","clk":"11866923552","pt":1723977684225,"mc":[{"id":"1.231887491","rc":[{"ltp":1.17,"id":10787826},{"ltp":6.8,"id":10108898}]}]}
{"op":"mcm","clk":"11866946914","pt":1723977864336,"mc":[{"id":"1.231887491","rc":[{"ltp":1.19,"id":10787826},{"ltp":6.6,"id":10108898}]}]}
{"op":"mcm","clk":"11866955535","pt":1723977924141,"mc":[{"id":"1.231887491","rc":[{"ltp":1.2,"id":10787826},{"ltp":6.0,"id":10108898}]}]}
{"op":"mcm","clk":"11866964195","pt":1723977984212,"mc":[{"id":"1.231887491","rc":[{"ltp":6.4,"id":10108898}]}]}
{"op":"mcm","clk":"11866972235","pt":1723978044382,"mc":[{"id":"1.231887491","rc":[{"ltp":6.2,"id":10108898}]}]}
{"op":"mcm","clk":"11866980400","pt":1723978104140,"mc":[{"id":"1.231887491","rc":[{"ltp":1.19,"id":10787826}]}]}
{"op":"mcm","clk":"11866988810","pt":1723978164179,"mc":[{"id":"1.231887491","rc":[{"ltp":1.21,"id":10787826},{"ltp":5.8,"id":10108898}]}]}
{"op":"mcm","clk":"11866997260","pt":1723978224275,"mc":[{"id":"1.231887491","rc":[{"ltp":1.2,"id":10787826}]}]}
{"op":"mcm","clk":"11867005539","pt":1723978284307,"mc":[{"id":"1.231887491","rc":[{"ltp":1.22,"id":10787826},{"ltp":5.6,"id":10108898}]}]}
{"op":"mcm","clk":"11867021364","pt":1723978404332,"mc":[{"id":"1.231887491","rc":[{"ltp":5.5,"id":10108898}]}]}
{"op":"mcm","clk":"11867028418","pt":1723978464381,"mc":[{"id":"1.231887491","rc":[{"ltp":1.25,"id":10787826},{"ltp":5.0,"id":10108898}]}]}
{"op":"mcm","clk":"11867035707","pt":1723978524236,"mc":[{"id":"1.231887491","rc":[{"ltp":1.16,"id":10787826},{"ltp":6.8,"id":10108898}]}]}
{"op":"mcm","clk":"11867042910","pt":1723978584396,"mc":[{"id":"1.231887491","rc":[{"ltp":7.2,"id":10108898}]}]}
{"op":"mcm","clk":"11867049951","pt":1723978644273,"mc":[{"id":"1.231887491","rc":[{"ltp":1.15,"id":10787826}]}]}
{"op":"mcm","clk":"11867056612","pt":1723978704429,"mc":[{"id":"1.231887491","rc":[{"ltp":7.6,"id":10108898}]}]}
{"op":"mcm","clk":"11867063688","pt":1723978764213,"mc":[{"id":"1.231887491","rc":[{"ltp":7.8,"id":10108898}]}]}
{"op":"mcm","clk":"11867071127","pt":1723978824064,"mc":[{"id":"1.231887491","rc":[{"ltp":1.17,"id":10787826},{"ltp":7.0,"id":10108898}]}]}
{"op":"mcm","clk":"11867079026","pt":1723978884394,"mc":[{"id":"1.231887491","rc":[{"ltp":1.16,"id":10787826},{"ltp":7.4,"id":10108898}]}]}
{"op":"mcm","clk":"11867086352","pt":1723978944426,"mc":[{"id":"1.231887491","rc":[{"ltp":7.2,"id":10108898}]}]}
{"op":"mcm","clk":"11867118834","pt":1723979184409,"mc":[{"id":"1.231887491","rc":[{"ltp":7.4,"id":10108898}]}]}
{"op":"mcm","clk":"11867127443","pt":1723979244381,"mc":[{"id":"1.231887491","rc":[{"ltp":1.17,"id":10787826},{"ltp":7.2,"id":10108898}]}]}
{"op":"mcm","clk":"11867136169","pt":1723979304358,"mc":[{"id":"1.231887491","rc":[{"ltp":6.6,"id":10108898}]}]}
{"op":"mcm","clk":"11867145514","pt":1723979364288,"mc":[{"id":"1.231887491","rc":[{"ltp":6.8,"id":10108898}]}]}
{"op":"mcm","clk":"11867155065","pt":1723979424256,"mc":[{"id":"1.231887491","rc":[{"ltp":6.6,"id":10108898}]}]}
{"op":"mcm","clk":"11867164489","pt":1723979484437,"mc":[{"id":"1.231887491","rc":[{"ltp":1.18,"id":10787826},{"ltp":6.4,"id":10108898}]}]}
{"op":"mcm","clk":"11867173852","pt":1723979544206,"mc":[{"id":"1.231887491","rc":[{"ltp":1.19,"id":10787826},{"ltp":6.2,"id":10108898}]}]}
{"op":"mcm","clk":"11867183008","pt":1723979604354,"mc":[{"id":"1.231887491","rc":[{"ltp":1.18,"id":10787826},{"ltp":6.4,"id":10108898}]}]}
{"op":"mcm","clk":"11867192080","pt":1723979664321,"mc":[{"id":"1.231887491","rc":[{"ltp":1.19,"id":10787826}]}]}
{"op":"mcm","clk":"11867201339","pt":1723979724389,"mc":[{"id":"1.231887491","rc":[{"ltp":1.2,"id":10787826},{"ltp":6.2,"id":10108898}]}]}
{"op":"mcm","clk":"11867219974","pt":1723979844202,"mc":[{"id":"1.231887491","rc":[{"ltp":5.7,"id":10108898}]}]}
{"op":"mcm","clk":"11867229445","pt":1723979904272,"mc":[{"id":"1.231887491","rc":[{"ltp":6.0,"id":10108898}]}]}
{"op":"mcm","clk":"11867238471","pt":1723979964432,"mc":[{"id":"1.231887491","rc":[{"ltp":6.4,"id":10108898}]}]}
{"op":"mcm","clk":"11867247231","pt":1723980023013,"mc":[{"id":"1.231887491","rc":[{"ltp":1.19,"id":10787826},{"ltp":6.0,"id":10108898}]}]}
{"op":"mcm","clk":"11867256454","pt":1723980084353,"mc":[{"id":"1.231887491","rc":[{"ltp":6.2,"id":10108898}]}]}
{"op":"mcm","clk":"11867265075","pt":1723980143821,"mc":[{"id":"1.231887491","rc":[{"ltp":1.2,"id":10787826}]}]}
{"op":"mcm","clk":"11867274360","pt":1723980204382,"mc":[{"id":"1.231887491","rc":[{"ltp":6.0,"id":10108898}]}]}
{"op":"mcm","clk":"11867283256","pt":1723980264419,"mc":[{"id":"1.231887491","rc":[{"ltp":1.19,"id":10787826},{"ltp":6.2,"id":10108898}]}]}
{"op":"mcm","clk":"11867301326","pt":1723980384217,"mc":[{"id":"1.231887491","rc":[{"ltp":1.2,"id":10787826},{"ltp":6.0,"id":10108898}]}]}
{"op":"mcm","clk":"11867310845","pt":1723980444083,"mc":[{"id":"1.231887491","rc":[{"ltp":1.18,"id":10787826},{"ltp":6.2,"id":10108898}]}]}
{"op":"mcm","clk":"11867320945","pt":1723980504253,"mc":[{"id":"1.231887491","rc":[{"ltp":1.2,"id":10787826}]}]}
{"op":"mcm","clk":"11867331174","pt":1723980564129,"mc":[{"id":"1.231887491","rc":[{"ltp":1.21,"id":10787826},{"ltp":5.8,"id":10108898}]}]}
{"op":"mcm","clk":"11867341180","pt":1723980624114,"mc":[{"id":"1.231887491","rc":[{"ltp":1.2,"id":10787826},{"ltp":6.0,"id":10108898}]}]}
{"op":"mcm","clk":"11867351516","pt":1723980684264,"mc":[{"id":"1.231887491","rc":[{"ltp":1.21,"id":10787826},{"ltp":5.7,"id":10108898}]}]}
{"op":"mcm","clk":"11867361516","pt":1723980744324,"mc":[{"id":"1.231887491","rc":[{"ltp":1.19,"id":10787826},{"ltp":6.2,"id":10108898}]}]}
{"op":"mcm","clk":"11867370817","pt":1723980804382,"mc":[{"id":"1.231887491","rc":[{"ltp":1.2,"id":10787826},{"ltp":5.8,"id":10108898}]}]}
{"op":"mcm","clk":"11867380120","pt":1723980863974,"mc":[{"id":"1.231887491","rc":[{"ltp":1.21,"id":10787826},{"ltp":5.9,"id":10108898}]}]}
{"op":"mcm","clk":"11867389035","pt":1723980924344,"mc":[{"id":"1.231887491","rc":[{"ltp":5.6,"id":10108898}]}]}
{"op":"mcm","clk":"11867398350","pt":1723980984372,"mc":[{"id":"1.231887491","rc":[{"ltp":1.22,"id":10787826}]}]}
{"op":"mcm","clk":"11867407617","pt":1723981044280,"mc":[{"id":"1.231887491","rc":[{"ltp":1.24,"id":10787826},{"ltp":5.2,"id":10108898}]}]}
{"op":"mcm","clk":"11867425626","pt":1723981164185,"mc":[{"id":"1.231887491","rc":[{"ltp":5.1,"id":10108898}]}]}
{"op":"mcm","clk":"11867444261","pt":1723981284437,"mc":[{"id":"1.231887491","rc":[{"ltp":1.17,"id":10787826},{"ltp":6.8,"id":10108898}]}]}
{"op":"mcm","clk":"11867453640","pt":1723981344420,"mc":[{"id":"1.231887491","rc":[{"ltp":1.16,"id":10787826}]}]}
{"op":"mcm","clk":"11867473711","pt":1723981404286,"mc":[{"id":"1.231887491","rc":[{"ltp":1.17,"id":10787826}]}]}
{"op":"mcm","clk":"11867482834","pt":1723981464241,"mc":[{"id":"1.231887491","rc":[{"ltp":7.2,"id":10108898}]}]}
{"op":"mcm","clk":"11867492850","pt":1723981524052,"mc":[{"id":"1.231887491","rc":[{"ltp":6.8,"id":10108898}]}]}
{"op":"mcm","clk":"11867530595","pt":1723981764316,"mc":[{"id":"1.231887491","rc":[{"ltp":1.16,"id":10787826}]}]}
{"op":"mcm","clk":"11867538837","pt":1723981822802,"mc":[{"id":"1.231887491","rc":[{"ltp":1.17,"id":10787826}]}]}
{"op":"mcm","clk":"11867555576","pt":1723981944194,"mc":[{"id":"1.231887491","rc":[{"ltp":1.18,"id":10787826}]}]}
{"op":"mcm","clk":"11867563786","pt":1723982004168,"mc":[{"id":"1.231887491","rc":[{"ltp":1.17,"id":10787826}]}]}
{"op":"mcm","clk":"11867571713","pt":1723982064023,"mc":[{"id":"1.231887491","rc":[{"ltp":1.18,"id":10787826},{"ltp":6.4,"id":10108898}]}]}
{"op":"mcm","clk":"11867587370","pt":1723982184149,"mc":[{"id":"1.231887491","rc":[{"ltp":6.8,"id":10108898}]}]}
{"op":"mcm","clk":"11867601842","pt":1723982304399,"mc":[{"id":"1.231887491","rc":[{"ltp":1.17,"id":10787826}]}]}
{"op":"mcm","clk":"11867609191","pt":1723982364267,"mc":[{"id":"1.231887491","rc":[{"ltp":1.18,"id":10787826},{"ltp":6.4,"id":10108898}]}]}
{"op":"mcm","clk":"11867625747","pt":1723982483779,"mc":[{"id":"1.231887491","rc":[{"ltp":1.17,"id":10787826},{"ltp":6.6,"id":10108898}]}]}
{"op":"mcm","clk":"11867634380","pt":1723982544386,"mc":[{"id":"1.231887491","rc":[{"ltp":1.18,"id":10787826},{"ltp":6.4,"id":10108898}]}]}
{"op":"mcm","clk":"11867659274","pt":1723982724223,"mc":[{"id":"1.231887491","rc":[{"ltp":1.19,"id":10787826},{"ltp":6.2,"id":10108898}]}]}
{"op":"mcm","clk":"11867677527","pt":1723982844270,"mc":[{"id":"1.231887491","rc":[{"ltp":1.2,"id":10787826},{"ltp":5.7,"id":10108898}]}]}
{"op":"mcm","clk":"11867686683","pt":1723982904372,"mc":[{"id":"1.231887491","rc":[{"ltp":1.21,"id":10787826},{"ltp":5.8,"id":10108898}]}]}
{"op":"mcm","clk":"11867695732","pt":1723982964141,"mc":[{"id":"1.231887491","rc":[{"ltp":1.22,"id":10787826},{"ltp":5.6,"id":10108898}]}]}
{"op":"mcm","clk":"11867704844","pt":1723983024232,"mc":[{"id":"1.231887491","rc":[{"ltp":5.4,"id":10108898}]}]}
{"op":"mcm","clk":"11867714364","pt":1723983084429,"mc":[{"id":"1.231887491","rc":[{"ltp":1.23,"id":10787826},{"ltp":5.5,"id":10108898}]}]}
{"op":"mcm","clk":"11867723984","pt":1723983144330,"mc":[{"id":"1.231887491","rc":[{"ltp":5.3,"id":10108898}]}]}
{"op":"mcm","clk":"11867733240","pt":1723983204315,"mc":[{"id":"1.231887491","rc":[{"ltp":1.22,"id":10787826},{"ltp":5.6,"id":10108898}]}]}
{"op":"mcm","clk":"11867742313","pt":1723983264215,"mc":[{"id":"1.231887491","rc":[{"ltp":5.5,"id":10108898}]}]}
{"op":"mcm","clk":"11867751543","pt":1723983324371,"mc":[{"id":"1.231887491","rc":[{"ltp":5.3,"id":10108898}]}]}
{"op":"mcm","clk":"11867760602","pt":1723983384354,"mc":[{"id":"1.231887491","rc":[{"ltp":1.23,"id":10787826},{"ltp":5.4,"id":10108898}]}]}
{"op":"mcm","clk":"11867770136","pt":1723983444427,"mc":[{"id":"1.231887491","rc":[{"ltp":1.24,"id":10787826},{"ltp":5.3,"id":10108898}]}]}
{"op":"mcm","clk":"11867779876","pt":1723983504308,"mc":[{"id":"1.231887491","rc":[{"ltp":5.2,"id":10108898}]}]}
{"op":"mcm","clk":"11867789375","pt":1723983564325,"mc":[{"id":"1.231887491","rc":[{"ltp":5.1,"id":10108898}]}]}
{"op":"mcm","clk":"11867798646","pt":1723983624220,"mc":[{"id":"1.231887491","rc":[{"ltp":1.25,"id":10787826},{"ltp":5.0,"id":10108898}]}]}
{"op":"mcm","clk":"11867807491","pt":1723983684343,"mc":[{"id":"1.231887491","rc":[{"ltp":4.8,"id":10108898}]}]}
{"op":"mcm","clk":"11867816362","pt":1723983744363,"mc":[{"id":"1.231887491","rc":[{"ltp":1.28,"id":10787826},{"ltp":4.5,"id":10108898}]}]}
{"op":"mcm","clk":"11867824785","pt":1723983804422,"mc":[{"id":"1.231887491","rc":[{"ltp":1.3,"id":10787826},{"ltp":4.2,"id":10108898}]}]}
{"op":"mcm","clk":"11867833817","pt":1723983864377,"mc":[{"id":"1.231887491","rc":[{"ltp":1.31,"id":10787826},{"ltp":4.4,"id":10108898}]}]}
{"op":"mcm","clk":"11867842922","pt":1723983924345,"mc":[{"id":"1.231887491","rc":[{"ltp":4.3,"id":10108898}]}]}
{"op":"mcm","clk":"11867851850","pt":1723983984389,"mc":[{"id":"1.231887491","rc":[{"ltp":1.37,"id":10787826},{"ltp":3.8,"id":10108898}]}]}
{"op":"mcm","clk":"11867860098","pt":1723984044248,"mc":[{"id":"1.231887491","rc":[{"ltp":1.35,"id":10787826},{"ltp":3.85,"id":10108898}]}]}
{"op":"mcm","clk":"11867868409","pt":1723984103948,"mc":[{"id":"1.231887491","rc":[{"ltp":1.36,"id":10787826},{"ltp":3.75,"id":10108898}]}]}
{"op":"mcm","clk":"11867877063","pt":1723984164025,"mc":[{"id":"1.231887491","rc":[{"ltp":3.7,"id":10108898}]}]}
{"op":"mcm","clk":"11867894819","pt":1723984284433,"mc":[{"id":"1.231887491","rc":[{"ltp":1.37,"id":10787826},{"ltp":3.8,"id":10108898}]}]}
{"op":"mcm","clk":"11867904395","pt":1723984344389,"mc":[{"id":"1.231887491","rc":[{"ltp":1.36,"id":10787826},{"ltp":3.75,"id":10108898}]}]}
{"op":"mcm","clk":"11867913734","pt":1723984404078,"mc":[{"id":"1.231887491","rc":[{"ltp":3.7,"id":10108898}]}]}
{"op":"mcm","clk":"11867923945","pt":1723984464322,"mc":[{"id":"1.231887491","rc":[{"ltp":1.4,"id":10787826},{"ltp":3.55,"id":10108898}]}]}
{"op":"mcm","clk":"11867933407","pt":1723984524284,"mc":[{"id":"1.231887491","rc":[{"ltp":3.45,"id":10108898}]}]}
{"op":"mcm","clk":"11867943224","pt":1723984584392,"mc":[{"id":"1.231887491","rc":[{"ltp":1.39,"id":10787826},{"ltp":3.5,"id":10108898}]}]}
{"op":"mcm","clk":"11867953240","pt":1723984644277,"mc":[{"id":"1.231887491","rc":[{"ltp":1.38,"id":10787826},{"ltp":3.7,"id":10108898}]}]}
{"op":"mcm","clk":"11867963586","pt":1723984704416,"mc":[{"id":"1.231887491","rc":[{"ltp":3.55,"id":10108898}]}]}
{"op":"mcm","clk":"11867973697","pt":1723984764209,"mc":[{"id":"1.231887491","rc":[{"ltp":1.42,"id":10787826},{"ltp":3.3,"id":10108898}]}]}
{"op":"mcm","clk":"11867983556","pt":1723984824387,"mc":[{"id":"1.231887491","rc":[{"ltp":1.44,"id":10787826},{"ltp":3.25,"id":10108898}]}]}
{"op":"mcm","clk":"11867993060","pt":1723984884438,"mc":[{"id":"1.231887491","rc":[{"ltp":1.43,"id":10787826},{"ltp":3.3,"id":10108898}]}]}
{"op":"mcm","clk":"11868002767","pt":1723984944319,"mc":[{"id":"1.231887491","rc":[{"ltp":1.44,"id":10787826}]}]}
{"op":"mcm","clk":"11868012148","pt":1723985004369,"mc":[{"id":"1.231887491","rc":[{"ltp":1.43,"id":10787826},{"ltp":3.2,"id":10108898}]}]}
{"op":"mcm","clk":"11868021391","pt":1723985064241,"mc":[{"id":"1.231887491","rc":[{"ltp":1.42,"id":10787826},{"ltp":3.35,"id":10108898}]}]}
{"op":"mcm","clk":"11868040525","pt":1723985184387,"mc":[{"id":"1.231887491","rc":[{"ltp":1.47,"id":10787826},{"ltp":3.15,"id":10108898}]}]}
{"op":"mcm","clk":"11868050611","pt":1723985244437,"mc":[{"id":"1.231887491","rc":[{"ltp":1.46,"id":10787826},{"ltp":3.1,"id":10108898}]}]}
{"op":"mcm","clk":"11868060080","pt":1723985303457,"mc":[{"id":"1.231887491","rc":[{"ltp":1.45,"id":10787826},{"ltp":3.2,"id":10108898}]}]}
{"op":"mcm","clk":"11868070043","pt":1723985364433,"mc":[{"id":"1.231887491","rc":[{"ltp":3.15,"id":10108898}]}]}
{"op":"mcm","clk":"11868079667","pt":1723985424385,"mc":[{"id":"1.231887491","rc":[{"ltp":1.43,"id":10787826},{"ltp":3.35,"id":10108898}]}]}
{"op":"mcm","clk":"11868089590","pt":1723985484342,"mc":[{"id":"1.231887491","rc":[{"ltp":1.47,"id":10787826},{"ltp":3.15,"id":10108898}]}]}
{"op":"mcm","clk":"11868099520","pt":1723985544345,"mc":[{"id":"1.231887491","rc":[{"ltp":1.46,"id":10787826}]}]}
{"op":"mcm","clk":"11868108818","pt":1723985604390,"mc":[{"id":"1.231887491","rc":[{"ltp":1.45,"id":10787826},{"ltp":3.2,"id":10108898}]}]}
{"op":"mcm","clk":"11868117457","pt":1723985664154,"mc":[{"id":"1.231887491","rc":[{"ltp":1.44,"id":10787826},{"ltp":3.25,"id":10108898}]}]}
{"op":"mcm","clk":"11868125944","pt":1723985724324,"mc":[{"id":"1.231887491","rc":[{"ltp":1.42,"id":10787826},{"ltp":3.3,"id":10108898}]}]}
{"op":"mcm","clk":"11868134723","pt":1723985784276,"mc":[{"id":"1.231887491","rc":[{"ltp":1.45,"id":10787826},{"ltp":3.25,"id":10108898}]}]}
{"op":"mcm","clk":"11868143361","pt":1723985844330,"mc":[{"id":"1.231887491","rc":[{"ltp":1.47,"id":10787826},{"ltp":3.1,"id":10108898}]}]}
{"op":"mcm","clk":"11868152538","pt":1723985904390,"mc":[{"id":"1.231887491","rc":[{"ltp":1.43,"id":10787826},{"ltp":3.3,"id":10108898}]}]}
{"op":"mcm","clk":"11868169111","pt":1723986024044,"mc":[{"id":"1.231887491","rc":[{"ltp":1.42,"id":10787826},{"ltp":3.35,"id":10108898}]}]}
{"op":"mcm","clk":"11868178218","pt":1723986084327,"mc":[{"id":"1.231887491","rc":[{"ltp":3.4,"id":10108898}]}]}
{"op":"mcm","clk":"11868187990","pt":1723986143987,"mc":[{"id":"1.231887491","rc":[{"ltp":1.4,"id":10787826}]}]}
{"op":"mcm","clk":"11868197064","pt":1723986204388,"mc":[{"id":"1.231887491","rc":[{"ltp":1.42,"id":10787826},{"ltp":3.3,"id":10108898}]}]}
{"op":"mcm","clk":"11868205778","pt":1723986264303,"mc":[{"id":"1.231887491","rc":[{"ltp":3.4,"id":10108898}]}]}
{"op":"mcm","clk":"11868214680","pt":1723986323851,"mc":[{"id":"1.231887491","rc":[{"ltp":1.41,"id":10787826}]}]}
{"op":"mcm","clk":"11868224522","pt":1723986384378,"mc":[{"id":"1.231887491","rc":[{"ltp":3.45,"id":10108898}]}]}
{"op":"mcm","clk":"11868234049","pt":1723986444225,"mc":[{"id":"1.231887491","rc":[{"ltp":3.4,"id":10108898}]}]}
{"op":"mcm","clk":"11868285998","pt":1723986743832,"mc":[{"id":"1.231887491","rc":[{"ltp":1.42,"id":10787826}]}]}
{"op":"mcm","clk":"11868306933","pt":1723986804390,"mc":[{"id":"1.231887491","rc":[{"ltp":1.4,"id":10787826},{"ltp":3.5,"id":10108898}]}]}
{"op":"mcm","clk":"11868317188","pt":1723986864318,"mc":[{"id":"1.231887491","rc":[{"ltp":1.39,"id":10787826}]}]}
{"op":"mcm","clk":"11868326677","pt":1723986924088,"mc":[{"id":"1.231887491","rc":[{"ltp":1.4,"id":10787826}]}]}
{"op":"mcm","clk":"11868337075","pt":1723986983700,"mc":[{"id":"1.231887491","rc":[{"ltp":3.4,"id":10108898}]}]}
{"op":"mcm","clk":"11868347079","pt":1723987044270,"mc":[{"id":"1.231887491","rc":[{"ltp":3.5,"id":10108898}]}]}
{"op":"mcm","clk":"11868356976","pt":1723987104341,"mc":[{"id":"1.231887491","rc":[{"ltp":3.55,"id":10108898}]}]}
{"op":"mcm","clk":"11868365989","pt":1723987164272,"mc":[{"id":"1.231887491","rc":[{"ltp":1.39,"id":10787826}]}]}
{"op":"mcm","clk":"11868384886","pt":1723987283578,"mc":[{"id":"1.231887491","rc":[{"ltp":3.6,"id":10108898}]}]}
{"op":"mcm","clk":"11868393660","pt":1723987344372,"mc":[{"id":"1.231887491","rc":[{"ltp":3.5,"id":10108898}]}]}
{"op":"mcm","clk":"11868402598","pt":1723987404426,"mc":[{"id":"1.231887491","rc":[{"ltp":1.4,"id":10787826}]}]}
{"op":"mcm","clk":"11868411687","pt":1723987463812,"mc":[{"id":"1.231887491","rc":[{"ltp":3.55,"id":10108898}]}]}
{"op":"mcm","clk":"11868420585","pt":1723987522709,"mc":[{"id":"1.231887491","rc":[{"ltp":1.39,"id":10787826},{"ltp":3.5,"id":10108898}]}]}
{"op":"mcm","clk":"11868429068","pt":1723987583288,"mc":[{"id":"1.231887491","rc":[{"ltp":3.55,"id":10108898}]}]}
{"op":"mcm","clk":"11868437981","pt":1723987644385,"mc":[{"id":"1.231887491","rc":[{"ltp":3.5,"id":10108898}]}]}
{"op":"mcm","clk":"11868455542","pt":1723987764307,"mc":[{"id":"1.231887491","rc":[{"ltp":1.4,"id":10787826}]}]}
{"op":"mcm","clk":"11868465377","pt":1723987824431,"mc":[{"id":"1.231887491","rc":[{"ltp":1.39,"id":10787826},{"ltp":3.55,"id":10108898}]}]}
{"op":"mcm","clk":"11868475015","pt":1723987884082,"mc":[{"id":"1.231887491","rc":[{"ltp":1.37,"id":10787826},{"ltp":3.65,"id":10108898}]}]}
{"op":"mcm","clk":"11868484839","pt":1723987944412,"mc":[{"id":"1.231887491","rc":[{"ltp":1.38,"id":10787826},{"ltp":3.6,"id":10108898}]}]}
{"op":"mcm","clk":"11868493937","pt":1723988004081,"mc":[{"id":"1.231887491","rc":[{"ltp":1.34,"id":10787826},{"ltp":3.85,"id":10108898}]}]}
{"op":"mcm","clk":"11868503466","pt":1723988064435,"mc":[{"id":"1.231887491","rc":[{"ltp":1.35,"id":10787826}]}]}
{"op":"mcm","clk":"11868513593","pt":1723988124433,"mc":[{"id":"1.231887491","rc":[{"ltp":1.37,"id":10787826},{"ltp":3.7,"id":10108898}]}]}
{"op":"mcm","clk":"11868523573","pt":1723988183946,"mc":[{"id":"1.231887491","rc":[{"ltp":1.41,"id":10787826},{"ltp":3.5,"id":10108898}]}]}
{"op":"mcm","clk":"11868533835","pt":1723988244187,"mc":[{"id":"1.231887491","rc":[{"ltp":3.4,"id":10108898}]}]}
{"op":"mcm","clk":"11868544326","pt":1723988304335,"mc":[{"id":"1.231887491","rc":[{"ltp":1.42,"id":10787826},{"ltp":3.35,"id":10108898}]}]}
{"op":"mcm","clk":"11868554206","pt":1723988364299,"mc":[{"id":"1.231887491","rc":[{"ltp":1.43,"id":10787826},{"ltp":3.25,"id":10108898}]}]}
{"op":"mcm","clk":"11868564578","pt":1723988424396,"mc":[{"id":"1.231887491","rc":[{"ltp":1.45,"id":10787826},{"ltp":3.1,"id":10108898}]}]}
{"op":"mcm","clk":"11868575542","pt":1723988484318,"mc":[{"id":"1.231887491","rc":[{"ltp":1.54,"id":10787826},{"ltp":2.96,"id":10108898}]}]}
{"op":"mcm","clk":"11868586811","pt":1723988544414,"mc":[{"id":"1.231887491","rc":[{"ltp":1.68,"id":10787826},{"ltp":2.38,"id":10108898}]}]}
{"op":"mcm","clk":"11868597899","pt":1723988604392,"mc":[{"id":"1.231887491","rc":[{"ltp":1.72,"id":10787826},{"ltp":2.4,"id":10108898}]}]}
{"op":"mcm","clk":"11868613040","pt":1723988664439,"mc":[{"id":"1.231887491","rc":[{"ltp":1.74,"id":10787826},{"ltp":2.38,"id":10108898}]}]}
{"op":"mcm","clk":"11868624772","pt":1723988724387,"mc":[{"id":"1.231887491","rc":[{"ltp":1.76,"id":10787826},{"ltp":2.3,"id":10108898}]}]}
{"op":"mcm","clk":"11868636186","pt":1723988784390,"mc":[{"id":"1.231887491","rc":[{"ltp":1.72,"id":10787826},{"ltp":2.32,"id":10108898}]}]}
{"op":"mcm","clk":"11868646940","pt":1723988844372,"mc":[{"id":"1.231887491","rc":[{"ltp":1.77,"id":10787826},{"ltp":2.28,"id":10108898}]}]}
{"op":"mcm","clk":"11868657601","pt":1723988904408,"mc":[{"id":"1.231887491","rc":[{"ltp":1.66,"id":10787826},{"ltp":2.54,"id":10108898}]}]}
{"op":"mcm","clk":"11868668165","pt":1723988964242,"mc":[{"id":"1.231887491","rc":[{"ltp":1.59,"id":10787826},{"ltp":2.74,"id":10108898}]}]}
{"op":"mcm","clk":"11868678208","pt":1723989024428,"mc":[{"id":"1.231887491","rc":[{"ltp":1.58,"id":10787826},{"ltp":2.72,"id":10108898}]}]}
{"op":"mcm","clk":"11868687417","pt":1723989084271,"mc":[{"id":"1.231887491","rc":[{"ltp":1.56,"id":10787826},{"ltp":2.78,"id":10108898}]}]}
{"op":"mcm","clk":"11868696484","pt":1723989144348,"mc":[{"id":"1.231887491","rc":[{"ltp":1.62,"id":10787826},{"ltp":2.6,"id":10108898}]}]}
{"op":"mcm","clk":"11868705175","pt":1723989204381,"mc":[{"id":"1.231887491","rc":[{"ltp":1.49,"id":10787826},{"ltp":3.0,"id":10108898}]}]}
{"op":"mcm","clk":"11868713556","pt":1723989264147,"mc":[{"id":"1.231887491","rc":[{"ltp":1.55,"id":10787826},{"ltp":2.82,"id":10108898}]}]}
{"op":"mcm","clk":"11868722158","pt":1723989324136,"mc":[{"id":"1.231887491","rc":[{"ltp":1.48,"id":10787826},{"ltp":3.05,"id":10108898}]}]}
{"op":"mcm","clk":"11868731288","pt":1723989384409,"mc":[{"id":"1.231887491","rc":[{"ltp":1.39,"id":10787826},{"ltp":3.5,"id":10108898}]}]}
{"op":"mcm","clk":"11868740402","pt":1723989444248,"mc":[{"id":"1.231887491","rc":[{"ltp":1.38,"id":10787826},{"ltp":3.6,"id":10108898}]}]}
{"op":"mcm","clk":"11868748071","pt":1723989504395,"mc":[{"id":"1.231887491","rc":[{"ltp":1.36,"id":10787826},{"ltp":3.8,"id":10108898}]}]}
{"op":"mcm","clk":"11868756809","pt":1723989564391,"mc":[{"id":"1.231887491","rc":[{"ltp":1.38,"id":10787826},{"ltp":3.65,"id":10108898}]}]}
{"op":"mcm","clk":"11868766148","pt":1723989624311,"mc":[{"id":"1.231887491","rc":[{"ltp":1.32,"id":10787826},{"ltp":4.1,"id":10108898}]}]}
{"op":"mcm","clk":"11868776877","pt":1723989684362,"mc":[{"id":"1.231887491","rc":[{"ltp":1.27,"id":10787826},{"ltp":4.7,"id":10108898}]}]}
{"op":"mcm","clk":"11868786410","pt":1723989744348,"mc":[{"id":"1.231887491","rc":[{"ltp":1.3,"id":10787826},{"ltp":4.2,"id":10108898}]}]}
{"op":"mcm","clk":"11868796168","pt":1723989804377,"mc":[{"id":"1.231887491","rc":[{"ltp":1.31,"id":10787826}]}]}
{"op":"mcm","clk":"11868807125","pt":1723989864246,"mc":[{"id":"1.231887491","rc":[{"ltp":1.3,"id":10787826}]}]}
{"op":"mcm","clk":"11868831214","pt":1723989984388,"mc":[{"id":"1.231887491","rc":[{"ltp":1.36,"id":10787826},{"ltp":3.7,"id":10108898}]}]}
{"op":"mcm","clk":"11868843071","pt":1723990044252,"mc":[{"id":"1.231887491","rc":[{"ltp":1.4,"id":10787826},{"ltp":3.45,"id":10108898}]}]}
{"op":"mcm","clk":"11868854469","pt":1723990104424,"mc":[{"id":"1.231887491","rc":[{"ltp":1.72,"id":10787826},{"ltp":2.36,"id":10108898}]}]}
{"op":"mcm","clk":"11868865427","pt":1723990164372,"mc":[{"id":"1.231887491","rc":[{"ltp":1.8,"id":10787826},{"ltp":2.26,"id":10108898}]}]}
{"op":"mcm","clk":"11868877834","pt":1723990224391,"mc":[{"id":"1.231887491","rc":[{"ltp":2.24,"id":10108898}]}]}
{"op":"mcm","clk":"11868890279","pt":1723990284376,"mc":[{"id":"1.231887491","rc":[{"ltp":1.73,"id":10787826},{"ltp":2.38,"id":10108898}]}]}
{"op":"mcm","clk":"11868902383","pt":1723990344419,"mc":[{"id":"1.231887491","rc":[{"ltp":1.69,"id":10787826},{"ltp":2.44,"id":10108898}]}]}
{"op":"mcm","clk":"11868914790","pt":1723990404338,"mc":[{"id":"1.231887491","rc":[{"ltp":1.68,"id":10787826},{"ltp":2.46,"id":10108898}]}]}
{"op":"mcm","clk":"11868927416","pt":1723990463945,"mc":[{"id":"1.231887491","rc":[{"ltp":1.72,"id":10787826},{"ltp":2.4,"id":10108898}]}]}
{"op":"mcm","clk":"11868939710","pt":1723990524439,"mc":[{"id":"1.231887491","rc":[{"ltp":1.83,"id":10787826},{"ltp":2.22,"id":10108898}]}]}
{"op":"mcm","clk":"11868951213","pt":1723990584385,"mc":[{"id":"1.231887491","rc":[{"ltp":1.79,"id":10787826},{"ltp":2.24,"id":10108898}]}]}
{"op":"mcm","clk":"11868963606","pt":1723990644256,"mc":[{"id":"1.231887491","rc":[{"ltp":1.87,"id":10787826},{"ltp":2.16,"id":10108898}]}]}
{"op":"mcm","clk":"11868988165","pt":1723990764420,"mc":[{"id":"1.231887491","rc":[{"ltp":1.96,"id":10787826},{"ltp":2.02,"id":10108898}]}]}
{"op":"mcm","clk":"11869000592","pt":1723990824360,"mc":[{"id":"1.231887491","rc":[{"ltp":1.97,"id":10787826},{"ltp":2.04,"id":10108898}]}]}
{"op":"mcm","clk":"11869012797","pt":1723990884235,"mc":[{"id":"1.231887491","rc":[{"ltp":1.88,"id":10787826},{"ltp":2.12,"id":10108898}]}]}
{"op":"mcm","clk":"11869023521","pt":1723990944368,"mc":[{"id":"1.231887491","rc":[{"ltp":1.9,"id":10787826},{"ltp":2.1,"id":10108898}]}]}
{"op":"mcm","clk":"11869034559","pt":1723991004287,"mc":[{"id":"1.231887491","rc":[{"ltp":1.81,"id":10787826},{"ltp":2.22,"id":10108898}]}]}
{"op":"mcm","clk":"11869046500","pt":1723991064298,"mc":[{"id":"1.231887491","rc":[{"ltp":1.75,"id":10787826},{"ltp":2.32,"id":10108898}]}]}
{"op":"mcm","clk":"11869058056","pt":1723991124225,"mc":[{"id":"1.231887491","rc":[{"ltp":1.77,"id":10787826},{"ltp":2.3,"id":10108898}]}]}
{"op":"mcm","clk":"11869069054","pt":1723991184167,"mc":[{"id":"1.231887491","rc":[{"ltp":1.82,"id":10787826},{"ltp":2.22,"id":10108898}]}]}
{"op":"mcm","clk":"11869079783","pt":1723991243816,"mc":[{"id":"1.231887491","rc":[{"ltp":1.78,"id":10787826},{"ltp":2.3,"id":10108898}]}]}
{"op":"mcm","clk":"11869090991","pt":1723991304392,"mc":[{"id":"1.231887491","rc":[{"ltp":1.71,"id":10787826},{"ltp":2.4,"id":10108898}]}]}
{"op":"mcm","clk":"11869103072","pt":1723991364368,"mc":[{"id":"1.231887491","rc":[{"ltp":1.7,"id":10787826},{"ltp":2.42,"id":10108898}]}]}
{"op":"mcm","clk":"11869115639","pt":1723991424302,"mc":[{"id":"1.231887491","rc":[{"ltp":1.65,"id":10787826},{"ltp":2.52,"id":10108898}]}]}
{"op":"mcm","clk":"11869127532","pt":1723991484013,"mc":[{"id":"1.231887491","rc":[{"ltp":1.6,"id":10787826},{"ltp":2.66,"id":10108898}]}]}
{"op":"mcm","clk":"11869139121","pt":1723991544403,"mc":[{"id":"1.231887491","rc":[{"ltp":1.49,"id":10787826},{"ltp":3.0,"id":10108898}]}]}
{"op":"mcm","clk":"11869150314","pt":1723991604347,"mc":[{"id":"1.231887491","rc":[{"ltp":1.52,"id":10787826},{"ltp":2.92,"id":10108898}]}]}
{"op":"mcm","clk":"11869162263","pt":1723991664393,"mc":[{"id":"1.231887491","rc":[{"ltp":1.44,"id":10787826},{"ltp":3.2,"id":10108898}]}]}
{"op":"mcm","clk":"11869174291","pt":1723991724401,"mc":[{"id":"1.231887491","rc":[{"ltp":1.51,"id":10787826},{"ltp":3.0,"id":10108898}]}]}
{"op":"mcm","clk":"11869186284","pt":1723991784318,"mc":[{"id":"1.231887491","rc":[{"ltp":1.52,"id":10787826},{"ltp":2.88,"id":10108898}]}]}
{"op":"mcm","clk":"11869198146","pt":1723991844390,"mc":[{"id":"1.231887491","rc":[{"ltp":1.5,"id":10787826},{"ltp":3.0,"id":10108898}]}]}
{"op":"mcm","clk":"11869210155","pt":1723991904279,"mc":[{"id":"1.231887491","rc":[{"ltp":1.48,"id":10787826},{"ltp":3.05,"id":10108898}]}]}
{"op":"mcm","clk":"11869221757","pt":1723991964331,"mc":[{"id":"1.231887491","rc":[{"ltp":1.46,"id":10787826},{"ltp":3.2,"id":10108898}]}]}
{"op":"mcm","clk":"11869233306","pt":1723992024186,"mc":[{"id":"1.231887491","rc":[{"ltp":1.44,"id":10787826}]}]}
{"op":"mcm","clk":"11869245523","pt":1723992084248,"mc":[{"id":"1.231887491","rc":[{"ltp":1.33,"id":10787826},{"ltp":4.1,"id":10108898}]}]}
{"op":"mcm","clk":"11869257812","pt":1723992144401,"mc":[{"id":"1.231887491","rc":[{"ltp":1.36,"id":10787826},{"ltp":3.85,"id":10108898}]}]}
{"op":"mcm","clk":"11869279609","pt":1723992204369,"mc":[{"id":"1.231887491","rc":[{"ltp":3.75,"id":10108898}]}]}
{"op":"mcm","clk":"11869291919","pt":1723992264405,"mc":[{"id":"1.231887491","rc":[{"ltp":1.3,"id":10787826},{"ltp":4.3,"id":10108898}]}]}
{"op":"mcm","clk":"11869304559","pt":1723992324249,"mc":[{"id":"1.231887491","rc":[{"ltp":1.33,"id":10787826},{"ltp":4.0,"id":10108898}]}]}
{"op":"mcm","clk":"11869316850","pt":1723992384388,"mc":[{"id":"1.231887491","rc":[{"ltp":1.26,"id":10787826},{"ltp":4.8,"id":10108898}]}]}
{"op":"mcm","clk":"11869328481","pt":1723992444302,"mc":[{"id":"1.231887491","rc":[{"ltp":1.25,"id":10787826}]}]}
{"op":"mcm","clk":"11869339660","pt":1723992504348,"mc":[{"id":"1.231887491","rc":[{"ltp":1.27,"id":10787826},{"ltp":4.7,"id":10108898}]}]}
{"op":"mcm","clk":"11869350528","pt":1723992564294,"mc":[{"id":"1.231887491","rc":[{"ltp":4.8,"id":10108898}]}]}
{"op":"mcm","clk":"11869361374","pt":1723992624365,"mc":[{"id":"1.231887491","rc":[{"ltp":1.26,"id":10787826},{"ltp":4.9,"id":10108898}]}]}
{"op":"mcm","clk":"11869371404","pt":1723992684324,"mc":[{"id":"1.231887491","rc":[{"ltp":4.8,"id":10108898}]}]}
{"op":"mcm","clk":"11869381695","pt":1723992744265,"mc":[{"id":"1.231887491","rc":[{"ltp":1.29,"id":10787826},{"ltp":4.3,"id":10108898}]}]}
{"op":"mcm","clk":"11869390940","pt":1723992804311,"mc":[{"id":"1.231887491","rc":[{"ltp":1.3,"id":10787826}]}]}
{"op":"mcm","clk":"11869400618","pt":1723992864212,"mc":[{"id":"1.231887491","rc":[{"ltp":1.29,"id":10787826},{"ltp":4.4,"id":10108898}]}]}
{"op":"mcm","clk":"11869411170","pt":1723992924438,"mc":[{"id":"1.231887491","rc":[{"ltp":1.25,"id":10787826},{"ltp":5.0,"id":10108898}]}]}
{"op":"mcm","clk":"11869431552","pt":1723993044273,"mc":[{"id":"1.231887491","rc":[{"ltp":1.26,"id":10787826},{"ltp":4.8,"id":10108898}]}]}
{"op":"mcm","clk":"11869441585","pt":1723993104344,"mc":[{"id":"1.231887491","rc":[{"ltp":1.25,"id":10787826},{"ltp":5.0,"id":10108898}]}]}
{"op":"mcm","clk":"11869483490","pt":1723993344109,"mc":[{"id":"1.231887491","rc":[{"ltp":1.28,"id":10787826},{"ltp":4.5,"id":10108898}]}]}
{"op":"mcm","clk":"11869494940","pt":1723993404359,"mc":[{"id":"1.231887491","rc":[{"ltp":1.31,"id":10787826},{"ltp":4.2,"id":10108898}]}]}
{"op":"mcm","clk":"11869506355","pt":1723993464365,"mc":[{"id":"1.231887491","rc":[{"ltp":1.3,"id":10787826},{"ltp":4.4,"id":10108898}]}]}
{"op":"mcm","clk":"11869517989","pt":1723993524244,"mc":[{"id":"1.231887491","rc":[{"ltp":4.3,"id":10108898}]}]}
{"op":"mcm","clk":"11869530005","pt":1723993584097,"mc":[{"id":"1.231887491","rc":[{"ltp":4.4,"id":10108898}]}]}
{"op":"mcm","clk":"11869543357","pt":1723993643909,"mc":[{"id":"1.231887491","rc":[{"ltp":1.29,"id":10787826},{"ltp":4.5,"id":10108898}]}]}
{"op":"mcm","clk":"11869556907","pt":1723993703939,"mc":[{"id":"1.231887491","rc":[{"ltp":1.27,"id":10787826},{"ltp":4.7,"id":10108898}]}]}
{"op":"mcm","clk":"11869570507","pt":1723993764420,"mc":[{"id":"1.231887491","rc":[{"ltp":1.29,"id":10787826},{"ltp":4.4,"id":10108898}]}]}
{"op":"mcm","clk":"11869583160","pt":1723993824180,"mc":[{"id":"1.231887491","rc":[{"ltp":4.5,"id":10108898}]}]}
{"op":"mcm","clk":"11869596585","pt":1723993884376,"mc":[{"id":"1.231887491","rc":[{"ltp":1.31,"id":10787826},{"ltp":4.2,"id":10108898}]}]}
{"op":"mcm","clk":"11869610275","pt":1723993944259,"mc":[{"id":"1.231887491","rc":[{"ltp":4.3,"id":10108898}]}]}
{"op":"mcm","clk":"11869623524","pt":1723994004410,"mc":[{"id":"1.231887491","rc":[{"ltp":1.28,"id":10787826},{"ltp":4.5,"id":10108898}]}]}
{"op":"mcm","clk":"11869636950","pt":1723994064406,"mc":[{"id":"1.231887491","rc":[{"ltp":1.29,"id":10787826},{"ltp":4.4,"id":10108898}]}]}
{"op":"mcm","clk":"11869650428","pt":1723994124357,"mc":[{"id":"1.231887491","rc":[{"ltp":1.23,"id":10787826},{"ltp":5.5,"id":10108898}]}]}
{"op":"mcm","clk":"11869664165","pt":1723994184436,"mc":[{"id":"1.231887491","rc":[{"ltp":5.3,"id":10108898}]}]}
{"op":"mcm","clk":"11869677821","pt":1723994244380,"mc":[{"id":"1.231887491","rc":[{"ltp":1.22,"id":10787826},{"ltp":5.4,"id":10108898}]}]}
{"op":"mcm","clk":"11869691346","pt":1723994304401,"mc":[{"id":"1.231887491","rc":[{"ltp":5.5,"id":10108898}]}]}
{"op":"mcm","clk":"11869704615","pt":1723994363932,"mc":[{"id":"1.231887491","rc":[{"ltp":1.17,"id":10787826},{"ltp":6.8,"id":10108898}]}]}
{"op":"mcm","clk":"11869731663","pt":1723994484283,"mc":[{"id":"1.231887491","rc":[{"ltp":1.16,"id":10787826},{"ltp":7.2,"id":10108898}]}]}
{"op":"mcm","clk":"11869744878","pt":1723994544335,"mc":[{"id":"1.231887491","rc":[{"ltp":1.17,"id":10787826},{"ltp":6.8,"id":10108898}]}]}
{"op":"mcm","clk":"11869757302","pt":1723994604435,"mc":[{"id":"1.231887491","rc":[{"ltp":1.18,"id":10787826},{"ltp":6.4,"id":10108898}]}]}
{"op":"mcm","clk":"11869769144","pt":1723994664382,"mc":[{"id":"1.231887491","rc":[{"ltp":1.15,"id":10787826},{"ltp":7.6,"id":10108898}]}]}
{"op":"mcm","clk":"11869781509","pt":1723994724381,"mc":[{"id":"1.231887491","rc":[{"ltp":1.17,"id":10787826},{"ltp":6.8,"id":10108898}]}]}
{"op":"mcm","clk":"11869793758","pt":1723994784411,"mc":[{"id":"1.231887491","rc":[{"ltp":1.19,"id":10787826},{"ltp":6.2,"id":10108898}]}]}
{"op":"mcm","clk":"11869805841","pt":1723994844383,"mc":[{"id":"1.231887491","rc":[{"ltp":1.18,"id":10787826},{"ltp":6.4,"id":10108898}]}]}
{"op":"mcm","clk":"11869818142","pt":1723994904346,"mc":[{"id":"1.231887491","rc":[{"ltp":1.17,"id":10787826},{"ltp":6.8,"id":10108898}]}]}
{"op":"mcm","clk":"11869830034","pt":1723994964366,"mc":[{"id":"1.231887491","rc":[{"ltp":1.15,"id":10787826},{"ltp":8.0,"id":10108898}]}]}
{"op":"mcm","clk":"11869842083","pt":1723995024299,"mc":[{"id":"1.231887491","rc":[{"ltp":1.16,"id":10787826},{"ltp":7.6,"id":10108898}]}]}
{"op":"mcm","clk":"11869854313","pt":1723995084353,"mc":[{"id":"1.231887491","rc":[{"ltp":7.2,"id":10108898}]}]}
{"op":"mcm","clk":"11869866235","pt":1723995144185,"mc":[{"id":"1.231887491","rc":[{"ltp":1.15,"id":10787826},{"ltp":7.4,"id":10108898}]}]}
{"op":"mcm","clk":"11869878700","pt":1723995204349,"mc":[{"id":"1.231887491","rc":[{"ltp":7.6,"id":10108898}]}]}
{"op":"mcm","clk":"11869890982","pt":1723995264406,"mc":[{"id":"1.231887491","rc":[{"ltp":1.13,"id":10787826},{"ltp":8.6,"id":10108898}]}]}
{"op":"mcm","clk":"11869903433","pt":1723995324055,"mc":[{"id":"1.231887491","rc":[{"ltp":1.14,"id":10787826},{"ltp":8.0,"id":10108898}]}]}
{"op":"mcm","clk":"11869915570","pt":1723995384439,"mc":[{"id":"1.231887491","rc":[{"ltp":1.15,"id":10787826}]}]}
{"op":"mcm","clk":"11869927197","pt":1723995443997,"mc":[{"id":"1.231887491","rc":[{"ltp":7.6,"id":10108898}]}]}
{"op":"mcm","clk":"11869938828","pt":1723995504289,"mc":[{"id":"1.231887491","rc":[{"ltp":1.12,"id":10787826},{"ltp":9.2,"id":10108898}]}]}
{"op":"mcm","clk":"11869951100","pt":1723995564349,"mc":[{"id":"1.231887491","rc":[{"ltp":1.08,"id":10787826},{"ltp":12.0,"id":10108898}]}]}
{"op":"mcm","clk":"11869963616","pt":1723995624297,"mc":[{"id":"1.231887491","rc":[{"ltp":1.18,"id":10787826},{"ltp":6.6,"id":10108898}]}]}
{"op":"mcm","clk":"11869975498","pt":1723995684353,"mc":[{"id":"1.231887491","rc":[{"ltp":1.17,"id":10787826}]}]}
{"op":"mcm","clk":"11869987131","pt":1723995744354,"mc":[{"id":"1.231887491","rc":[{"ltp":6.8,"id":10108898}]}]}
{"op":"mcm","clk":"11869998636","pt":1723995804437,"mc":[{"id":"1.231887491","rc":[{"ltp":1.19,"id":10787826},{"ltp":6.4,"id":10108898}]}]}
{"op":"mcm","clk":"11870010397","pt":1723995864147,"mc":[{"id":"1.231887491","rc":[{"ltp":1.21,"id":10787826},{"ltp":5.8,"id":10108898}]}]}
{"op":"mcm","clk":"11870022972","pt":1723995924413,"mc":[{"id":"1.231887491","rc":[{"ltp":1.38,"id":10787826},{"ltp":3.6,"id":10108898}]}]}
{"op":"mcm","clk":"11870056963","pt":1723996104405,"mc":[{"id":"1.231887491","rc":[{"ltp":1.42,"id":10787826},{"ltp":3.35,"id":10108898}]}]}
{"op":"mcm","clk":"11870067765","pt":1723996164338,"mc":[{"id":"1.231887491","rc":[{"ltp":1.48,"id":10787826},{"ltp":3.05,"id":10108898}]}]}
{"op":"mcm","clk":"11870078169","pt":1723996224327,"mc":[{"id":"1.231887491","rc":[{"ltp":1.47,"id":10787826},{"ltp":3.2,"id":10108898}]}]}
{"op":"mcm","clk":"11870088078","pt":1723996284368,"mc":[{"id":"1.231887491","rc":[{"ltp":1.33,"id":10787826},{"ltp":4.0,"id":10108898}]}]}
{"op":"mcm","clk":"11870097487","pt":1723996344439,"mc":[{"id":"1.231887491","rc":[{"ltp":1.3,"id":10787826},{"ltp":4.2,"id":10108898}]}]}
{"op":"mcm","clk":"11870106509","pt":1723996404339,"mc":[{"id":"1.231887491","rc":[{"ltp":1.33,"id":10787826},{"ltp":4.1,"id":10108898}]}]}
{"op":"mcm","clk":"11870115701","pt":1723996464321,"mc":[{"id":"1.231887491","rc":[{"ltp":1.26,"id":10787826},{"ltp":4.9,"id":10108898}]}]}
{"op":"mcm","clk":"11870124809","pt":1723996524120,"mc":[{"id":"1.231887491","rc":[{"ltp":1.3,"id":10787826},{"ltp":4.1,"id":10108898}]}]}
{"op":"mcm","clk":"11870134434","pt":1723996584098,"mc":[{"id":"1.231887491","rc":[{"ltp":1.27,"id":10787826},{"ltp":4.8,"id":10108898}]}]}
{"op":"mcm","clk":"11870143963","pt":1723996644366,"mc":[{"id":"1.231887491","rc":[{"ltp":1.28,"id":10787826},{"ltp":4.7,"id":10108898}]}]}
{"op":"mcm","clk":"11870152935","pt":1723996704330,"mc":[{"id":"1.231887491","rc":[{"ltp":1.21,"id":10787826},{"ltp":5.5,"id":10108898}]}]}
{"op":"mcm","clk":"11870161952","pt":1723996764399,"mc":[{"id":"1.231887491","rc":[{"ltp":5.8,"id":10108898}]}]}
{"op":"mcm","clk":"11870172136","pt":1723996824240,"mc":[{"id":"1.231887491","rc":[{"ltp":1.18,"id":10787826},{"ltp":6.8,"id":10108898}]}]}
{"op":"mcm","clk":"11870185474","pt":1723996884357,"mc":[{"id":"1.231887491","rc":[{"ltp":1.17,"id":10787826}]}]}
{"op":"mcm","clk":"11870197137","pt":1723996944420,"mc":[{"id":"1.231887491","rc":[{"ltp":1.19,"id":10787826},{"ltp":6.0,"id":10108898}]}]}
{"op":"mcm","clk":"11870208464","pt":1723997004362,"mc":[{"id":"1.231887491","rc":[{"ltp":1.24,"id":10787826},{"ltp":5.1,"id":10108898}]}]}
{"op":"mcm","clk":"11870220792","pt":1723997064308,"mc":[{"id":"1.231887491","rc":[{"ltp":1.23,"id":10787826},{"ltp":5.3,"id":10108898}]}]}
{"op":"mcm","clk":"11870234247","pt":1723997124372,"mc":[{"id":"1.231887491","rc":[{"ltp":1.15,"id":10787826},{"ltp":7.6,"id":10108898}]}]}
{"op":"mcm","clk":"11870247844","pt":1723997184433,"mc":[{"id":"1.231887491","rc":[{"ltp":1.18,"id":10787826},{"ltp":6.4,"id":10108898}]}]}
{"op":"mcm","clk":"11870261115","pt":1723997244415,"mc":[{"id":"1.231887491","rc":[{"ltp":1.25,"id":10787826},{"ltp":5.0,"id":10108898}]}]}
{"op":"mcm","clk":"11870274408","pt":1723997304309,"mc":[{"id":"1.231887491","rc":[{"ltp":1.2,"id":10787826},{"ltp":5.7,"id":10108898}]}]}
{"op":"mcm","clk":"11870287726","pt":1723997364349,"mc":[{"id":"1.231887491","rc":[{"ltp":1.16,"id":10787826},{"ltp":6.4,"id":10108898}]}]}
{"op":"mcm","clk":"11870302155","pt":1723997424424,"mc":[{"id":"1.231887491","rc":[{"ltp":1.34,"id":10787826},{"ltp":3.95,"id":10108898}]}]}
{"op":"mcm","clk":"11870316500","pt":1723997484394,"mc":[{"id":"1.231887491","rc":[{"ltp":3.9,"id":10108898}]}]}
{"op":"mcm","clk":"11870330382","pt":1723997544353,"mc":[{"id":"1.231887491","rc":[{"ltp":1.8,"id":10787826},{"ltp":2.3,"id":10108898}]}]}
{"op":"mcm","clk":"11870353661","pt":1723997604436,"mc":[{"id":"1.231887491","rc":[{"ltp":1.79,"id":10787826},{"ltp":2.28,"id":10108898}]}]}
{"op":"mcm","clk":"11870368359","pt":1723997664340,"mc":[{"id":"1.231887491","rc":[{"ltp":1.74,"id":10787826},{"ltp":2.34,"id":10108898}]}]}
{"op":"mcm","clk":"11870383551","pt":1723997724312,"mc":[{"id":"1.231887491","rc":[{"ltp":1.81,"id":10787826},{"ltp":2.24,"id":10108898}]}]}
{"op":"mcm","clk":"11870398459","pt":1723997784374,"mc":[{"id":"1.231887491","rc":[{"ltp":1.85,"id":10787826},{"ltp":2.16,"id":10108898}]}]}
{"op":"mcm","clk":"11870413082","pt":1723997844332,"mc":[{"id":"1.231887491","rc":[{"ltp":3.15,"id":10787826},{"ltp":1.45,"id":10108898}]}]}
{"op":"mcm","clk":"11870427742","pt":1723997904420,"mc":[{"id":"1.231887491","rc":[{"ltp":3.05,"id":10787826},{"ltp":1.53,"id":10108898}]}]}
{"op":"mcm","clk":"11870442880","pt":1723997964373,"mc":[{"id":"1.231887491","rc":[{"ltp":7.2,"id":10787826},{"ltp":1.16,"id":10108898}]}]}
{"op":"mcm","clk":"11870458435","pt":1723998024439,"mc":[{"id":"1.231887491","rc":[{"ltp":9.2,"id":10787826},{"ltp":1.12,"id":10108898}]}]}
{"op":"mcm","clk":"11870473039","pt":1723998084373,"mc":[{"id":"1.231887491","rc":[{"ltp":36.0,"id":10787826},{"ltp":1.03,"id":10108898}]}]}
{"op":"mcm","clk":"11870488378","pt":1723998144420,"mc":[{"id":"1.231887491","rc":[{"ltp":26.0,"id":10787826},{"ltp":1.04,"id":10108898}]}]}
{"op":"mcm","clk":"11870502966","pt":1723998204380,"mc":[{"id":"1.231887491","rc":[{"ltp":17.5,"id":10787826},{"ltp":1.06,"id":10108898}]}]}
{"op":"mcm","clk":"11870517190","pt":1723998264402,"mc":[{"id":"1.231887491","rc":[{"ltp":10.0,"id":10787826},{"ltp":1.11,"id":10108898}]}]}
{"op":"mcm","clk":"11870532027","pt":1723998324408,"mc":[{"id":"1.231887491","rc":[{"ltp":12.0,"id":10787826},{"ltp":1.09,"id":10108898}]}]}
{"op":"mcm","clk":"11870546233","pt":1723998384349,"mc":[{"id":"1.231887491","rc":[{"ltp":10.5,"id":10787826},{"ltp":1.11,"id":10108898}]}]}
{"op":"mcm","clk":"11870560148","pt":1723998444399,"mc":[{"id":"1.231887491","rc":[{"ltp":9.2,"id":10787826},{"ltp":1.12,"id":10108898}]}]}
{"op":"mcm","clk":"11870573858","pt":1723998504397,"mc":[{"id":"1.231887491","rc":[{"ltp":8.2,"id":10787826},{"ltp":1.17,"id":10108898}]}]}
{"op":"mcm","clk":"11870587560","pt":1723998564366,"mc":[{"id":"1.231887491","rc":[{"ltp":7.2,"id":10787826},{"ltp":1.16,"id":10108898}]}]}
{"op":"mcm","clk":"11870600157","pt":1723998624421,"mc":[{"id":"1.231887491","rc":[{"ltp":6.8,"id":10787826},{"ltp":1.17,"id":10108898}]}]}
{"op":"mcm","clk":"11870625842","pt":1723998744304,"mc":[{"id":"1.231887491","rc":[{"ltp":5.8,"id":10787826},{"ltp":1.19,"id":10108898}]}]}
{"op":"mcm","clk":"11870639278","pt":1723998804333,"mc":[{"id":"1.231887491","rc":[{"ltp":7.2,"id":10787826},{"ltp":1.16,"id":10108898}]}]}
{"op":"mcm","clk":"11870652647","pt":1723998864390,"mc":[{"id":"1.231887491","rc":[{"ltp":7.6,"id":10787826},{"ltp":1.14,"id":10108898}]}]}
{"op":"mcm","clk":"11870665286","pt":1723998924435,"mc":[{"id":"1.231887491","rc":[{"ltp":1.15,"id":10108898}]}]}
{"op":"mcm","clk":"11870678165","pt":1723998984372,"mc":[{"id":"1.231887491","rc":[{"ltp":4.3,"id":10787826},{"ltp":1.31,"id":10108898}]}]}
{"op":"mcm","clk":"11870691394","pt":1723999044366,"mc":[{"id":"1.231887491","rc":[{"ltp":5.2,"id":10787826},{"ltp":1.24,"id":10108898}]}]}
{"op":"mcm","clk":"11870704758","pt":1723999104374,"mc":[{"id":"1.231887491","rc":[{"ltp":4.0,"id":10787826},{"ltp":1.32,"id":10108898}]}]}
{"op":"mcm","clk":"11870718051","pt":1723999164358,"mc":[{"id":"1.231887491","rc":[{"ltp":100.0,"id":10787826},{"ltp":1.01,"id":10108898}]}]}
{"op":"mcm","clk":"11870730523","pt":1723999224321,"mc":[{"id":"1.231887491","rc":[{"ltp":1000.0,"id":10787826}]}]}
{"op":"mcm","clk":"11870769538","pt":1723999398571,"mc":[{"id":"1.231887491","marketDefinition":{"bspMarket":false,"turnInPlayEnabled":true,"persistenceEnabled":true,"marketBaseRate":5.0,"eventId":"33500547","eventTypeId":"4","numberOfWinners":1,"bettingType":"ODDS","marketType":"MATCH_ODDS","marketTime":"2024-08-18T09:45:00.000Z","suspendTime":"2024-08-18T09:45:00.000Z","bspReconciled":false,"complete":true,"inPlay":true,"crossMatching":true,"runnersVoidable":false,"numberOfActiveRunners":2,"betDelay":5,"status":"SUSPENDED","runners":[{"status":"ACTIVE","sortPriority":1,"id":10108898,"name":"Ireland Women"},{"status":"ACTIVE","sortPriority":2,"id":10787826,"name":"Sri Lanka Women"}],"regulators":["MR_INT"],"countryCode":"GB","discountAllowed":true,"timezone":"GMT","openDate":"2024-08-18T09:45:00.000Z","version":6084470883,"name":"Match Odds","eventName":"Ireland Women v Sri Lanka Women"}}]}
{"op":"mcm","clk":"11870805603","pt":1723999560185,"mc":[{"id":"1.231887491","marketDefinition":{"bspMarket":false,"turnInPlayEnabled":true,"persistenceEnabled":true,"marketBaseRate":5.0,"eventId":"33500547","eventTypeId":"4","numberOfWinners":1,"bettingType":"ODDS","marketType":"MATCH_ODDS","marketTime":"2024-08-18T09:45:00.000Z","suspendTime":"2024-08-18T09:45:00.000Z","bspReconciled":false,"complete":true,"inPlay":true,"crossMatching":false,"runnersVoidable":false,"numberOfActiveRunners":0,"betDelay":5,"status":"CLOSED","settledTime":"2024-08-18T16:44:00.000Z","runners":[{"status":"WINNER","sortPriority":1,"id":10108898,"name":"Ireland Women"},{"status":"LOSER","sortPriority":2,"id":10787826,"name":"Sri Lanka Women"}],"regulators":["MR_INT"],"countryCode":"GB","discountAllowed":true,"timezone":"GMT","openDate":"2024-08-18T09:45:00.000Z","version":6084482066,"name":"Match Odds","eventName":"Ireland Women v Sri Lanka Women"}}]}
