{"op":"mcm","clk":"11833155789","pt":1723109223217,"mc":[{"id":"1.231582994","marketDefinition":{"bspMarket":false,"turnInPlayEnabled":true,"persistenceEnabled":true,"marketBaseRate":5.0,"eventId":"33477722","eventTypeId":"4","numberOfWinners":1,"bettingType":"ODDS","marketType":"MATCH_ODDS","marketTime":"2024-08-10T17:00:00.000Z","suspendTime":"2024-08-10T17:00:00.000Z","bspReconciled":false,"complete":true,"inPlay":false,"crossMatching":true,"runnersVoidable":false,"numberOfActiveRunners":2,"betDelay":0,"status":"OPEN","runners":[{"status":"ACTIVE","sortPriority":1,"id":26354927,"name":"Welsh Fire"},{"status":"ACTIVE","sortPriority":2,"id":26354921,"name":"Birmingham Phoenix"}],"regulators":["MR_INT"],"countryCode":"GB","discountAllowed":true,"timezone":"GMT","openDate":"2024-08-10T17:00:00.000Z","version":6061698977,"name":"Match Odds","eventName":"Welsh Fire v Birmingham Phoenix"}}]}
{"op":"mcm","clk":"11836076189","pt":1723142813288,"mc":[{"id":"1.231582994","rc":[{"ltp":2.1,"id":26354927}]}]}
{"op":"mcm","clk":"11841922417","pt":1723225790098,"mc":[{"id":"1.231582994","rc":[{"ltp":1.83,"id":26354921}]}]}
{"op":"mcm","clk":"11843530200","pt":1723234374179,"mc":[{"id":"1.231582994","rc":[{"ltp":1.8,"id":26354921}]}]}
{"op":"mcm","clk":"11843794535","pt":1723237439286,"mc":[{"id":"1.231582994","rc":[{"ltp":2.18,"id":26354927},{"ltp":1.86,"id":26354921}]}]}
{"op":"mcm","clk":"11843973286","pt":1723241416718,"mc":[{"id":"1.231582994","rc":[{"ltp":1.87,"id":26354921}]}]}
{"op":"mcm","clk":"11843992772","pt":1723241793109,"mc":[{"id":"1.231582994","rc":[{"ltp":1.91,"id":26354921}]}]}
{"op":"mcm","clk":"11844009939","pt":1723242100874,"mc":[{"id":"1.231582994","rc":[{"ltp":1.87,"id":26354921}]}]}
{"op":"mcm","clk":"11844395165","pt":1723248556274,"mc":[{"id":"1.231582994","rc":[{"ltp":2.16,"id":26354927}]}]}
{"op":"mcm","clk":"11844423657","pt":1723248937992,"mc":[{"id":"1.231582994","rc":[{"ltp":1.86,"id":26354921}]}]}
{"op":"mcm","clk":"11844481398","pt":1723249784912,"mc":[{"id":"1.231582994","rc":[{"ltp":1.87,"id":26354921}]}]}
{"op":"mcm","clk":"11845384442","pt":1723261194805,"mc":[{"id":"1.231582994","rc":[{"ltp":1.89,"id":26354921}]}]}
{"op":"mcm","clk":"11845520198","pt":1723263307836,"mc":[{"id":"1.231582994","rc":[{"ltp":1.9,"id":26354921}]}]}
{"op":"mcm","clk":"11845558992","pt":1723264137045,"mc":[{"id":"1.231582994","rc":[{"ltp":1.89,"id":26354921}]}]}
{"op":"mcm","clk":"11845895002","pt":1723271492252,"mc":[{"id":"1.231582994","rc":[{"ltp":2.12,"id":26354927}]}]}
{"op":"mcm","clk":"11845910380","pt":1723271818227,"mc":[{"id":"1.231582994","rc":[{"ltp":2.1,"id":26354927}]}]}
{"op":"mcm","clk":"11845948940","pt":1723272289484,"mc":[{"id":"1.231582994","rc":[{"ltp":1.91,"id":26354921}]}]}
{"op":"mcm","clk":"11845950498","pt":1723272321733,"mc":[{"id":"1.231582994","rc":[{"ltp":1.92,"id":26354921}]}]}
{"op":"mcm","clk":"11845973722","pt":1723272883701,"mc":[{"id":"1.231582994","rc":[{"ltp":2.06,"id":26354927}]}]}
{"op":"mcm","clk":"11845991828","pt":1723273260968,"mc":[{"id":"1.231582994","rc":[{"ltp":2.1,"id":26354927}]}]}
{"op":"mcm","clk":"11846000039","pt":1723273379585,"mc":[{"id":"1.231582994","rc":[{"ltp":2.12,"id":26354927},{"ltp":1.9,"id":26354921}]}]}
{"op":"mcm","clk":"11846007863","pt":1723273495378,"mc":[{"id":"1.231582994","rc":[{"ltp":2.14,"id":26354927},{"ltp":1.88,"id":26354921}]}]}
{"op":"mcm","clk":"11846090616","pt":1723274756990,"mc":[{"id":"1.231582994","rc":[{"ltp":2.08,"id":26354927},{"ltp":1.92,"id":26354921}]}]}
{"op":"mcm","clk":"11846255039","pt":1723277099664,"mc":[{"id":"1.231582994","rc":[{"ltp":2.04,"id":26354927},{"ltp":1.96,"id":26354921}]}]}
{"op":"mcm","clk":"11846260423","pt":1723277159520,"mc":[{"id":"1.231582994","rc":[{"ltp":2.06,"id":26354927},{"ltp":1.93,"id":26354921}]}]}
{"op":"mcm","clk":"11846265863","pt":1723277220893,"mc":[{"id":"1.231582994","rc":[{"ltp":1.92,"id":26354921}]}]}
{"op":"mcm","clk":"11846269941","pt":1723277266517,"mc":[{"id":"1.231582994","rc":[{"ltp":2.08,"id":26354927}]}]}
{"op":"mcm","clk":"11846343903","pt":1723277877774,"mc":[{"id":"1.231582994","rc":[{"ltp":2.06,"id":26354927}]}]}
{"op":"mcm","clk":"11846409388","pt":1723278634948,"mc":[{"id":"1.231582994","rc":[{"ltp":1.93,"id":26354921}]}]}
{"op":"mcm","clk":"11846416818","pt":1723278715076,"mc":[{"id":"1.231582994","rc":[{"ltp":1.92,"id":26354921}]}]}
{"op":"mcm","clk":"11846628533","pt":1723280867638,"mc":[{"id":"1.231582994","rc":[{"ltp":1.91,"id":26354921}]}]}
{"op":"mcm","clk":"11846656535","pt":1723281117396,"mc":[{"id":"1.231582994","rc":[{"ltp":2.08,"id":26354927}]}]}
{"op":"mcm","clk":"11846678328","pt":1723281308201,"mc":[{"id":"1.231582994","rc":[{"ltp":1.92,"id":26354921}]}]}
{"op":"mcm","clk":"11846702304","pt":1723281505939,"mc":[{"id":"1.231582994","rc":[{"ltp":2.1,"id":26354927},{"ltp":1.91,"id":26354921}]}]}
{"op":"mcm","clk":"11846713372","pt":1723281592915,"mc":[{"id":"1.231582994","rc":[{"ltp":1.93,"id":26354921}]}]}
{"op":"mcm","clk":"11846716790","pt":1723281618037,"mc":[{"id":"1.231582994","rc":[{"ltp":1.91,"id":26354921}]}]}
{"op":"mcm","clk":"11846859633","pt":1723282731414,"mc":[{"id":"1.231582994","rc":[{"ltp":1.92,"id":26354921}]}]}
{"op":"mcm","clk":"11846877939","pt":1723282855240,"mc":[{"id":"1.231582994","rc":[{"ltp":2.08,"id":26354927}]}]}
{"op":"mcm","clk":"11847053368","pt":1723284055118,"mc":[{"id":"1.231582994","rc":[{"ltp":2.1,"id":26354927},{"ltp":1.91,"id":26354921}]}]}
{"op":"mcm","clk":"11847197715","pt":1723284960090,"mc":[{"id":"1.231582994","rc":[{"ltp":1.92,"id":26354921}]}]}
{"op":"mcm","clk":"11847354131","pt":1723286158166,"mc":[{"id":"1.231582994","rc":[{"ltp":2.06,"id":26354927}]}]}
{"op":"mcm","clk":"11847857669","pt":1723289665693,"mc":[{"id":"1.231582994","rc":[{"ltp":2.08,"id":26354927}]}]}
{"op":"mcm","clk":"11848193717","pt":1723291737520,"mc":[{"id":"1.231582994","rc":[{"ltp":1.91,"id":26354921}]}]}
{"op":"mcm","clk":"11848395176","pt":1723292720574,"mc":[{"id":"1.231582994","rc":[{"ltp":1.92,"id":26354921}]}]}
{"op":"mcm","clk":"11848472714","pt":1723293105796,"mc":[{"id":"1.231582994","rc":[{"ltp":2.06,"id":26354927}]}]}
{"op":"mcm","clk":"11848598084","pt":1723293710643,"mc":[{"id":"1.231582994","rc":[{"ltp":2.08,"id":26354927}]}]}
{"op":"mcm","clk":"11848706573","pt":1723294182664,"mc":[{"id":"1.231582994","rc":[{"ltp":1.91,"id":26354921}]}]}
{"op":"mcm","clk":"11848733747","pt":1723294360272,"mc":[{"id":"1.231582994","rc":[{"ltp":1.93,"id":26354921}]}]}
{"op":"mcm","clk":"11848784151","pt":1723294734430,"mc":[{"id":"1.231582994","rc":[{"ltp":2.06,"id":26354927}]}]}
{"op":"mcm","clk":"11848900631","pt":1723295390562,"mc":[{"id":"1.231582994","rc":[{"ltp":1.92,"id":26354921}]}]}
{"op":"mcm","clk":"11849146354","pt":1723296703696,"mc":[{"id":"1.231582994","rc":[{"ltp":1.94,"id":26354921}]}]}
{"op":"mcm","clk":"11849181010","pt":1723296887857,"mc":[{"id":"1.231582994","rc":[{"ltp":2.08,"id":26354927},{"ltp":1.92,"id":26354921}]}]}
{"op":"mcm","clk":"11849194618","pt":1723296959919,"mc":[{"id":"1.231582994","rc":[{"ltp":2.12,"id":26354927},{"ltp":1.9,"id":26354921}]}]}
{"op":"mcm","clk":"11849203595","pt":1723297006464,"mc":[{"id":"1.231582994","rc":[{"ltp":1.88,"id":26354921}]}]}
{"op":"mcm","clk":"11849318051","pt":1723297618369,"mc":[{"id":"1.231582994","rc":[{"ltp":1.89,"id":26354921}]}]}
{"op":"mcm","clk":"11849327554","pt":1723297673722,"mc":[{"id":"1.231582994","rc":[{"ltp":1.88,"id":26354921}]}]}
{"op":"mcm","clk":"11849349551","pt":1723297815179,"mc":[{"id":"1.231582994","rc":[{"ltp":1.89,"id":26354921}]}]}
{"op":"mcm","clk":"11849376743","pt":1723297987530,"mc":[{"id":"1.231582994","rc":[{"ltp":1.88,"id":26354921}]}]}
{"op":"mcm","clk":"11849414216","pt":1723298236779,"mc":[{"id":"1.231582994","rc":[{"ltp":1.89,"id":26354921}]}]}
{"op":"mcm","clk":"11849471084","pt":1723298556171,"mc":[{"id":"1.231582994","rc":[{"ltp":1.88,"id":26354921}]}]}
{"op":"mcm","clk":"11849559846","pt":1723298912026,"mc":[{"id":"1.231582994","rc":[{"ltp":1.89,"id":26354921}]}]}
{"op":"mcm","clk":"11849582801","pt":1723298992503,"mc":[{"id":"1.231582994","rc":[{"ltp":1.88,"id":26354921}]}]}
{"op":"mcm","clk":"11849695836","pt":1723299333514,"mc":[{"id":"1.231582994","rc":[{"ltp":1.89,"id":26354921}]}]}
{"op":"mcm","clk":"11849872608","pt":1723299960318,"mc":[{"id":"1.231582994","rc":[{"ltp":1.9,"id":26354921}]}]}
{"op":"mcm","clk":"11849879957","pt":1723299986969,"mc":[{"id":"1.231582994","rc":[{"ltp":1.89,"id":26354921}]}]}
{"op":"mcm","clk":"11849935402","pt":1723300187249,"mc":[{"id":"1.231582994","rc":[{"ltp":2.1,"id":26354927}]}]}
{"op":"mcm","clk":"11850364455","pt":1723301958389,"mc":[{"id":"1.231582994","rc":[{"ltp":1.9,"id":26354921}]}]}
{"op":"mcm","clk":"11850398619","pt":1723302136925,"mc":[{"id":"1.231582994","rc":[{"ltp":1.89,"id":26354921}]}]}
{"op":"mcm","clk":"11850535946","pt":1723302658627,"mc":[{"id":"1.231582994","rc":[{"ltp":2.08,"id":26354927},{"ltp":1.92,"id":26354921}]}]}
{"op":"mcm","clk":"11850582397","pt":1723302818578,"mc":[{"id":"1.231582994","rc":[{"ltp":1.89,"id":26354921}]}]}
{"op":"mcm","clk":"11850624210","pt":1723302961167,"mc":[{"id":"1.231582994","rc":[{"ltp":2.06,"id":26354927},{"ltp":1.92,"id":26354921}]}]}
{"op":"mcm","clk":"11850637425","pt":1723303006793,"mc":[{"id":"1.231582994","rc":[{"ltp":2.1,"id":26354927},{"ltp":1.9,"id":26354921}]}]}
{"op":"mcm","clk":"11850756361","pt":1723303414092,"mc":[{"id":"1.231582994","rc":[{"ltp":1.89,"id":26354921}]}]}
{"op":"mcm","clk":"11850892615","pt":1723303913511,"mc":[{"id":"1.231582994","rc":[{"ltp":2.12,"id":26354927},{"ltp":1.92,"id":26354921}]}]}
{"op":"mcm","clk":"11850902756","pt":1723303951326,"mc":[{"id":"1.231582994","rc":[{"ltp":2.08,"id":26354927},{"ltp":1.89,"id":26354921}]}]}
{"op":"mcm","clk":"11850968404","pt":1723304218151,"mc":[{"id":"1.231582994","rc":[{"ltp":2.1,"id":26354927},{"ltp":1.91,"id":26354921}]}]}
{"op":"mcm","clk":"11851094778","pt":1723304681309,"mc":[{"id":"1.231582994","rc":[{"ltp":1.9,"id":26354921}]}]}
{"op":"mcm","clk":"11851229826","pt":1723305420284,"mc":[{"id":"1.231582994","rc":[{"ltp":1.89,"id":26354921}]}]}
{"op":"mcm","clk":"11851236573","pt":1723305477140,"mc":[{"id":"1.231582994","rc":[{"ltp":1.9,"id":26354921}]}]}
{"op":"mcm","clk":"11851244271","pt":1723305540485,"mc":[{"id":"1.231582994","rc":[{"ltp":2.12,"id":26354927},{"ltp":1.88,"id":26354921}]}]}
{"op":"mcm","clk":"11851250386","pt":1723305584823,"mc":[{"id":"1.231582994","rc":[{"ltp":1.9,"id":26354921}]}]}
{"op":"mcm","clk":"11851269845","pt":1723305709226,"mc":[{"id":"1.231582994","rc":[{"ltp":1.89,"id":26354921}]}]}
{"op":"mcm","clk":"11851331631","pt":1723306133680,"mc":[{"id":"1.231582994","rc":[{"ltp":2.14,"id":26354927},{"ltp":1.88,"id":26354921}]}]}
{"op":"mcm","clk":"11851367317","pt":1723306380852,"mc":[{"id":"1.231582994","rc":[{"ltp":2.12,"id":26354927}]}]}
{"op":"mcm","clk":"11851371745","pt":1723306412172,"mc":[{"id":"1.231582994","rc":[{"ltp":1.89,"id":26354921}]}]}
{"op":"mcm","clk":"11851384312","pt":1723306491897,"mc":[{"id":"1.231582994","rc":[{"ltp":2.14,"id":26354927},{"ltp":1.87,"id":26354921}]}]}
{"op":"mcm","clk":"11851414537","pt":1723306672397,"mc":[{"id":"1.231582994","rc":[{"ltp":2.16,"id":26354927}]}]}
{"op":"mcm","clk":"11851423653","pt":1723306726456,"mc":[{"id":"1.231582994","rc":[{"ltp":2.14,"id":26354927},{"ltp":1.88,"id":26354921}]}]}
{"op":"mcm","clk":"11851436544","pt":1723306799140,"mc":[{"id":"1.231582994","rc":[{"ltp":2.16,"id":26354927},{"ltp":1.85,"id":26354921}]}]}
{"op":"mcm","clk":"11851455196","pt":1723306904860,"mc":[{"id":"1.231582994","rc":[{"ltp":1.87,"id":26354921}]}]}
{"op":"mcm","clk":"11851466945","pt":1723306977995,"mc":[{"id":"1.231582994","rc":[{"ltp":2.14,"id":26354927}]}]}
{"op":"mcm","clk":"11851476554","pt":1723307038488,"mc":[{"id":"1.231582994","rc":[{"ltp":2.16,"id":26354927},{"ltp":1.85,"id":26354921}]}]}
{"op":"mcm","clk":"11851486840","pt":1723307101156,"mc":[{"id":"1.231582994","rc":[{"ltp":2.14,"id":26354927},{"ltp":1.88,"id":26354921}]}]}
{"op":"mcm","clk":"11851497844","pt":1723307160640,"mc":[{"id":"1.231582994","rc":[{"ltp":2.08,"id":26354927},{"ltp":1.87,"id":26354921}]}]}
{"op":"mcm","clk":"11851505935","pt":1723307206553,"mc":[{"id":"1.231582994","rc":[{"ltp":2.12,"id":26354927}]}]}
{"op":"mcm","clk":"11851518975","pt":1723307280600,"mc":[{"id":"1.231582994","rc":[{"ltp":2.22,"id":26354927},{"ltp":1.8,"id":26354921}]}]}
{"op":"mcm","clk":"11851530210","pt":1723307341007,"mc":[{"id":"1.231582994","rc":[{"ltp":2.14,"id":26354927},{"ltp":1.88,"id":26354921}]}]}
{"op":"mcm","clk":"11851555002","pt":1723307459128,"mc":[{"id":"1.231582994","rc":[{"ltp":2.12,"id":26354927},{"ltp":1.87,"id":26354921}]}]}
{"op":"mcm","clk":"11851568308","pt":1723307518513,"mc":[{"id":"1.231582994","rc":[{"ltp":1.89,"id":26354921}]}]}
{"op":"mcm","clk":"11851619601","pt":1723307759969,"mc":[{"id":"1.231582994","rc":[{"ltp":2.1,"id":26354927}]}]}
{"op":"mcm","clk":"11851632348","pt":1723307818538,"mc":[{"id":"1.231582994","rc":[{"ltp":1.9,"id":26354921}]}]}
{"op":"mcm","clk":"11851682942","pt":1723308058320,"mc":[{"id":"1.231582994","rc":[{"ltp":2.12,"id":26354927},{"ltp":1.89,"id":26354921}]}]}
{"op":"mcm","clk":"11851696611","pt":1723308119922,"mc":[{"id":"1.231582994","rc":[{"ltp":2.04,"id":26354927},{"ltp":1.93,"id":26354921}]}]}
{"op":"mcm","clk":"11851709793","pt":1723308181204,"mc":[{"id":"1.231582994","rc":[{"ltp":2.14,"id":26354927},{"ltp":1.87,"id":26354921}]}]}
{"op":"mcm","clk":"11851722459","pt":1723308240479,"mc":[{"id":"1.231582994","rc":[{"ltp":2.22,"id":26354927},{"ltp":1.8,"id":26354921}]}]}
{"op":"mcm","clk":"11851735484","pt":1723308301175,"mc":[{"id":"1.231582994","rc":[{"ltp":2.4,"id":26354927},{"ltp":1.71,"id":26354921}]}]}
{"op":"mcm","clk":"11851748758","pt":1723308361118,"mc":[{"id":"1.231582994","rc":[{"ltp":2.46,"id":26354927},{"ltp":1.68,"id":26354921}]}]}
{"op":"mcm","clk":"11851773132","pt":1723308479837,"mc":[{"id":"1.231582994","rc":[{"ltp":1.67,"id":26354921}]}]}
{"op":"mcm","clk":"11851785407","pt":1723308540940,"mc":[{"id":"1.231582994","rc":[{"ltp":2.5,"id":26354927}]}]}
{"op":"mcm","clk":"11851797154","pt":1723308601021,"mc":[{"id":"1.231582994","rc":[{"ltp":2.6,"id":26354927},{"ltp":1.63,"id":26354921}]}]}
{"op":"mcm","clk":"11851808988","pt":1723308660657,"mc":[{"id":"1.231582994","rc":[{"ltp":2.62,"id":26354927},{"ltp":1.62,"id":26354921}]}]}
{"op":"mcm","clk":"11851820334","pt":1723308721125,"mc":[{"id":"1.231582994","rc":[{"ltp":2.6,"id":26354927},{"ltp":1.63,"id":26354921}]}]}
{"op":"mcm","clk":"11851831715","pt":1723308781007,"mc":[{"id":"1.231582994","rc":[{"ltp":2.68,"id":26354927},{"ltp":1.59,"id":26354921}]}]}
{"op":"mcm","clk":"11851844831","pt":1723308841169,"mc":[{"id":"1.231582994","rc":[{"ltp":2.66,"id":26354927},{"ltp":1.6,"id":26354921}]}]}
{"op":"mcm","clk":"11851856704","pt":1723308900856,"mc":[{"id":"1.231582994","rc":[{"ltp":2.64,"id":26354927},{"ltp":1.61,"id":26354921}]}]}
{"op":"mcm","clk":"11851867884","pt":1723308960862,"mc":[{"id":"1.231582994","rc":[{"ltp":2.62,"id":26354927},{"ltp":1.62,"id":26354921}]}]}
{"op":"mcm","clk":"11851878733","pt":1723309020920,"mc":[{"id":"1.231582994","rc":[{"ltp":2.6,"id":26354927}]}]}
{"op":"mcm","clk":"11851889666","pt":1723309080711,"mc":[{"id":"1.231582994","rc":[{"ltp":2.52,"id":26354927},{"ltp":1.65,"id":26354921}]}]}
{"op":"mcm","clk":"11851911080","pt":1723309200731,"mc":[{"id":"1.231582994","rc":[{"ltp":2.56,"id":26354927},{"ltp":1.63,"id":26354921}]}]}
{"op":"mcm","clk":"11851922888","pt":1723309261203,"mc":[{"id":"1.231582994","marketDefinition":{"bspMarket":false,"turnInPlayEnabled":true,"persistenceEnabled":true,"marketBaseRate":5.0,"eventId":"33477722","eventTypeId":"4","numberOfWinners":1,"bettingType":"ODDS","marketType":"MATCH_ODDS","marketTime":"2024-08-10T17:00:00.000Z","suspendTime":"2024-08-10T17:00:00.000Z","bspReconciled":false,"complete":true,"inPlay":true,"crossMatching":true,"runnersVoidable":false,"numberOfActiveRunners":2,"betDelay":5,"status":"OPEN","runners":[{"status":"ACTIVE","sortPriority":1,"id":26354927,"name":"Welsh Fire"},{"status":"ACTIVE","sortPriority":2,"id":26354921,"name":"Birmingham Phoenix"}],"regulators":["MR_INT"],"countryCode":"GB","discountAllowed":true,"timezone":"GMT","openDate":"2024-08-10T17:00:00.000Z","version":6067134830,"name":"Match Odds","eventName":"Welsh Fire v Birmingham Phoenix"},"rc":[{"ltp":2.58,"id":26354927}]}]}
{"op":"mcm","clk":"11851934416","pt":1723309321188,"mc":[{"id":"1.231582994","rc":[{"ltp":1.62,"id":26354921}]}]}
{"op":"mcm","clk":"11851945735","pt":1723309380810,"mc":[{"id":"1.231582994","rc":[{"ltp":2.6,"id":26354927},{"ltp":1.63,"id":26354921}]}]}
{"op":"mcm","clk":"11851956912","pt":1723309440722,"mc":[{"id":"1.231582994","rc":[{"ltp":1.62,"id":26354921}]}]}
{"op":"mcm","clk":"11851968530","pt":1723309501108,"mc":[{"id":"1.231582994","rc":[{"ltp":2.58,"id":26354927}]}]}
{"op":"mcm","clk":"11851980131","pt":1723309560742,"mc":[{"id":"1.231582994","rc":[{"ltp":2.56,"id":26354927},{"ltp":1.63,"id":26354921}]}]}
{"op":"mcm","clk":"11851992164","pt":1723309621134,"mc":[{"id":"1.231582994","rc":[{"ltp":2.58,"id":26354927}]}]}
{"op":"mcm","clk":"11852004509","pt":1723309681033,"mc":[{"id":"1.231582994","rc":[{"ltp":2.56,"id":26354927},{"ltp":1.64,"id":26354921}]}]}
{"op":"mcm","clk":"11852016512","pt":1723309740946,"mc":[{"id":"1.231582994","rc":[{"ltp":1.63,"id":26354921}]}]}
{"op":"mcm","clk":"11852028644","pt":1723309801207,"mc":[{"id":"1.231582994","rc":[{"ltp":2.6,"id":26354927}]}]}
{"op":"mcm","clk":"11852041174","pt":1723309861150,"mc":[{"id":"1.231582994","rc":[{"ltp":2.56,"id":26354927},{"ltp":1.64,"id":26354921}]}]}
{"op":"mcm","clk":"11852053433","pt":1723309921129,"mc":[{"id":"1.231582994","rc":[{"ltp":2.42,"id":26354927},{"ltp":1.7,"id":26354921}]}]}
{"op":"mcm","clk":"11852079943","pt":1723309981161,"mc":[{"id":"1.231582994","rc":[{"ltp":2.4,"id":26354927},{"ltp":1.71,"id":26354921}]}]}
{"op":"mcm","clk":"11852092512","pt":1723310041202,"mc":[{"id":"1.231582994","rc":[{"ltp":2.5,"id":26354927},{"ltp":1.65,"id":26354921}]}]}
{"op":"mcm","clk":"11852105149","pt":1723310101116,"mc":[{"id":"1.231582994","rc":[{"ltp":2.3,"id":26354927},{"ltp":1.77,"id":26354921}]}]}
{"op":"mcm","clk":"11852117603","pt":1723310161163,"mc":[{"id":"1.231582994","rc":[{"ltp":2.28,"id":26354927},{"ltp":1.78,"id":26354921}]}]}
{"op":"mcm","clk":"11852129381","pt":1723310221186,"mc":[{"id":"1.231582994","rc":[{"ltp":2.26,"id":26354927},{"ltp":1.8,"id":26354921}]}]}
{"op":"mcm","clk":"11852141535","pt":1723310281124,"mc":[{"id":"1.231582994","rc":[{"ltp":2.28,"id":26354927},{"ltp":1.77,"id":26354921}]}]}
{"op":"mcm","clk":"11852153237","pt":1723310341054,"mc":[{"id":"1.231582994","rc":[{"ltp":2.16,"id":26354927},{"ltp":1.84,"id":26354921}]}]}
{"op":"mcm","clk":"11852163632","pt":1723310401136,"mc":[{"id":"1.231582994","rc":[{"ltp":2.1,"id":26354927},{"ltp":1.92,"id":26354921}]}]}
{"op":"mcm","clk":"11852173856","pt":1723310461196,"mc":[{"id":"1.231582994","rc":[{"ltp":2.16,"id":26354927},{"ltp":1.85,"id":26354921}]}]}
{"op":"mcm","clk":"11852184163","pt":1723310521148,"mc":[{"id":"1.231582994","rc":[{"ltp":2.42,"id":26354927},{"ltp":1.7,"id":26354921}]}]}
{"op":"mcm","clk":"11852194737","pt":1723310581134,"mc":[{"id":"1.231582994","rc":[{"ltp":2.52,"id":26354927},{"ltp":1.66,"id":26354921}]}]}
{"op":"mcm","clk":"11852206773","pt":1723310641197,"mc":[{"id":"1.231582994","rc":[{"ltp":2.48,"id":26354927},{"ltp":1.67,"id":26354921}]}]}
{"op":"mcm","clk":"11852218367","pt":1723310701101,"mc":[{"id":"1.231582994","rc":[{"ltp":2.5,"id":26354927}]}]}
{"op":"mcm","clk":"11852229114","pt":1723310761190,"mc":[{"id":"1.231582994","rc":[{"ltp":2.66,"id":26354927},{"ltp":1.59,"id":26354921}]}]}
{"op":"mcm","clk":"11852239928","pt":1723310820970,"mc":[{"id":"1.231582994","rc":[{"ltp":2.4,"id":26354927},{"ltp":1.71,"id":26354921}]}]}
{"op":"mcm","clk":"11852250520","pt":1723310881168,"mc":[{"id":"1.231582994","rc":[{"ltp":2.36,"id":26354927},{"ltp":1.73,"id":26354921}]}]}
{"op":"mcm","clk":"11852261186","pt":1723310941125,"mc":[{"id":"1.231582994","rc":[{"ltp":2.34,"id":26354927},{"ltp":1.74,"id":26354921}]}]}
{"op":"mcm","clk":"11852271602","pt":1723311001170,"mc":[{"id":"1.231582994","rc":[{"ltp":2.38,"id":26354927},{"ltp":1.72,"id":26354921}]}]}
{"op":"mcm","clk":"11852282982","pt":1723311061150,"mc":[{"id":"1.231582994","rc":[{"ltp":2.8,"id":26354927},{"ltp":1.54,"id":26354921}]}]}
{"op":"mcm","clk":"11852294212","pt":1723311121198,"mc":[{"id":"1.231582994","rc":[{"ltp":2.84,"id":26354927}]}]}
{"op":"mcm","clk":"11852305389","pt":1723311181156,"mc":[{"id":"1.231582994","rc":[{"ltp":2.74,"id":26354927},{"ltp":1.57,"id":26354921}]}]}
{"op":"mcm","clk":"11852317775","pt":1723311241139,"mc":[{"id":"1.231582994","rc":[{"ltp":2.5,"id":26354927},{"ltp":1.67,"id":26354921}]}]}
{"op":"mcm","clk":"11852329139","pt":1723311301106,"mc":[{"id":"1.231582994","rc":[{"ltp":2.34,"id":26354927},{"ltp":1.73,"id":26354921}]}]}
{"op":"mcm","clk":"11852340783","pt":1723311361183,"mc":[{"id":"1.231582994","rc":[{"ltp":2.24,"id":26354927},{"ltp":1.81,"id":26354921}]}]}
{"op":"mcm","clk":"11852352732","pt":1723311421092,"mc":[{"id":"1.231582994","rc":[{"ltp":2.28,"id":26354927},{"ltp":1.79,"id":26354921}]}]}
{"op":"mcm","clk":"11852365239","pt":1723311480960,"mc":[{"id":"1.231582994","rc":[{"ltp":2.24,"id":26354927}]}]}
{"op":"mcm","clk":"11852377914","pt":1723311541154,"mc":[{"id":"1.231582994","rc":[{"ltp":2.74,"id":26354927},{"ltp":1.57,"id":26354921}]}]}
{"op":"mcm","clk":"11852390581","pt":1723311601145,"mc":[{"id":"1.231582994","rc":[{"ltp":2.58,"id":26354927},{"ltp":1.63,"id":26354921}]}]}
{"op":"mcm","clk":"11852403454","pt":1723311661162,"mc":[{"id":"1.231582994","rc":[{"ltp":2.6,"id":26354927},{"ltp":1.62,"id":26354921}]}]}
{"op":"mcm","clk":"11852415783","pt":1723311721139,"mc":[{"id":"1.231582994","rc":[{"ltp":2.28,"id":26354927},{"ltp":1.78,"id":26354921}]}]}
{"op":"mcm","clk":"11852427541","pt":1723311781111,"mc":[{"id":"1.231582994","rc":[{"ltp":2.18,"id":26354927},{"ltp":1.84,"id":26354921}]}]}
{"op":"mcm","clk":"11852439464","pt":1723311841181,"mc":[{"id":"1.231582994","rc":[{"ltp":2.14,"id":26354927},{"ltp":1.86,"id":26354921}]}]}
{"op":"mcm","clk":"11852451184","pt":1723311901168,"mc":[{"id":"1.231582994","rc":[{"ltp":2.18,"id":26354927}]}]}
{"op":"mcm","clk":"11852463008","pt":1723311961169,"mc":[{"id":"1.231582994","rc":[{"ltp":2.0,"id":26354927},{"ltp":2.0,"id":26354921}]}]}
{"op":"mcm","clk":"11852475014","pt":1723312021145,"mc":[{"id":"1.231582994","rc":[{"ltp":2.02,"id":26354927},{"ltp":1.98,"id":26354921}]}]}
{"op":"mcm","clk":"11852487519","pt":1723312081179,"mc":[{"id":"1.231582994","rc":[{"ltp":2.0,"id":26354927},{"ltp":1.99,"id":26354921}]}]}
{"op":"mcm","clk":"11852499944","pt":1723312141151,"mc":[{"id":"1.231582994","rc":[{"ltp":1.86,"id":26354927},{"ltp":2.14,"id":26354921}]}]}
{"op":"mcm","clk":"11852512422","pt":1723312201110,"mc":[{"id":"1.231582994","rc":[{"ltp":1.88,"id":26354927},{"ltp":2.12,"id":26354921}]}]}
{"op":"mcm","clk":"11852524287","pt":1723312261124,"mc":[{"id":"1.231582994","rc":[{"ltp":1.81,"id":26354927},{"ltp":2.22,"id":26354921}]}]}
{"op":"mcm","clk":"11852536663","pt":1723312321198,"mc":[{"id":"1.231582994","rc":[{"ltp":1.94,"id":26354927},{"ltp":2.08,"id":26354921}]}]}
{"op":"mcm","clk":"11852547931","pt":1723312381144,"mc":[{"id":"1.231582994","rc":[{"ltp":2.1,"id":26354927},{"ltp":1.89,"id":26354921}]}]}
{"op":"mcm","clk":"11852558859","pt":1723312441121,"mc":[{"id":"1.231582994","rc":[{"ltp":1.98,"id":26354927},{"ltp":2.0,"id":26354921}]}]}
{"op":"mcm","clk":"11852569246","pt":1723312501204,"mc":[{"id":"1.231582994","rc":[{"ltp":1.92,"id":26354927},{"ltp":2.06,"id":26354921}]}]}
{"op":"mcm","clk":"11852579474","pt":1723312560992,"mc":[{"id":"1.231582994","rc":[{"ltp":1.93,"id":26354927}]}]}
{"op":"mcm","clk":"11852590122","pt":1723312621097,"mc":[{"id":"1.231582994","rc":[{"ltp":1.74,"id":26354927},{"ltp":2.34,"id":26354921}]}]}
{"op":"mcm","clk":"11852600112","pt":1723312681146,"mc":[{"id":"1.231582994","rc":[{"ltp":1.63,"id":26354927},{"ltp":2.58,"id":26354921}]}]}
{"op":"mcm","clk":"11852610142","pt":1723312741125,"mc":[{"id":"1.231582994","rc":[{"ltp":1.66,"id":26354927},{"ltp":2.5,"id":26354921}]}]}
{"op":"mcm","clk":"11852620790","pt":1723312801142,"mc":[{"id":"1.231582994","rc":[{"ltp":2.52,"id":26354921}]}]}
{"op":"mcm","clk":"11852632374","pt":1723312861209,"mc":[{"id":"1.231582994","rc":[{"ltp":1.57,"id":26354927},{"ltp":2.74,"id":26354921}]}]}
{"op":"mcm","clk":"11852643069","pt":1723312921135,"mc":[{"id":"1.231582994","rc":[{"ltp":1.54,"id":26354927},{"ltp":2.84,"id":26354921}]}]}
{"op":"mcm","clk":"11852654288","pt":1723312981194,"mc":[{"id":"1.231582994","rc":[{"ltp":1.51,"id":26354927},{"ltp":2.96,"id":26354921}]}]}
{"op":"mcm","clk":"11852665612","pt":1723313041199,"mc":[{"id":"1.231582994","rc":[{"ltp":1.44,"id":26354927},{"ltp":3.2,"id":26354921}]}]}
{"op":"mcm","clk":"11852677071","pt":1723313101130,"mc":[{"id":"1.231582994","rc":[{"ltp":1.48,"id":26354927},{"ltp":3.0,"id":26354921}]}]}
{"op":"mcm","clk":"11852689472","pt":1723313161136,"mc":[{"id":"1.231582994","rc":[{"ltp":1.54,"id":26354927},{"ltp":2.86,"id":26354921}]}]}
{"op":"mcm","clk":"11852701931","pt":1723313221208,"mc":[{"id":"1.231582994","rc":[{"ltp":1.62,"id":26354927},{"ltp":2.64,"id":26354921}]}]}
{"op":"mcm","clk":"11852713935","pt":1723313281167,"mc":[{"id":"1.231582994","rc":[{"ltp":1.73,"id":26354927},{"ltp":2.38,"id":26354921}]}]}
{"op":"mcm","clk":"11852725800","pt":1723313341146,"mc":[{"id":"1.231582994","rc":[{"ltp":1.74,"id":26354927},{"ltp":2.34,"id":26354921}]}]}
{"op":"mcm","clk":"11852738408","pt":1723313401118,"mc":[{"id":"1.231582994","rc":[{"ltp":1.72,"id":26354927},{"ltp":2.38,"id":26354921}]}]}
{"op":"mcm","clk":"11852751181","pt":1723313461098,"mc":[{"id":"1.231582994","rc":[{"ltp":1.93,"id":26354927},{"ltp":2.08,"id":26354921}]}]}
{"op":"mcm","clk":"11852762876","pt":1723313521182,"mc":[{"id":"1.231582994","rc":[{"ltp":1.9,"id":26354927},{"ltp":2.1,"id":26354921}]}]}
{"op":"mcm","clk":"11852773442","pt":1723313581186,"mc":[{"id":"1.231582994","rc":[{"ltp":1.89,"id":26354927}]}]}
{"op":"mcm","clk":"11852783398","pt":1723313641189,"mc":[{"id":"1.231582994","rc":[{"ltp":1.9,"id":26354927}]}]}
{"op":"mcm","clk":"11852793991","pt":1723313701132,"mc":[{"id":"1.231582994","rc":[{"ltp":1.78,"id":26354927},{"ltp":2.26,"id":26354921}]}]}
{"op":"mcm","clk":"11852804699","pt":1723313761102,"mc":[{"id":"1.231582994","rc":[{"ltp":1.81,"id":26354927},{"ltp":2.2,"id":26354921}]}]}
{"op":"mcm","clk":"11852815095","pt":1723313820980,"mc":[{"id":"1.231582994","rc":[{"ltp":1.78,"id":26354927},{"ltp":2.26,"id":26354921}]}]}
{"op":"mcm","clk":"11852825227","pt":1723313881147,"mc":[{"id":"1.231582994","rc":[{"ltp":1.77,"id":26354927},{"ltp":2.28,"id":26354921}]}]}
{"op":"mcm","clk":"11852835381","pt":1723313941178,"mc":[{"id":"1.231582994","rc":[{"ltp":1.89,"id":26354927},{"ltp":2.08,"id":26354921}]}]}
{"op":"mcm","clk":"11852844678","pt":1723314001140,"mc":[{"id":"1.231582994","rc":[{"ltp":2.04,"id":26354927},{"ltp":1.96,"id":26354921}]}]}
{"op":"mcm","clk":"11852854392","pt":1723314061140,"mc":[{"id":"1.231582994","rc":[{"ltp":2.02,"id":26354927},{"ltp":1.97,"id":26354921}]}]}
{"op":"mcm","clk":"11852864284","pt":1723314121138,"mc":[{"id":"1.231582994","rc":[{"ltp":2.16,"id":26354927},{"ltp":1.85,"id":26354921}]}]}
{"op":"mcm","clk":"11852874177","pt":1723314181171,"mc":[{"id":"1.231582994","rc":[{"ltp":2.08,"id":26354927},{"ltp":1.95,"id":26354921}]}]}
{"op":"mcm","clk":"11852884422","pt":1723314241164,"mc":[{"id":"1.231582994","rc":[{"ltp":1.89,"id":26354927},{"ltp":2.12,"id":26354921}]}]}
{"op":"mcm","clk":"11852894451","pt":1723314301031,"mc":[{"id":"1.231582994","rc":[{"ltp":1.88,"id":26354927}]}]}
{"op":"mcm","clk":"11852904238","pt":1723314361208,"mc":[{"id":"1.231582994","rc":[{"ltp":1.78,"id":26354927},{"ltp":2.3,"id":26354921}]}]}
{"op":"mcm","clk":"11852913412","pt":1723314421143,"mc":[{"id":"1.231582994","rc":[{"ltp":1.79,"id":26354927},{"ltp":2.28,"id":26354921}]}]}
{"op":"mcm","clk":"11852922330","pt":1723314481169,"mc":[{"id":"1.231582994","rc":[{"ltp":1.76,"id":26354927},{"ltp":2.3,"id":26354921}]}]}
{"op":"mcm","clk":"11852930447","pt":1723314541191,"mc":[{"id":"1.231582994","rc":[{"ltp":2.32,"id":26354921}]}]}
{"op":"mcm","clk":"11852939297","pt":1723314601134,"mc":[{"id":"1.231582994","rc":[{"ltp":2.3,"id":26354921}]}]}
{"op":"mcm","clk":"11852948116","pt":1723314661116,"mc":[{"id":"1.231582994","rc":[{"ltp":1.78,"id":26354927},{"ltp":2.28,"id":26354921}]}]}
{"op":"mcm","clk":"11852956638","pt":1723314721165,"mc":[{"id":"1.231582994","rc":[{"ltp":2.26,"id":26354921}]}]}
{"op":"mcm","clk":"11852965260","pt":1723314781011,"mc":[{"id":"1.231582994","rc":[{"ltp":1.79,"id":26354927},{"ltp":2.24,"id":26354921}]}]}
{"op":"mcm","clk":"11852974226","pt":1723314841073,"mc":[{"id":"1.231582994","rc":[{"ltp":1.78,"id":26354927},{"ltp":2.28,"id":26354921}]}]}
{"op":"mcm","clk":"11852982973","pt":1723314901194,"mc":[{"id":"1.231582994","rc":[{"ltp":1.77,"id":26354927},{"ltp":2.3,"id":26354921}]}]}
{"op":"mcm","clk":"11852991835","pt":1723314960769,"mc":[{"id":"1.231582994","rc":[{"ltp":1.79,"id":26354927},{"ltp":2.26,"id":26354921}]}]}
{"op":"mcm","clk":"11853000172","pt":1723315021136,"mc":[{"id":"1.231582994","rc":[{"ltp":2.28,"id":26354921}]}]}
{"op":"mcm","clk":"11853009106","pt":1723315081084,"mc":[{"id":"1.231582994","rc":[{"ltp":1.74,"id":26354927},{"ltp":2.32,"id":26354921}]}]}
{"op":"mcm","clk":"11853018054","pt":1723315141158,"mc":[{"id":"1.231582994","rc":[{"ltp":1.81,"id":26354927},{"ltp":2.24,"id":26354921}]}]}
{"op":"mcm","clk":"11853027565","pt":1723315201110,"mc":[{"id":"1.231582994","rc":[{"ltp":2.22,"id":26354921}]}]}
{"op":"mcm","clk":"11853036895","pt":1723315261158,"mc":[{"id":"1.231582994","rc":[{"ltp":1.89,"id":26354927},{"ltp":2.12,"id":26354921}]}]}
{"op":"mcm","clk":"11853046908","pt":1723315321164,"mc":[{"id":"1.231582994","rc":[{"ltp":1.81,"id":26354927},{"ltp":2.22,"id":26354921}]}]}
{"op":"mcm","clk":"11853069211","pt":1723315381139,"mc":[{"id":"1.231582994","rc":[{"ltp":1.74,"id":26354927},{"ltp":2.34,"id":26354921}]}]}
{"op":"mcm","clk":"11853079201","pt":1723315441169,"mc":[{"id":"1.231582994","rc":[{"ltp":1.97,"id":26354927},{"ltp":2.02,"id":26354921}]}]}
{"op":"mcm","clk":"11853088924","pt":1723315501207,"mc":[{"id":"1.231582994","rc":[{"ltp":2.16,"id":26354927},{"ltp":1.86,"id":26354921}]}]}
{"op":"mcm","clk":"11853098616","pt":1723315561207,"mc":[{"id":"1.231582994","rc":[{"ltp":2.08,"id":26354927},{"ltp":1.89,"id":26354921}]}]}
{"op":"mcm","clk":"11853108356","pt":1723315620976,"mc":[{"id":"1.231582994","rc":[{"ltp":2.04,"id":26354927},{"ltp":1.95,"id":26354921}]}]}
{"op":"mcm","clk":"11853118545","pt":1723315681199,"mc":[{"id":"1.231582994","rc":[{"ltp":2.22,"id":26354927},{"ltp":1.81,"id":26354921}]}]}
{"op":"mcm","clk":"11853128005","pt":1723315741191,"mc":[{"id":"1.231582994","rc":[{"ltp":2.44,"id":26354927},{"ltp":1.68,"id":26354921}]}]}
{"op":"mcm","clk":"11853137224","pt":1723315801138,"mc":[{"id":"1.231582994","rc":[{"ltp":2.66,"id":26354927},{"ltp":1.62,"id":26354921}]}]}
{"op":"mcm","clk":"11853146758","pt":1723315861109,"mc":[{"id":"1.231582994","rc":[{"ltp":2.52,"id":26354927},{"ltp":1.67,"id":26354921}]}]}
{"op":"mcm","clk":"11853156612","pt":1723315921165,"mc":[{"id":"1.231582994","rc":[{"ltp":2.48,"id":26354927}]}]}
{"op":"mcm","clk":"11853165082","pt":1723315981110,"mc":[{"id":"1.231582994","rc":[{"ltp":2.46,"id":26354927},{"ltp":1.68,"id":26354921}]}]}
{"op":"mcm","clk":"11853173206","pt":1723316041113,"mc":[{"id":"1.231582994","rc":[{"ltp":2.62,"id":26354927},{"ltp":1.61,"id":26354921}]}]}
{"op":"mcm","clk":"11853181338","pt":1723316101127,"mc":[{"id":"1.231582994","rc":[{"ltp":2.6,"id":26354927},{"ltp":1.64,"id":26354921}]}]}
{"op":"mcm","clk":"11853190009","pt":1723316161040,"mc":[{"id":"1.231582994","rc":[{"ltp":2.46,"id":26354927},{"ltp":1.71,"id":26354921}]}]}
{"op":"mcm","clk":"11853198966","pt":1723316221122,"mc":[{"id":"1.231582994","rc":[{"ltp":2.36,"id":26354927},{"ltp":1.73,"id":26354921}]}]}
{"op":"mcm","clk":"11853207607","pt":1723316281063,"mc":[{"id":"1.231582994","rc":[{"ltp":2.44,"id":26354927},{"ltp":1.71,"id":26354921}]}]}
{"op":"mcm","clk":"11853216337","pt":1723316341186,"mc":[{"id":"1.231582994","rc":[{"ltp":2.5,"id":26354927},{"ltp":1.67,"id":26354921}]}]}
{"op":"mcm","clk":"11853225921","pt":1723316401102,"mc":[{"id":"1.231582994","rc":[{"ltp":1.66,"id":26354921}]}]}
{"op":"mcm","clk":"11853236679","pt":1723316461203,"mc":[{"id":"1.231582994","rc":[{"ltp":2.44,"id":26354927},{"ltp":1.69,"id":26354921}]}]}
{"op":"mcm","clk":"11853247366","pt":1723316521159,"mc":[{"id":"1.231582994","rc":[{"ltp":2.74,"id":26354927},{"ltp":1.56,"id":26354921}]}]}
{"op":"mcm","clk":"11853258200","pt":1723316581128,"mc":[{"id":"1.231582994","rc":[{"ltp":3.1,"id":26354927},{"ltp":1.46,"id":26354921}]}]}
{"op":"mcm","clk":"11853269010","pt":1723316641181,"mc":[{"id":"1.231582994","rc":[{"ltp":1.47,"id":26354921}]}]}
{"op":"mcm","clk":"11853279803","pt":1723316701153,"mc":[{"id":"1.231582994","rc":[{"ltp":2.8,"id":26354927},{"ltp":1.55,"id":26354921}]}]}
{"op":"mcm","clk":"11853290229","pt":1723316761146,"mc":[{"id":"1.231582994","rc":[{"ltp":3.15,"id":26354927},{"ltp":1.46,"id":26354921}]}]}
{"op":"mcm","clk":"11853301201","pt":1723316820972,"mc":[{"id":"1.231582994","rc":[{"ltp":1.48,"id":26354921}]}]}
{"op":"mcm","clk":"11853312548","pt":1723316881117,"mc":[{"id":"1.231582994","rc":[{"ltp":3.7,"id":26354927},{"ltp":1.38,"id":26354921}]}]}
{"op":"mcm","clk":"11853334704","pt":1723317001173,"mc":[{"id":"1.231582994","rc":[{"ltp":4.4,"id":26354927},{"ltp":1.29,"id":26354921}]}]}
{"op":"mcm","clk":"11853345785","pt":1723317061199,"mc":[{"id":"1.231582994","rc":[{"ltp":4.7,"id":26354927},{"ltp":1.28,"id":26354921}]}]}
{"op":"mcm","clk":"11853357247","pt":1723317121147,"mc":[{"id":"1.231582994","rc":[{"ltp":5.7,"id":26354927},{"ltp":1.21,"id":26354921}]}]}
{"op":"mcm","clk":"11853368079","pt":1723317181122,"mc":[{"id":"1.231582994","rc":[{"ltp":6.0,"id":26354927},{"ltp":1.2,"id":26354921}]}]}
{"op":"mcm","clk":"11853379120","pt":1723317241175,"mc":[{"id":"1.231582994","rc":[{"ltp":6.2,"id":26354927},{"ltp":1.19,"id":26354921}]}]}
{"op":"mcm","clk":"11853402345","pt":1723317361203,"mc":[{"id":"1.231582994","rc":[{"ltp":5.5,"id":26354927},{"ltp":1.22,"id":26354921}]}]}
{"op":"mcm","clk":"11853413819","pt":1723317421048,"mc":[{"id":"1.231582994","rc":[{"ltp":6.0,"id":26354927},{"ltp":1.19,"id":26354921}]}]}
{"op":"mcm","clk":"11853425415","pt":1723317481152,"mc":[{"id":"1.231582994","rc":[{"ltp":5.7,"id":26354927},{"ltp":1.2,"id":26354921}]}]}
{"op":"mcm","clk":"11853448512","pt":1723317601186,"mc":[{"id":"1.231582994","rc":[{"ltp":7.4,"id":26354927},{"ltp":1.15,"id":26354921}]}]}
{"op":"mcm","clk":"11853458813","pt":1723317661169,"mc":[{"id":"1.231582994","rc":[{"ltp":6.8,"id":26354927},{"ltp":1.16,"id":26354921}]}]}
{"op":"mcm","clk":"11853468958","pt":1723317721130,"mc":[{"id":"1.231582994","rc":[{"ltp":7.2,"id":26354927},{"ltp":1.17,"id":26354921}]}]}
{"op":"mcm","clk":"11853479055","pt":1723317781179,"mc":[{"id":"1.231582994","rc":[{"ltp":9.2,"id":26354927},{"ltp":1.12,"id":26354921}]}]}
{"op":"mcm","clk":"11853489764","pt":1723317841125,"mc":[{"id":"1.231582994","rc":[{"ltp":12.0,"id":26354927},{"ltp":1.08,"id":26354921}]}]}
{"op":"mcm","clk":"11853500154","pt":1723317901022,"mc":[{"id":"1.231582994","rc":[{"ltp":13.0,"id":26354927}]}]}
{"op":"mcm","clk":"11853510720","pt":1723317961037,"mc":[{"id":"1.231582994","rc":[{"ltp":13.5,"id":26354927}]}]}
{"op":"mcm","clk":"11853520921","pt":1723318021128,"mc":[{"id":"1.231582994","rc":[{"ltp":11.0,"id":26354927},{"ltp":1.11,"id":26354921}]}]}
{"op":"mcm","clk":"11853542091","pt":1723318141137,"mc":[{"id":"1.231582994","rc":[{"ltp":28.0,"id":26354927},{"ltp":1.04,"id":26354921}]}]}
{"op":"mcm","clk":"11853553645","pt":1723318201122,"mc":[{"id":"1.231582994","rc":[{"ltp":13.5,"id":26354927},{"ltp":1.07,"id":26354921}]}]}
{"op":"mcm","clk":"11853565310","pt":1723318261087,"mc":[{"id":"1.231582994","rc":[{"ltp":13.0,"id":26354927},{"ltp":1.09,"id":26354921}]}]}
{"op":"mcm","clk":"11853576395","pt":1723318321163,"mc":[{"id":"1.231582994","rc":[{"ltp":21.0,"id":26354927},{"ltp":1.05,"id":26354921}]}]}
{"op":"mcm","clk":"11853587471","pt":1723318381129,"mc":[{"id":"1.231582994","rc":[{"ltp":50.0,"id":26354927},{"ltp":1.02,"id":26354921}]}]}
{"op":"mcm","clk":"11853599672","pt":1723318441076,"mc":[{"id":"1.231582994","rc":[{"ltp":120.0,"id":26354927},{"ltp":1.01,"id":26354921}]}]}
{"op":"mcm","clk":"11853611079","pt":1723318501148,"mc":[{"id":"1.231582994","rc":[{"ltp":190.0,"id":26354927}]}]}
{"op":"mcm","clk":"11853623082","pt":1723318560999,"mc":[{"id":"1.231582994","rc":[{"ltp":390.0,"id":26354927}]}]}
{"op":"mcm","clk":"11853633844","pt":1723318621075,"mc":[{"id":"1.231582994","rc":[{"ltp":270.0,"id":26354927}]}]}
{"op":"mcm","clk":"11853644680","pt":1723318681151,"mc":[{"id":"1.231582994","rc":[{"ltp":140.0,"id":26354927}]}]}
{"op":"mcm","clk":"11853655020","pt":1723318740843,"mc":[{"id":"1.231582994","rc":[{"ltp":310.0,"id":26354927}]}]}
{"op":"mcm","clk":"11853665217","pt":1723318800600,"mc":[{"id":"1.231582994","rc":[{"ltp":180.0,"id":26354927}]}]}
{"op":"mcm","clk":"11853675128","pt":1723318861157,"mc":[{"id":"1.231582994","rc":[{"ltp":210.0,"id":26354927}]}]}
{"op":"mcm","clk":"11853685071","pt":1723318921109,"mc":[{"id":"1.231582994","rc":[{"ltp":100.0,"id":26354927}]}]}
{"op":"mcm","clk":"11853694848","pt":1723318981056,"mc":[{"id":"1.231582994","rc":[{"ltp":110.0,"id":26354927}]}]}
{"op":"mcm","clk":"11853704128","pt":1723319041137,"mc":[{"id":"1.231582994","rc":[{"ltp":55.0,"id":26354927},{"ltp":1.02,"id":26354921}]}]}
{"op":"mcm","clk":"11853714105","pt":1723319101110,"mc":[{"id":"1.231582994","rc":[{"ltp":36.0,"id":26354927},{"ltp":1.03,"id":26354921}]}]}
{"op":"mcm","clk":"11853732847","pt":1723319220874,"mc":[{"id":"1.231582994","rc":[{"ltp":26.0,"id":26354927},{"ltp":1.04,"id":26354921}]}]}
{"op":"mcm","clk":"11853741521","pt":1723319281030,"mc":[{"id":"1.231582994","rc":[{"ltp":50.0,"id":26354927},{"ltp":1.02,"id":26354921}]}]}
{"op":"mcm","clk":"11853749446","pt":1723319341196,"mc":[{"id":"1.231582994","rc":[{"ltp":55.0,"id":26354927}]}]}
{"op":"mcm","clk":"11853756788","pt":1723319400685,"mc":[{"id":"1.231582994","rc":[{"ltp":1000.0,"id":26354927},{"ltp":1.01,"id":26354921}]}]}
{"op":"mcm","clk":"11853771170","pt":1723319521190,"mc":[{"id":"1.231582994","marketDefinition":{"bspMarket":false,"turnInPlayEnabled":true,"persistenceEnabled":true,"marketBaseRate":5.0,"eventId":"33477722","eventTypeId":"4","numberOfWinners":1,"bettingType":"ODDS","marketType":"MATCH_ODDS","marketTime":"2024-08-10T17:00:00.000Z","suspendTime":"2024-08-10T17:00:00.000Z","bspReconciled":false,"complete":true,"inPlay":true,"crossMatching":true,"runnersVoidable":false,"numberOfActiveRunners":2,"betDelay":5,"status":"SUSPENDED","runners":[{"status":"ACTIVE","sortPriority":1,"id":26354927,"name":"Welsh Fire"},{"status":"ACTIVE","sortPriority":2,"id":26354921,"name":"Birmingham Phoenix"}],"regulators":["MR_INT"],"countryCode":"GB","discountAllowed":true,"timezone":"GMT","openDate":"2024-08-10T17:00:00.000Z","version":6067909731,"name":"Match Odds","eventName":"Welsh Fire v Birmingham Phoenix"}}]}
{"op":"mcm","clk":"11853792426","pt":1723319697186,"mc":[{"id":"1.231582994","marketDefinition":{"bspMarket":false,"turnInPlayEnabled":true,"persistenceEnabled":true,"marketBaseRate":5.0,"eventId":"33477722","eventTypeId":"4","numberOfWinners":1,"bettingType":"ODDS","marketType":"MATCH_ODDS","marketTime":"2024-08-10T17:00:00.000Z","suspendTime":"2024-08-10T17:00:00.000Z","bspReconciled":false,"complete":true,"inPlay":true,"crossMatching":false,"runnersVoidable":false,"numberOfActiveRunners":0,"betDelay":5,"status":"CLOSED","settledTime":"2024-08-10T19:53:40.000Z","runners":[{"status":"LOSER","sortPriority":1,"id":26354927,"name":"Welsh Fire"},{"status":"WINNER","sortPriority":2,"id":26354921,"name":"Birmingham Phoenix"}],"regulators":["MR_INT"],"countryCode":"GB","discountAllowed":true,"timezone":"GMT","openDate":"2024-08-10T17:00:00.000Z","version":6067923983,"name":"Match Odds","eventName":"Welsh Fire v Birmingham Phoenix"}}]}
