{"op":"mcm","clk":"11838972511","pt":1723659693518,"mc":[{"id":"1.231818131","marketDefinition":{"bspMarket":false,"turnInPlayEnabled":true,"persistenceEnabled":true,"marketBaseRate":5.0,"eventId":"33495342","eventTypeId":"4","numberOfWinners":1,"bettingType":"ODDS","marketType":"MATCH_ODDS","marketTime":"2024-08-17T13:15:00.000Z","suspendTime":"2024-08-17T13:15:00.000Z","bspReconciled":false,"complete":true,"inPlay":false,"crossMatching":true,"runnersVoidable":false,"numberOfActiveRunners":2,"betDelay":0,"status":"OPEN","runners":[{"status":"ACTIVE","sortPriority":1,"id":40096582,"name":"Oval Invincibles Women"},{"status":"ACTIVE","sortPriority":2,"id":40096576,"name":"London Spirit Women"}],"regulators":["MR_INT"],"countryCode":"GB","discountAllowed":true,"timezone":"GMT","openDate":"2024-08-17T13:15:00.000Z","version":6074812100,"name":"Match Odds","eventName":"Oval Invincibles Women v London Spirit Women"}}]}
{"op":"mcm","clk":"11839174338","pt":1723661305067,"mc":[{"id":"1.231818131","rc":[{"ltp":2.22,"id":40096576},{"ltp":1.82,"id":40096582}]}]}
{"op":"mcm","clk":"11839185721","pt":1723661406415,"mc":[{"id":"1.231818131","rc":[{"ltp":1.75,"id":40096582}]}]}
{"op":"mcm","clk":"11841508991","pt":1723703796630,"mc":[{"id":"1.231818131","rc":[{"ltp":2.16,"id":40096576},{"ltp":1.85,"id":40096582}]}]}
{"op":"mcm","clk":"11841656564","pt":1723709445613,"mc":[{"id":"1.231818131","rc":[{"ltp":1.77,"id":40096582}]}]}
{"op":"mcm","clk":"11843395639","pt":1723740002826,"mc":[{"id":"1.231818131","rc":[{"ltp":2.3,"id":40096576},{"ltp":1.76,"id":40096582}]}]}
{"op":"mcm","clk":"11843618140","pt":1723742241684,"mc":[{"id":"1.231818131","rc":[{"ltp":1.75,"id":40096582}]}]}
{"op":"mcm","clk":"11844391810","pt":1723749129893,"mc":[{"id":"1.231818131","rc":[{"ltp":1.79,"id":40096582}]}]}
{"op":"mcm","clk":"11844594771","pt":1723751127024,"mc":[{"id":"1.231818131","rc":[{"ltp":1.75,"id":40096582}]}]}
{"op":"mcm","clk":"11844897195","pt":1723756224019,"mc":[{"id":"1.231818131","rc":[{"ltp":1.78,"id":40096582}]}]}
{"op":"mcm","clk":"11844908543","pt":1723756650680,"mc":[{"id":"1.231818131","rc":[{"ltp":1.75,"id":40096582}]}]}
{"op":"mcm","clk":"11844908766","pt":1723756657866,"mc":[{"id":"1.231818131","rc":[{"ltp":1.79,"id":40096582}]}]}
{"op":"mcm","clk":"11845782887","pt":1723778883706,"mc":[{"id":"1.231818131","rc":[{"ltp":1.8,"id":40096582}]}]}
{"op":"mcm","clk":"11845939217","pt":1723783106880,"mc":[{"id":"1.231818131","rc":[{"ltp":1.79,"id":40096582}]}]}
{"op":"mcm","clk":"11846047393","pt":1723785770385,"mc":[{"id":"1.231818131","rc":[{"ltp":2.2,"id":40096576}]}]}
{"op":"mcm","clk":"11846054298","pt":1723785931478,"mc":[{"id":"1.231818131","rc":[{"ltp":1.8,"id":40096582}]}]}
{"op":"mcm","clk":"11846212100","pt":1723789132084,"mc":[{"id":"1.231818131","rc":[{"ltp":1.83,"id":40096582}]}]}
{"op":"mcm","clk":"11846317110","pt":1723791626963,"mc":[{"id":"1.231818131","rc":[{"ltp":2.22,"id":40096576},{"ltp":1.82,"id":40096582}]}]}
{"op":"mcm","clk":"11846425299","pt":1723793422127,"mc":[{"id":"1.231818131","rc":[{"ltp":1.81,"id":40096582}]}]}
{"op":"mcm","clk":"11846884766","pt":1723800569667,"mc":[{"id":"1.231818131","rc":[{"ltp":1.82,"id":40096582}]}]}
{"op":"mcm","clk":"11846886208","pt":1723800597292,"mc":[{"id":"1.231818131","rc":[{"ltp":1.83,"id":40096582}]}]}
{"op":"mcm","clk":"11846916607","pt":1723801051371,"mc":[{"id":"1.231818131","rc":[{"ltp":2.2,"id":40096576},{"ltp":1.84,"id":40096582}]}]}
{"op":"mcm","clk":"11846927275","pt":1723801218334,"mc":[{"id":"1.231818131","rc":[{"ltp":2.18,"id":40096576}]}]}
{"op":"mcm","clk":"11847031734","pt":1723802764547,"mc":[{"id":"1.231818131","rc":[{"ltp":1.85,"id":40096582}]}]}
{"op":"mcm","clk":"11847046521","pt":1723802971134,"mc":[{"id":"1.231818131","rc":[{"ltp":1.86,"id":40096582}]}]}
{"op":"mcm","clk":"11847049227","pt":1723803008398,"mc":[{"id":"1.231818131","rc":[{"ltp":2.16,"id":40096576}]}]}
{"op":"mcm","clk":"11847055232","pt":1723803088684,"mc":[{"id":"1.231818131","rc":[{"ltp":1.85,"id":40096582}]}]}
{"op":"mcm","clk":"11847087878","pt":1723803322453,"mc":[{"id":"1.231818131","rc":[{"ltp":1.86,"id":40096582}]}]}
{"op":"mcm","clk":"11847290031","pt":1723805909470,"mc":[{"id":"1.231818131","rc":[{"ltp":1.87,"id":40096582}]}]}
{"op":"mcm","clk":"11847448743","pt":1723807827074,"mc":[{"id":"1.231818131","rc":[{"ltp":1.86,"id":40096582}]}]}
{"op":"mcm","clk":"11847534995","pt":1723808649223,"mc":[{"id":"1.231818131","rc":[{"ltp":1.87,"id":40096582}]}]}
{"op":"mcm","clk":"11847570625","pt":1723809082925,"mc":[{"id":"1.231818131","rc":[{"ltp":1.88,"id":40096582}]}]}
{"op":"mcm","clk":"11847575244","pt":1723809142620,"mc":[{"id":"1.231818131","rc":[{"ltp":1.87,"id":40096582}]}]}
{"op":"mcm","clk":"11847767999","pt":1723811121310,"mc":[{"id":"1.231818131","rc":[{"ltp":2.18,"id":40096576},{"ltp":1.85,"id":40096582}]}]}
{"op":"mcm","clk":"11847838550","pt":1723811910713,"mc":[{"id":"1.231818131","rc":[{"ltp":1.87,"id":40096582}]}]}
{"op":"mcm","clk":"11847866137","pt":1723812193551,"mc":[{"id":"1.231818131","rc":[{"ltp":1.86,"id":40096582}]}]}
{"op":"mcm","clk":"11848051286","pt":1723814226360,"mc":[{"id":"1.231818131","rc":[{"ltp":1.85,"id":40096582}]}]}
{"op":"mcm","clk":"11848237424","pt":1723816344913,"mc":[{"id":"1.231818131","rc":[{"ltp":2.16,"id":40096576}]}]}
{"op":"mcm","clk":"11848302962","pt":1723817065186,"mc":[{"id":"1.231818131","rc":[{"ltp":1.84,"id":40096582}]}]}
{"op":"mcm","clk":"11848418654","pt":1723818497091,"mc":[{"id":"1.231818131","rc":[{"ltp":1.85,"id":40096582}]}]}
{"op":"mcm","clk":"11849547757","pt":1723827725271,"mc":[{"id":"1.231818131","rc":[{"ltp":1.84,"id":40096582}]}]}
{"op":"mcm","clk":"11849571606","pt":1723827861655,"mc":[{"id":"1.231818131","rc":[{"ltp":1.86,"id":40096582}]}]}
{"op":"mcm","clk":"11849815890","pt":1723828920035,"mc":[{"id":"1.231818131","rc":[{"ltp":1.85,"id":40096582}]}]}
{"op":"mcm","clk":"11849832962","pt":1723828998542,"mc":[{"id":"1.231818131","rc":[{"ltp":1.86,"id":40096582}]}]}
{"op":"mcm","clk":"11849948810","pt":1723829540079,"mc":[{"id":"1.231818131","rc":[{"ltp":1.85,"id":40096582}]}]}
{"op":"mcm","clk":"11850244530","pt":1723830840469,"mc":[{"id":"1.231818131","rc":[{"ltp":1.86,"id":40096582}]}]}
{"op":"mcm","clk":"11850685962","pt":1723833276286,"mc":[{"id":"1.231818131","rc":[{"ltp":1.85,"id":40096582}]}]}
{"op":"mcm","clk":"11851667519","pt":1723838310523,"mc":[{"id":"1.231818131","rc":[{"ltp":2.14,"id":40096576},{"ltp":1.87,"id":40096582}]}]}
{"op":"mcm","clk":"11851676353","pt":1723838370951,"mc":[{"id":"1.231818131","rc":[{"ltp":2.12,"id":40096576}]}]}
{"op":"mcm","clk":"11851678402","pt":1723838386092,"mc":[{"id":"1.231818131","rc":[{"ltp":1.88,"id":40096582}]}]}
{"op":"mcm","clk":"11851813191","pt":1723839329503,"mc":[{"id":"1.231818131","rc":[{"ltp":1.87,"id":40096582}]}]}
{"op":"mcm","clk":"11852096240","pt":1723841728302,"mc":[{"id":"1.231818131","rc":[{"ltp":1.86,"id":40096582}]}]}
{"op":"mcm","clk":"11852228038","pt":1723843522465,"mc":[{"id":"1.231818131","rc":[{"ltp":2.14,"id":40096576}]}]}
{"op":"mcm","clk":"11852264116","pt":1723843981967,"mc":[{"id":"1.231818131","rc":[{"ltp":2.16,"id":40096576}]}]}
{"op":"mcm","clk":"11852350545","pt":1723845215680,"mc":[{"id":"1.231818131","rc":[{"ltp":1.85,"id":40096582}]}]}
{"op":"mcm","clk":"11852723166","pt":1723850368389,"mc":[{"id":"1.231818131","rc":[{"ltp":1.86,"id":40096582}]}]}
{"op":"mcm","clk":"11852727152","pt":1723850419940,"mc":[{"id":"1.231818131","rc":[{"ltp":2.14,"id":40096576},{"ltp":1.88,"id":40096582}]}]}
{"op":"mcm","clk":"11852750851","pt":1723850721944,"mc":[{"id":"1.231818131","rc":[{"ltp":1.87,"id":40096582}]}]}
{"op":"mcm","clk":"11853045042","pt":1723854531040,"mc":[{"id":"1.231818131","rc":[{"ltp":1.86,"id":40096582}]}]}
{"op":"mcm","clk":"11853247986","pt":1723857148154,"mc":[{"id":"1.231818131","rc":[{"ltp":1.91,"id":40096576},{"ltp":1.9,"id":40096582}]}]}
{"op":"mcm","clk":"11853268652","pt":1723857206853,"mc":[{"id":"1.231818131","rc":[{"ltp":2.12,"id":40096576},{"ltp":1.87,"id":40096582}]}]}
{"op":"mcm","clk":"11853274148","pt":1723857271506,"mc":[{"id":"1.231818131","rc":[{"ltp":1.89,"id":40096582}]}]}
{"op":"mcm","clk":"11853442151","pt":1723859310459,"mc":[{"id":"1.231818131","rc":[{"ltp":2.14,"id":40096576},{"ltp":1.87,"id":40096582}]}]}
{"op":"mcm","clk":"11853515064","pt":1723860444637,"mc":[{"id":"1.231818131","rc":[{"ltp":1.86,"id":40096582}]}]}
{"op":"mcm","clk":"11853662947","pt":1723862639151,"mc":[{"id":"1.231818131","rc":[{"ltp":1.87,"id":40096582}]}]}
{"op":"mcm","clk":"11853817094","pt":1723864856905,"mc":[{"id":"1.231818131","rc":[{"ltp":1.86,"id":40096582}]}]}
{"op":"mcm","clk":"11853829325","pt":1723865007911,"mc":[{"id":"1.231818131","rc":[{"ltp":2.16,"id":40096576}]}]}
{"op":"mcm","clk":"11853949273","pt":1723866839144,"mc":[{"id":"1.231818131","rc":[{"ltp":1.85,"id":40096582}]}]}
{"op":"mcm","clk":"11854086158","pt":1723868699310,"mc":[{"id":"1.231818131","rc":[{"ltp":1.86,"id":40096582}]}]}
{"op":"mcm","clk":"11854143204","pt":1723869698850,"mc":[{"id":"1.231818131","rc":[{"ltp":1.87,"id":40096582}]}]}
{"op":"mcm","clk":"11854176192","pt":1723870229189,"mc":[{"id":"1.231818131","rc":[{"ltp":2.12,"id":40096576}]}]}
{"op":"mcm","clk":"11854329861","pt":1723873272666,"mc":[{"id":"1.231818131","rc":[{"ltp":2.16,"id":40096576},{"ltp":1.86,"id":40096582}]}]}
{"op":"mcm","clk":"11854356137","pt":1723873465289,"mc":[{"id":"1.231818131","rc":[{"ltp":1.85,"id":40096582}]}]}
{"op":"mcm","clk":"11854359313","pt":1723873529238,"mc":[{"id":"1.231818131","rc":[{"ltp":1.86,"id":40096582}]}]}
{"op":"mcm","clk":"11854386403","pt":1723874068609,"mc":[{"id":"1.231818131","rc":[{"ltp":1.85,"id":40096582}]}]}
{"op":"mcm","clk":"11854488048","pt":1723875899308,"mc":[{"id":"1.231818131","rc":[{"ltp":2.18,"id":40096576}]}]}
{"op":"mcm","clk":"11854534864","pt":1723876743679,"mc":[{"id":"1.231818131","rc":[{"ltp":1.83,"id":40096582}]}]}
{"op":"mcm","clk":"11854558515","pt":1723877190279,"mc":[{"id":"1.231818131","rc":[{"ltp":1.84,"id":40096582}]}]}
{"op":"mcm","clk":"11854615795","pt":1723878089806,"mc":[{"id":"1.231818131","rc":[{"ltp":2.16,"id":40096576},{"ltp":1.86,"id":40096582}]}]}
{"op":"mcm","clk":"11854644837","pt":1723878613587,"mc":[{"id":"1.231818131","rc":[{"ltp":1.85,"id":40096582}]}]}
{"op":"mcm","clk":"11854729800","pt":1723879883854,"mc":[{"id":"1.231818131","rc":[{"ltp":1.86,"id":40096582}]}]}
{"op":"mcm","clk":"11854734909","pt":1723879990085,"mc":[{"id":"1.231818131","rc":[{"ltp":1.85,"id":40096582}]}]}
{"op":"mcm","clk":"11854778616","pt":1723880793070,"mc":[{"id":"1.231818131","rc":[{"ltp":1.84,"id":40096582}]}]}
{"op":"mcm","clk":"11854807843","pt":1723881228145,"mc":[{"id":"1.231818131","rc":[{"ltp":2.18,"id":40096576}]}]}
{"op":"mcm","clk":"11854816685","pt":1723881351770,"mc":[{"id":"1.231818131","rc":[{"ltp":2.16,"id":40096576}]}]}
{"op":"mcm","clk":"11854847769","pt":1723881805438,"mc":[{"id":"1.231818131","rc":[{"ltp":1.85,"id":40096582}]}]}
{"op":"mcm","clk":"11854850278","pt":1723881843496,"mc":[{"id":"1.231818131","rc":[{"ltp":1.86,"id":40096582}]}]}
{"op":"mcm","clk":"11854966826","pt":1723883449632,"mc":[{"id":"1.231818131","rc":[{"ltp":1.85,"id":40096582}]}]}
{"op":"mcm","clk":"11854990750","pt":1723883713920,"mc":[{"id":"1.231818131","rc":[{"ltp":1.84,"id":40096582}]}]}
{"op":"mcm","clk":"11855032051","pt":1723884144807,"mc":[{"id":"1.231818131","rc":[{"ltp":1.85,"id":40096582}]}]}
{"op":"mcm","clk":"11855099776","pt":1723884716111,"mc":[{"id":"1.231818131","rc":[{"ltp":2.2,"id":40096576}]}]}
{"op":"mcm","clk":"11855178583","pt":1723885639088,"mc":[{"id":"1.231818131","rc":[{"ltp":1.84,"id":40096582}]}]}
{"op":"mcm","clk":"11855203347","pt":1723885889936,"mc":[{"id":"1.231818131","rc":[{"ltp":2.18,"id":40096576}]}]}
{"op":"mcm","clk":"11855233829","pt":1723886181519,"mc":[{"id":"1.231818131","rc":[{"ltp":1.83,"id":40096582}]}]}
{"op":"mcm","clk":"11855259061","pt":1723886430763,"mc":[{"id":"1.231818131","rc":[{"ltp":2.2,"id":40096576},{"ltp":1.82,"id":40096582}]}]}
{"op":"mcm","clk":"11855268066","pt":1723886523861,"mc":[{"id":"1.231818131","rc":[{"ltp":2.22,"id":40096576},{"ltp":1.83,"id":40096582}]}]}
{"op":"mcm","clk":"11855283144","pt":1723886670424,"mc":[{"id":"1.231818131","rc":[{"ltp":1.82,"id":40096582}]}]}
{"op":"mcm","clk":"11855294919","pt":1723886788197,"mc":[{"id":"1.231818131","rc":[{"ltp":2.2,"id":40096576}]}]}
{"op":"mcm","clk":"11855321484","pt":1723887029754,"mc":[{"id":"1.231818131","rc":[{"ltp":1.83,"id":40096582}]}]}
{"op":"mcm","clk":"11855345079","pt":1723887261433,"mc":[{"id":"1.231818131","rc":[{"ltp":1.82,"id":40096582}]}]}
{"op":"mcm","clk":"11855351823","pt":1723887329779,"mc":[{"id":"1.231818131","rc":[{"ltp":2.22,"id":40096576},{"ltp":1.81,"id":40096582}]}]}
{"op":"mcm","clk":"11855373530","pt":1723887564145,"mc":[{"id":"1.231818131","rc":[{"ltp":2.2,"id":40096576}]}]}
{"op":"mcm","clk":"11855401983","pt":1723887865064,"mc":[{"id":"1.231818131","rc":[{"ltp":1.82,"id":40096582}]}]}
{"op":"mcm","clk":"11855415151","pt":1723887985894,"mc":[{"id":"1.231818131","rc":[{"ltp":2.24,"id":40096576}]}]}
{"op":"mcm","clk":"11855458834","pt":1723888392225,"mc":[{"id":"1.231818131","rc":[{"ltp":1.81,"id":40096582}]}]}
{"op":"mcm","clk":"11855502063","pt":1723888768848,"mc":[{"id":"1.231818131","rc":[{"ltp":1.82,"id":40096582}]}]}
{"op":"mcm","clk":"11855511518","pt":1723888832347,"mc":[{"id":"1.231818131","rc":[{"ltp":2.2,"id":40096576}]}]}
{"op":"mcm","clk":"11855611338","pt":1723889567940,"mc":[{"id":"1.231818131","rc":[{"ltp":1.81,"id":40096582}]}]}
{"op":"mcm","clk":"11855729377","pt":1723890260263,"mc":[{"id":"1.231818131","rc":[{"ltp":1.83,"id":40096582}]}]}
{"op":"mcm","clk":"11855775886","pt":1723890570335,"mc":[{"id":"1.231818131","rc":[{"ltp":2.22,"id":40096576},{"ltp":1.81,"id":40096582}]}]}
{"op":"mcm","clk":"11855783749","pt":1723890623793,"mc":[{"id":"1.231818131","rc":[{"ltp":2.26,"id":40096576},{"ltp":1.79,"id":40096582}]}]}
{"op":"mcm","clk":"11855804187","pt":1723890745332,"mc":[{"id":"1.231818131","rc":[{"ltp":2.28,"id":40096576},{"ltp":1.78,"id":40096582}]}]}
{"op":"mcm","clk":"11855848329","pt":1723891041079,"mc":[{"id":"1.231818131","rc":[{"ltp":1.77,"id":40096582}]}]}
{"op":"mcm","clk":"11855858087","pt":1723891106197,"mc":[{"id":"1.231818131","rc":[{"ltp":1.78,"id":40096582}]}]}
{"op":"mcm","clk":"11855898196","pt":1723891382694,"mc":[{"id":"1.231818131","rc":[{"ltp":1.77,"id":40096582}]}]}
{"op":"mcm","clk":"11855929587","pt":1723891590082,"mc":[{"id":"1.231818131","rc":[{"ltp":1.78,"id":40096582}]}]}
{"op":"mcm","clk":"11855948160","pt":1723891707083,"mc":[{"id":"1.231818131","rc":[{"ltp":1.79,"id":40096582}]}]}
{"op":"mcm","clk":"11855955507","pt":1723891752742,"mc":[{"id":"1.231818131","rc":[{"ltp":2.26,"id":40096576},{"ltp":1.81,"id":40096582}]}]}
{"op":"mcm","clk":"11855977938","pt":1723891888142,"mc":[{"id":"1.231818131","rc":[{"ltp":1.8,"id":40096582}]}]}
{"op":"mcm","clk":"11855987596","pt":1723891949441,"mc":[{"id":"1.231818131","rc":[{"ltp":2.24,"id":40096576},{"ltp":1.81,"id":40096582}]}]}
{"op":"mcm","clk":"11855995973","pt":1723892010881,"mc":[{"id":"1.231818131","rc":[{"ltp":2.22,"id":40096576},{"ltp":1.82,"id":40096582}]}]}
{"op":"mcm","clk":"11856028674","pt":1723892250688,"mc":[{"id":"1.231818131","rc":[{"ltp":2.2,"id":40096576},{"ltp":1.83,"id":40096582}]}]}
{"op":"mcm","clk":"11856036776","pt":1723892310020,"mc":[{"id":"1.231818131","rc":[{"ltp":1.82,"id":40096582}]}]}
{"op":"mcm","clk":"11856045168","pt":1723892370192,"mc":[{"id":"1.231818131","rc":[{"ltp":1.83,"id":40096582}]}]}
{"op":"mcm","clk":"11856054838","pt":1723892431065,"mc":[{"id":"1.231818131","rc":[{"ltp":1.82,"id":40096582}]}]}
{"op":"mcm","clk":"11856074462","pt":1723892550822,"mc":[{"id":"1.231818131","rc":[{"ltp":1.81,"id":40096582}]}]}
{"op":"mcm","clk":"11856085083","pt":1723892610948,"mc":[{"id":"1.231818131","rc":[{"ltp":1.83,"id":40096582}]}]}
{"op":"mcm","clk":"11856106213","pt":1723892730339,"mc":[{"id":"1.231818131","rc":[{"ltp":2.18,"id":40096576},{"ltp":1.85,"id":40096582}]}]}
{"op":"mcm","clk":"11856127778","pt":1723892846829,"mc":[{"id":"1.231818131","rc":[{"ltp":1.86,"id":40096582}]}]}
{"op":"mcm","clk":"11856139928","pt":1723892909405,"mc":[{"id":"1.231818131","rc":[{"ltp":2.16,"id":40096576}]}]}
{"op":"mcm","clk":"11856151086","pt":1723892965857,"mc":[{"id":"1.231818131","rc":[{"ltp":1.85,"id":40096582}]}]}
{"op":"mcm","clk":"11856163173","pt":1723893029545,"mc":[{"id":"1.231818131","rc":[{"ltp":1.86,"id":40096582}]}]}
{"op":"mcm","clk":"11856173527","pt":1723893083172,"mc":[{"id":"1.231818131","rc":[{"ltp":2.14,"id":40096576},{"ltp":1.88,"id":40096582}]}]}
{"op":"mcm","clk":"11856185069","pt":1723893144652,"mc":[{"id":"1.231818131","rc":[{"ltp":1.89,"id":40096582}]}]}
{"op":"mcm","clk":"11856198394","pt":1723893211188,"mc":[{"id":"1.231818131","rc":[{"ltp":2.08,"id":40096576},{"ltp":1.93,"id":40096582}]}]}
{"op":"mcm","clk":"11856210023","pt":1723893271026,"mc":[{"id":"1.231818131","rc":[{"ltp":2.1,"id":40096576},{"ltp":1.94,"id":40096582}]}]}
{"op":"mcm","clk":"11856221862","pt":1723893331230,"mc":[{"id":"1.231818131","rc":[{"ltp":2.06,"id":40096576}]}]}
{"op":"mcm","clk":"11856233713","pt":1723893389100,"mc":[{"id":"1.231818131","rc":[{"ltp":1.96,"id":40096576},{"ltp":2.04,"id":40096582}]}]}
{"op":"mcm","clk":"11856243588","pt":1723893438469,"mc":[{"id":"1.231818131","rc":[{"ltp":2.04,"id":40096576},{"ltp":1.97,"id":40096582}]}]}
{"op":"mcm","clk":"11856257746","pt":1723893509831,"mc":[{"id":"1.231818131","rc":[{"ltp":2.0,"id":40096576},{"ltp":1.99,"id":40096582}]}]}
{"op":"mcm","clk":"11856280157","pt":1723893626698,"mc":[{"id":"1.231818131","rc":[{"ltp":2.02,"id":40096576},{"ltp":1.98,"id":40096582}]}]}
{"op":"mcm","clk":"11856291470","pt":1723893686694,"mc":[{"id":"1.231818131","rc":[{"ltp":1.96,"id":40096582}]}]}
{"op":"mcm","clk":"11856301797","pt":1723893740315,"mc":[{"id":"1.231818131","rc":[{"ltp":1.99,"id":40096582}]}]}
{"op":"mcm","clk":"11856327436","pt":1723893868077,"mc":[{"id":"1.231818131","rc":[{"ltp":2.06,"id":40096576},{"ltp":1.96,"id":40096582}]}]}
{"op":"mcm","clk":"11856359971","pt":1723894029482,"mc":[{"id":"1.231818131","rc":[{"ltp":2.0,"id":40096576},{"ltp":1.95,"id":40096582}]}]}
{"op":"mcm","clk":"11856399456","pt":1723894227209,"mc":[{"id":"1.231818131","rc":[{"ltp":1.94,"id":40096582}]}]}
{"op":"mcm","clk":"11856448772","pt":1723894470151,"mc":[{"id":"1.231818131","rc":[{"ltp":1.93,"id":40096582}]}]}
{"op":"mcm","clk":"11856455302","pt":1723894504811,"mc":[{"id":"1.231818131","rc":[{"ltp":1.92,"id":40096582}]}]}
{"op":"mcm","clk":"11856508137","pt":1723894764962,"mc":[{"id":"1.231818131","rc":[{"ltp":1.97,"id":40096582}]}]}
{"op":"mcm","clk":"11856521689","pt":1723894829231,"mc":[{"id":"1.231818131","rc":[{"ltp":2.06,"id":40096576},{"ltp":1.92,"id":40096582}]}]}
{"op":"mcm","clk":"11856534396","pt":1723894888933,"mc":[{"id":"1.231818131","rc":[{"ltp":1.95,"id":40096582}]}]}
{"op":"mcm","clk":"11856573147","pt":1723895004006,"mc":[{"id":"1.231818131","rc":[{"ltp":2.04,"id":40096576}]}]}
{"op":"mcm","clk":"11856585126","pt":1723895064220,"mc":[{"id":"1.231818131","rc":[{"ltp":1.97,"id":40096582}]}]}
{"op":"mcm","clk":"11856610306","pt":1723895191121,"mc":[{"id":"1.231818131","rc":[{"ltp":1.96,"id":40096582}]}]}
{"op":"mcm","clk":"11856621405","pt":1723895248917,"mc":[{"id":"1.231818131","rc":[{"ltp":1.92,"id":40096582}]}]}
{"op":"mcm","clk":"11856633104","pt":1723895310060,"mc":[{"id":"1.231818131","rc":[{"ltp":2.06,"id":40096576},{"ltp":1.95,"id":40096582}]}]}
{"op":"mcm","clk":"11856654351","pt":1723895428438,"mc":[{"id":"1.231818131","rc":[{"ltp":2.08,"id":40096576},{"ltp":1.93,"id":40096582}]}]}
{"op":"mcm","clk":"11856664153","pt":1723895485576,"mc":[{"id":"1.231818131","rc":[{"ltp":1.91,"id":40096582}]}]}
{"op":"mcm","clk":"11856674190","pt":1723895545950,"mc":[{"id":"1.231818131","rc":[{"ltp":2.1,"id":40096576},{"ltp":1.9,"id":40096582}]}]}
{"op":"mcm","clk":"11856704563","pt":1723895728571,"mc":[{"id":"1.231818131","rc":[{"ltp":1.89,"id":40096582}]}]}
{"op":"mcm","clk":"11856764830","pt":1723896091424,"mc":[{"id":"1.231818131","rc":[{"ltp":2.08,"id":40096576},{"ltp":1.9,"id":40096582}]}]}
{"op":"mcm","clk":"11856808062","pt":1723896327712,"mc":[{"id":"1.231818131","rc":[{"ltp":2.1,"id":40096576}]}]}
{"op":"mcm","clk":"11856819294","pt":1723896389674,"mc":[{"id":"1.231818131","rc":[{"ltp":2.08,"id":40096576},{"ltp":1.91,"id":40096582}]}]}
{"op":"mcm","clk":"11856829421","pt":1723896442737,"mc":[{"id":"1.231818131","rc":[{"ltp":1.9,"id":40096582}]}]}
{"op":"mcm","clk":"11856842948","pt":1723896510711,"mc":[{"id":"1.231818131","rc":[{"ltp":2.06,"id":40096576},{"ltp":1.94,"id":40096582}]}]}
{"op":"mcm","clk":"11856852795","pt":1723896561167,"mc":[{"id":"1.231818131","rc":[{"ltp":2.12,"id":40096576},{"ltp":1.89,"id":40096582}]}]}
{"op":"mcm","clk":"11856887606","pt":1723896743372,"mc":[{"id":"1.231818131","rc":[{"ltp":1.9,"id":40096582}]}]}
{"op":"mcm","clk":"11856911674","pt":1723896861626,"mc":[{"id":"1.231818131","rc":[{"ltp":2.06,"id":40096576},{"ltp":1.94,"id":40096582}]}]}
{"op":"mcm","clk":"11856923981","pt":1723896922666,"mc":[{"id":"1.231818131","rc":[{"ltp":1.88,"id":40096582}]}]}
{"op":"mcm","clk":"11856934638","pt":1723896973794,"mc":[{"id":"1.231818131","rc":[{"ltp":2.1,"id":40096576}]}]}
{"op":"mcm","clk":"11856948906","pt":1723897041917,"mc":[{"id":"1.231818131","rc":[{"ltp":1.9,"id":40096582}]}]}
{"op":"mcm","clk":"11857005132","pt":1723897338545,"mc":[{"id":"1.231818131","rc":[{"ltp":1.88,"id":40096582}]}]}
{"op":"mcm","clk":"11857028030","pt":1723897470510,"mc":[{"id":"1.231818131","rc":[{"ltp":1.9,"id":40096582}]}]}
{"op":"mcm","clk":"11857039764","pt":1723897536476,"mc":[{"id":"1.231818131","rc":[{"ltp":1.88,"id":40096582}]}]}
{"op":"mcm","clk":"11857089575","pt":1723897827515,"mc":[{"id":"1.231818131","rc":[{"ltp":1.89,"id":40096582}]}]}
{"op":"mcm","clk":"11857121551","pt":1723898009474,"mc":[{"id":"1.231818131","rc":[{"ltp":1.9,"id":40096582}]}]}
{"op":"mcm","clk":"11857143971","pt":1723898131344,"mc":[{"id":"1.231818131","rc":[{"ltp":1.89,"id":40096582}]}]}
{"op":"mcm","clk":"11857151126","pt":1723898169345,"mc":[{"id":"1.231818131","rc":[{"ltp":1.9,"id":40096582}]}]}
{"op":"mcm","clk":"11857186983","pt":1723898367240,"mc":[{"id":"1.231818131","rc":[{"ltp":1.89,"id":40096582}]}]}
{"op":"mcm","clk":"11857220212","pt":1723898541772,"mc":[{"id":"1.231818131","rc":[{"ltp":2.14,"id":40096576},{"ltp":1.9,"id":40096582}]}]}
{"op":"mcm","clk":"11857229319","pt":1723898590657,"mc":[{"id":"1.231818131","rc":[{"ltp":2.1,"id":40096576},{"ltp":1.89,"id":40096582}]}]}
{"op":"mcm","clk":"11857254462","pt":1723898722999,"mc":[{"id":"1.231818131","rc":[{"ltp":1.92,"id":40096582}]}]}
{"op":"mcm","clk":"11857261468","pt":1723898759646,"mc":[{"id":"1.231818131","rc":[{"ltp":2.08,"id":40096576},{"ltp":1.89,"id":40096582}]}]}
{"op":"mcm","clk":"11857288078","pt":1723898911084,"mc":[{"id":"1.231818131","rc":[{"ltp":1.92,"id":40096576},{"ltp":2.08,"id":40096582}]}]}
{"op":"mcm","clk":"11857297646","pt":1723898971469,"mc":[{"id":"1.231818131","rc":[{"ltp":1.97,"id":40096576},{"ltp":2.04,"id":40096582}]}]}
{"op":"mcm","clk":"11857307727","pt":1723899030740,"mc":[{"id":"1.231818131","rc":[{"ltp":1.91,"id":40096576},{"ltp":2.08,"id":40096582}]}]}
{"op":"mcm","clk":"11857317457","pt":1723899091265,"mc":[{"id":"1.231818131","rc":[{"ltp":1.92,"id":40096576}]}]}
{"op":"mcm","clk":"11857336985","pt":1723899211168,"mc":[{"id":"1.231818131","rc":[{"ltp":2.06,"id":40096582}]}]}
{"op":"mcm","clk":"11857356724","pt":1723899331017,"mc":[{"id":"1.231818131","rc":[{"ltp":1.91,"id":40096576},{"ltp":2.08,"id":40096582}]}]}
{"op":"mcm","clk":"11857367562","pt":1723899391468,"mc":[{"id":"1.231818131","rc":[{"ltp":2.1,"id":40096582}]}]}
{"op":"mcm","clk":"11857378061","pt":1723899450737,"mc":[{"id":"1.231818131","rc":[{"ltp":2.08,"id":40096582}]}]}
{"op":"mcm","clk":"11857388348","pt":1723899510419,"mc":[{"id":"1.231818131","rc":[{"ltp":1.9,"id":40096576}]}]}
{"op":"mcm","clk":"11857398484","pt":1723899570740,"mc":[{"id":"1.231818131","rc":[{"ltp":2.1,"id":40096582}]}]}
{"op":"mcm","clk":"11857409908","pt":1723899630824,"mc":[{"id":"1.231818131","rc":[{"ltp":1.92,"id":40096576},{"ltp":2.08,"id":40096582}]}]}
{"op":"mcm","clk":"11857421158","pt":1723899690851,"mc":[{"id":"1.231818131","rc":[{"ltp":1.91,"id":40096576}]}]}
{"op":"mcm","clk":"11857446654","pt":1723899811344,"mc":[{"id":"1.231818131","rc":[{"ltp":1.9,"id":40096576}]}]}
{"op":"mcm","clk":"11857459080","pt":1723899871429,"mc":[{"id":"1.231818131","rc":[{"ltp":1.91,"id":40096576},{"ltp":2.1,"id":40096582}]}]}
{"op":"mcm","clk":"11857485285","pt":1723899991495,"mc":[{"id":"1.231818131","rc":[{"ltp":1.94,"id":40096576},{"ltp":2.06,"id":40096582}]}]}
{"op":"mcm","clk":"11857497777","pt":1723900050549,"mc":[{"id":"1.231818131","rc":[{"ltp":1.93,"id":40096576}]}]}
{"op":"mcm","clk":"11857509794","pt":1723900111340,"mc":[{"id":"1.231818131","rc":[{"ltp":1.94,"id":40096576}]}]}
{"op":"mcm","clk":"11857521544","pt":1723900171319,"mc":[{"id":"1.231818131","rc":[{"ltp":1.93,"id":40096576}]}]}
{"op":"mcm","clk":"11857533420","pt":1723900231360,"mc":[{"id":"1.231818131","rc":[{"ltp":2.08,"id":40096582}]}]}
{"op":"mcm","clk":"11857545987","pt":1723900291219,"mc":[{"id":"1.231818131","rc":[{"ltp":1.91,"id":40096576}]}]}
{"op":"mcm","clk":"11857557712","pt":1723900351026,"mc":[{"id":"1.231818131","rc":[{"ltp":1.94,"id":40096576},{"ltp":2.06,"id":40096582}]}]}
{"op":"mcm","clk":"11857609816","pt":1723900531419,"mc":[{"id":"1.231818131","marketDefinition":{"bspMarket":false,"turnInPlayEnabled":true,"persistenceEnabled":true,"marketBaseRate":5.0,"eventId":"33495342","eventTypeId":"4","numberOfWinners":1,"bettingType":"ODDS","marketType":"MATCH_ODDS","marketTime":"2024-08-17T13:15:00.000Z","suspendTime":"2024-08-17T13:15:00.000Z","bspReconciled":false,"complete":true,"inPlay":true,"crossMatching":true,"runnersVoidable":false,"numberOfActiveRunners":2,"betDelay":5,"status":"OPEN","runners":[{"status":"ACTIVE","sortPriority":1,"id":40096582,"name":"Oval Invincibles Women"},{"status":"ACTIVE","sortPriority":2,"id":40096576,"name":"London Spirit Women"}],"regulators":["MR_INT"],"countryCode":"GB","discountAllowed":true,"timezone":"GMT","openDate":"2024-08-17T13:15:00.000Z","version":6079513434,"name":"Match Odds","eventName":"Oval Invincibles Women v London Spirit Women"}}]}
{"op":"mcm","clk":"11857622050","pt":1723900591264,"mc":[{"id":"1.231818131","rc":[{"ltp":1.97,"id":40096576},{"ltp":2.0,"id":40096582}]}]}
{"op":"mcm","clk":"11857633031","pt":1723900651500,"mc":[{"id":"1.231818131","rc":[{"ltp":2.1,"id":40096576},{"ltp":1.91,"id":40096582}]}]}
{"op":"mcm","clk":"11857643580","pt":1723900711412,"mc":[{"id":"1.231818131","rc":[{"ltp":1.98,"id":40096576},{"ltp":2.02,"id":40096582}]}]}
{"op":"mcm","clk":"11857653459","pt":1723900771365,"mc":[{"id":"1.231818131","rc":[{"ltp":2.0,"id":40096576},{"ltp":1.99,"id":40096582}]}]}
{"op":"mcm","clk":"11857663635","pt":1723900831395,"mc":[{"id":"1.231818131","rc":[{"ltp":2.08,"id":40096576},{"ltp":1.92,"id":40096582}]}]}
{"op":"mcm","clk":"11857674680","pt":1723900891496,"mc":[{"id":"1.231818131","rc":[{"ltp":2.38,"id":40096576},{"ltp":1.73,"id":40096582}]}]}
{"op":"mcm","clk":"11857684880","pt":1723900951459,"mc":[{"id":"1.231818131","rc":[{"ltp":2.6,"id":40096576},{"ltp":1.62,"id":40096582}]}]}
{"op":"mcm","clk":"11857695097","pt":1723901011482,"mc":[{"id":"1.231818131","rc":[{"ltp":2.16,"id":40096576},{"ltp":1.77,"id":40096582}]}]}
{"op":"mcm","clk":"11857705842","pt":1723901071461,"mc":[{"id":"1.231818131","rc":[{"ltp":2.08,"id":40096576},{"ltp":1.91,"id":40096582}]}]}
{"op":"mcm","clk":"11857717112","pt":1723901131416,"mc":[{"id":"1.231818131","rc":[{"ltp":2.12,"id":40096576},{"ltp":1.87,"id":40096582}]}]}
{"op":"mcm","clk":"11857728333","pt":1723901191398,"mc":[{"id":"1.231818131","rc":[{"ltp":1.9,"id":40096582}]}]}
{"op":"mcm","clk":"11857748951","pt":1723901311412,"mc":[{"id":"1.231818131","rc":[{"ltp":2.08,"id":40096576},{"ltp":1.91,"id":40096582}]}]}
{"op":"mcm","clk":"11857759281","pt":1723901371458,"mc":[{"id":"1.231818131","rc":[{"ltp":2.2,"id":40096576},{"ltp":1.84,"id":40096582}]}]}
{"op":"mcm","clk":"11857770464","pt":1723901431430,"mc":[{"id":"1.231818131","rc":[{"ltp":2.12,"id":40096576},{"ltp":1.88,"id":40096582}]}]}
{"op":"mcm","clk":"11857781210","pt":1723901491049,"mc":[{"id":"1.231818131","rc":[{"ltp":1.86,"id":40096582}]}]}
{"op":"mcm","clk":"11857792099","pt":1723901551423,"mc":[{"id":"1.231818131","rc":[{"ltp":2.16,"id":40096576}]}]}
{"op":"mcm","clk":"11857802412","pt":1723901611378,"mc":[{"id":"1.231818131","rc":[{"ltp":1.87,"id":40096582}]}]}
{"op":"mcm","clk":"11857813205","pt":1723901671463,"mc":[{"id":"1.231818131","rc":[{"ltp":1.8,"id":40096576},{"ltp":2.24,"id":40096582}]}]}
{"op":"mcm","clk":"11857824637","pt":1723901731422,"mc":[{"id":"1.231818131","rc":[{"ltp":1.82,"id":40096576},{"ltp":2.2,"id":40096582}]}]}
{"op":"mcm","clk":"11857835849","pt":1723901791409,"mc":[{"id":"1.231818131","rc":[{"ltp":1.77,"id":40096576},{"ltp":2.28,"id":40096582}]}]}
{"op":"mcm","clk":"11857846460","pt":1723901851455,"mc":[{"id":"1.231818131","rc":[{"ltp":1.76,"id":40096576},{"ltp":2.3,"id":40096582}]}]}
{"op":"mcm","clk":"11857857081","pt":1723901911415,"mc":[{"id":"1.231818131","rc":[{"ltp":1.71,"id":40096576},{"ltp":2.4,"id":40096582}]}]}
{"op":"mcm","clk":"11857867246","pt":1723901971477,"mc":[{"id":"1.231818131","rc":[{"ltp":1.69,"id":40096576},{"ltp":2.44,"id":40096582}]}]}
{"op":"mcm","clk":"11857877568","pt":1723902031418,"mc":[{"id":"1.231818131","rc":[{"ltp":1.63,"id":40096576},{"ltp":2.58,"id":40096582}]}]}
{"op":"mcm","clk":"11857888410","pt":1723902091471,"mc":[{"id":"1.231818131","rc":[{"ltp":1.67,"id":40096576},{"ltp":2.54,"id":40096582}]}]}
{"op":"mcm","clk":"11857899263","pt":1723902151485,"mc":[{"id":"1.231818131","rc":[{"ltp":2.48,"id":40096582}]}]}
{"op":"mcm","clk":"11857910416","pt":1723902211416,"mc":[{"id":"1.231818131","rc":[{"ltp":1.75,"id":40096576},{"ltp":2.36,"id":40096582}]}]}
{"op":"mcm","clk":"11857921563","pt":1723902271370,"mc":[{"id":"1.231818131","rc":[{"ltp":1.7,"id":40096576},{"ltp":2.42,"id":40096582}]}]}
{"op":"mcm","clk":"11857943572","pt":1723902391438,"mc":[{"id":"1.231818131","rc":[{"ltp":1.73,"id":40096576},{"ltp":2.5,"id":40096582}]}]}
{"op":"mcm","clk":"11857953856","pt":1723902451267,"mc":[{"id":"1.231818131","rc":[{"ltp":1.7,"id":40096576},{"ltp":2.42,"id":40096582}]}]}
{"op":"mcm","clk":"11857963147","pt":1723902511333,"mc":[{"id":"1.231818131","rc":[{"ltp":1.65,"id":40096576},{"ltp":2.52,"id":40096582}]}]}
{"op":"mcm","clk":"11857972141","pt":1723902571440,"mc":[{"id":"1.231818131","rc":[{"ltp":1.63,"id":40096576},{"ltp":2.58,"id":40096582}]}]}
{"op":"mcm","clk":"11857981818","pt":1723902630992,"mc":[{"id":"1.231818131","rc":[{"ltp":1.72,"id":40096576},{"ltp":2.4,"id":40096582}]}]}
{"op":"mcm","clk":"11857991349","pt":1723902691345,"mc":[{"id":"1.231818131","rc":[{"ltp":1.68,"id":40096576},{"ltp":2.46,"id":40096582}]}]}
{"op":"mcm","clk":"11858000408","pt":1723902751449,"mc":[{"id":"1.231818131","rc":[{"ltp":1.63,"id":40096576},{"ltp":2.58,"id":40096582}]}]}
{"op":"mcm","clk":"11858009493","pt":1723902811392,"mc":[{"id":"1.231818131","rc":[{"ltp":1.61,"id":40096576},{"ltp":2.62,"id":40096582}]}]}
{"op":"mcm","clk":"11858018188","pt":1723902871446,"mc":[{"id":"1.231818131","rc":[{"ltp":1.57,"id":40096576},{"ltp":2.74,"id":40096582}]}]}
{"op":"mcm","clk":"11858039114","pt":1723902991465,"mc":[{"id":"1.231818131","rc":[{"ltp":1.6,"id":40096576},{"ltp":2.66,"id":40096582}]}]}
{"op":"mcm","clk":"11858048217","pt":1723903051416,"mc":[{"id":"1.231818131","rc":[{"ltp":1.62,"id":40096576},{"ltp":2.62,"id":40096582}]}]}
{"op":"mcm","clk":"11858057378","pt":1723903111378,"mc":[{"id":"1.231818131","rc":[{"ltp":1.6,"id":40096576},{"ltp":2.66,"id":40096582}]}]}
{"op":"mcm","clk":"11858067880","pt":1723903171444,"mc":[{"id":"1.231818131","rc":[{"ltp":1.75,"id":40096576},{"ltp":2.3,"id":40096582}]}]}
{"op":"mcm","clk":"11858081283","pt":1723903231454,"mc":[{"id":"1.231818131","rc":[{"ltp":1.68,"id":40096576},{"ltp":2.46,"id":40096582}]}]}
{"op":"mcm","clk":"11858097060","pt":1723903291349,"mc":[{"id":"1.231818131","rc":[{"ltp":1.73,"id":40096576},{"ltp":2.34,"id":40096582}]}]}
{"op":"mcm","clk":"11858113813","pt":1723903351487,"mc":[{"id":"1.231818131","rc":[{"ltp":1.61,"id":40096576},{"ltp":2.62,"id":40096582}]}]}
{"op":"mcm","clk":"11858132053","pt":1723903411449,"mc":[{"id":"1.231818131","rc":[{"ltp":1.6,"id":40096576},{"ltp":2.68,"id":40096582}]}]}
{"op":"mcm","clk":"11858150321","pt":1723903471431,"mc":[{"id":"1.231818131","rc":[{"ltp":2.66,"id":40096582}]}]}
{"op":"mcm","clk":"11858169126","pt":1723903531449,"mc":[{"id":"1.231818131","rc":[{"ltp":1.39,"id":40096576},{"ltp":3.55,"id":40096582}]}]}
{"op":"mcm","clk":"11858188084","pt":1723903591443,"mc":[{"id":"1.231818131","rc":[{"ltp":1.38,"id":40096576},{"ltp":3.6,"id":40096582}]}]}
{"op":"mcm","clk":"11858207722","pt":1723903651347,"mc":[{"id":"1.231818131","rc":[{"ltp":3.65,"id":40096582}]}]}
{"op":"mcm","clk":"11858227341","pt":1723903711451,"mc":[{"id":"1.231818131","rc":[{"ltp":1.39,"id":40096576},{"ltp":3.55,"id":40096582}]}]}
{"op":"mcm","clk":"11858246433","pt":1723903771494,"mc":[{"id":"1.231818131","rc":[{"ltp":1.38,"id":40096576},{"ltp":3.6,"id":40096582}]}]}
{"op":"mcm","clk":"11858266094","pt":1723903831427,"mc":[{"id":"1.231818131","rc":[{"ltp":1.36,"id":40096576},{"ltp":3.75,"id":40096582}]}]}
{"op":"mcm","clk":"11858286414","pt":1723903891448,"mc":[{"id":"1.231818131","rc":[{"ltp":1.33,"id":40096576},{"ltp":3.9,"id":40096582}]}]}
{"op":"mcm","clk":"11858307108","pt":1723903951468,"mc":[{"id":"1.231818131","rc":[{"ltp":1.4,"id":40096576},{"ltp":3.5,"id":40096582}]}]}
{"op":"mcm","clk":"11858326948","pt":1723904011303,"mc":[{"id":"1.231818131","rc":[{"ltp":1.39,"id":40096576},{"ltp":3.55,"id":40096582}]}]}
{"op":"mcm","clk":"11858346659","pt":1723904071446,"mc":[{"id":"1.231818131","rc":[{"ltp":1.44,"id":40096576},{"ltp":3.35,"id":40096582}]}]}
{"op":"mcm","clk":"11858366200","pt":1723904131492,"mc":[{"id":"1.231818131","rc":[{"ltp":1.35,"id":40096576},{"ltp":3.85,"id":40096582}]}]}
{"op":"mcm","clk":"11858387422","pt":1723904191281,"mc":[{"id":"1.231818131","rc":[{"ltp":1.36,"id":40096576},{"ltp":3.75,"id":40096582}]}]}
{"op":"mcm","clk":"11858408900","pt":1723904251421,"mc":[{"id":"1.231818131","rc":[{"ltp":1.48,"id":40096576},{"ltp":3.05,"id":40096582}]}]}
{"op":"mcm","clk":"11858430097","pt":1723904311381,"mc":[{"id":"1.231818131","rc":[{"ltp":1.55,"id":40096576},{"ltp":2.8,"id":40096582}]}]}
{"op":"mcm","clk":"11858450525","pt":1723904371444,"mc":[{"id":"1.231818131","rc":[{"ltp":1.48,"id":40096576},{"ltp":3.05,"id":40096582}]}]}
{"op":"mcm","clk":"11858471585","pt":1723904431464,"mc":[{"id":"1.231818131","rc":[{"ltp":1.47,"id":40096576},{"ltp":3.15,"id":40096582}]}]}
{"op":"mcm","clk":"11858492301","pt":1723904491279,"mc":[{"id":"1.231818131","rc":[{"ltp":1.54,"id":40096576},{"ltp":2.8,"id":40096582}]}]}
{"op":"mcm","clk":"11858512594","pt":1723904551445,"mc":[{"id":"1.231818131","rc":[{"ltp":1.4,"id":40096576},{"ltp":3.4,"id":40096582}]}]}
{"op":"mcm","clk":"11858533498","pt":1723904611482,"mc":[{"id":"1.231818131","rc":[{"ltp":1.34,"id":40096576},{"ltp":3.85,"id":40096582}]}]}
{"op":"mcm","clk":"11858554270","pt":1723904671323,"mc":[{"id":"1.231818131","rc":[{"ltp":1.42,"id":40096576},{"ltp":3.35,"id":40096582}]}]}
{"op":"mcm","clk":"11858576259","pt":1723904731504,"mc":[{"id":"1.231818131","rc":[{"ltp":3.4,"id":40096582}]}]}
{"op":"mcm","clk":"11858596617","pt":1723904791477,"mc":[{"id":"1.231818131","rc":[{"ltp":1.37,"id":40096576},{"ltp":3.7,"id":40096582}]}]}
{"op":"mcm","clk":"11858616162","pt":1723904851419,"mc":[{"id":"1.231818131","rc":[{"ltp":1.36,"id":40096576},{"ltp":3.85,"id":40096582}]}]}
{"op":"mcm","clk":"11858635783","pt":1723904911499,"mc":[{"id":"1.231818131","rc":[{"ltp":1.34,"id":40096576},{"ltp":3.9,"id":40096582}]}]}
{"op":"mcm","clk":"11858655679","pt":1723904971408,"mc":[{"id":"1.231818131","rc":[{"ltp":1.33,"id":40096576}]}]}
{"op":"mcm","clk":"11858676244","pt":1723905031384,"mc":[{"id":"1.231818131","rc":[{"ltp":1.34,"id":40096576}]}]}
{"op":"mcm","clk":"11858695393","pt":1723905091051,"mc":[{"id":"1.231818131","rc":[{"ltp":1.33,"id":40096576}]}]}
{"op":"mcm","clk":"11858715264","pt":1723905151379,"mc":[{"id":"1.231818131","rc":[{"ltp":1.34,"id":40096576}]}]}
{"op":"mcm","clk":"11858734439","pt":1723905211431,"mc":[{"id":"1.231818131","rc":[{"ltp":1.36,"id":40096576},{"ltp":3.8,"id":40096582}]}]}
{"op":"mcm","clk":"11858753308","pt":1723905271506,"mc":[{"id":"1.231818131","rc":[{"ltp":1.35,"id":40096576},{"ltp":3.85,"id":40096582}]}]}
{"op":"mcm","clk":"11858792103","pt":1723905391114,"mc":[{"id":"1.231818131","rc":[{"ltp":1.34,"id":40096576}]}]}
{"op":"mcm","clk":"11858811534","pt":1723905450922,"mc":[{"id":"1.231818131","rc":[{"ltp":1.35,"id":40096576}]}]}
{"op":"mcm","clk":"11858831724","pt":1723905511490,"mc":[{"id":"1.231818131","rc":[{"ltp":1.33,"id":40096576},{"ltp":3.9,"id":40096582}]}]}
{"op":"mcm","clk":"11858851464","pt":1723905571298,"mc":[{"id":"1.231818131","rc":[{"ltp":1.34,"id":40096576}]}]}
{"op":"mcm","clk":"11858871761","pt":1723905631319,"mc":[{"id":"1.231818131","rc":[{"ltp":1.35,"id":40096576}]}]}
{"op":"mcm","clk":"11858892150","pt":1723905691466,"mc":[{"id":"1.231818131","rc":[{"ltp":1.34,"id":40096576},{"ltp":3.85,"id":40096582}]}]}
{"op":"mcm","clk":"11858913185","pt":1723905751215,"mc":[{"id":"1.231818131","rc":[{"ltp":1.33,"id":40096576},{"ltp":4.0,"id":40096582}]}]}
{"op":"mcm","clk":"11858949489","pt":1723905811502,"mc":[{"id":"1.231818131","rc":[{"ltp":1.3,"id":40096576},{"ltp":4.4,"id":40096582}]}]}
{"op":"mcm","clk":"11858970046","pt":1723905871418,"mc":[{"id":"1.231818131","rc":[{"ltp":4.3,"id":40096582}]}]}
{"op":"mcm","clk":"11859008401","pt":1723905991491,"mc":[{"id":"1.231818131","rc":[{"ltp":1.21,"id":40096576},{"ltp":5.7,"id":40096582}]}]}
{"op":"mcm","clk":"11859027861","pt":1723906051437,"mc":[{"id":"1.231818131","rc":[{"ltp":1.24,"id":40096576},{"ltp":5.1,"id":40096582}]}]}
{"op":"mcm","clk":"11859045459","pt":1723906111428,"mc":[{"id":"1.231818131","rc":[{"ltp":1.25,"id":40096576},{"ltp":4.8,"id":40096582}]}]}
{"op":"mcm","clk":"11859062580","pt":1723906171461,"mc":[{"id":"1.231818131","rc":[{"ltp":1.24,"id":40096576},{"ltp":5.1,"id":40096582}]}]}
{"op":"mcm","clk":"11859078244","pt":1723906231452,"mc":[{"id":"1.231818131","rc":[{"ltp":1.17,"id":40096576},{"ltp":6.8,"id":40096582}]}]}
{"op":"mcm","clk":"11859091825","pt":1723906291410,"mc":[{"id":"1.231818131","rc":[{"ltp":7.8,"id":40096582}]}]}
{"op":"mcm","clk":"11859104517","pt":1723906351477,"mc":[{"id":"1.231818131","rc":[{"ltp":7.0,"id":40096582}]}]}
{"op":"mcm","clk":"11859116333","pt":1723906411435,"mc":[{"id":"1.231818131","rc":[{"ltp":1.15,"id":40096576},{"ltp":7.6,"id":40096582}]}]}
{"op":"mcm","clk":"11859127941","pt":1723906471414,"mc":[{"id":"1.231818131","rc":[{"ltp":1.16,"id":40096576},{"ltp":7.2,"id":40096582}]}]}
{"op":"mcm","clk":"11859140062","pt":1723906531493,"mc":[{"id":"1.231818131","rc":[{"ltp":1.14,"id":40096576},{"ltp":8.0,"id":40096582}]}]}
{"op":"mcm","clk":"11859151779","pt":1723906591473,"mc":[{"id":"1.231818131","rc":[{"ltp":1.15,"id":40096576},{"ltp":7.6,"id":40096582}]}]}
{"op":"mcm","clk":"11859163527","pt":1723906651391,"mc":[{"id":"1.231818131","rc":[{"ltp":1.12,"id":40096576},{"ltp":9.2,"id":40096582}]}]}
{"op":"mcm","clk":"11859175612","pt":1723906711468,"mc":[{"id":"1.231818131","rc":[{"ltp":9.6,"id":40096582}]}]}
{"op":"mcm","clk":"11859188106","pt":1723906771427,"mc":[{"id":"1.231818131","rc":[{"ltp":1.13,"id":40096576},{"ltp":8.8,"id":40096582}]}]}
{"op":"mcm","clk":"11859201591","pt":1723906831325,"mc":[{"id":"1.231818131","rc":[{"ltp":9.0,"id":40096582}]}]}
{"op":"mcm","clk":"11859215764","pt":1723906891454,"mc":[{"id":"1.231818131","rc":[{"ltp":1.23,"id":40096576},{"ltp":5.4,"id":40096582}]}]}
{"op":"mcm","clk":"11859230072","pt":1723906951452,"mc":[{"id":"1.231818131","rc":[{"ltp":1.26,"id":40096576},{"ltp":4.9,"id":40096582}]}]}
{"op":"mcm","clk":"11859245540","pt":1723907011368,"mc":[{"id":"1.231818131","rc":[{"ltp":1.27,"id":40096576},{"ltp":4.7,"id":40096582}]}]}
{"op":"mcm","clk":"11859261466","pt":1723907071433,"mc":[{"id":"1.231818131","rc":[{"ltp":1.29,"id":40096576},{"ltp":4.4,"id":40096582}]}]}
{"op":"mcm","clk":"11859314386","pt":1723907251502,"mc":[{"id":"1.231818131","rc":[{"ltp":1.31,"id":40096576},{"ltp":4.2,"id":40096582}]}]}
{"op":"mcm","clk":"11859333400","pt":1723907311503,"mc":[{"id":"1.231818131","rc":[{"ltp":1.35,"id":40096576},{"ltp":3.85,"id":40096582}]}]}
{"op":"mcm","clk":"11859353577","pt":1723907371449,"mc":[{"id":"1.231818131","rc":[{"ltp":1.52,"id":40096576},{"ltp":2.94,"id":40096582}]}]}
{"op":"mcm","clk":"11859373393","pt":1723907431428,"mc":[{"id":"1.231818131","rc":[{"ltp":1.46,"id":40096576},{"ltp":3.1,"id":40096582}]}]}
{"op":"mcm","clk":"11859393682","pt":1723907491399,"mc":[{"id":"1.231818131","rc":[{"ltp":2.96,"id":40096582}]}]}
{"op":"mcm","clk":"11859413754","pt":1723907551430,"mc":[{"id":"1.231818131","rc":[{"ltp":1.48,"id":40096576},{"ltp":3.1,"id":40096582}]}]}
{"op":"mcm","clk":"11859433436","pt":1723907611503,"mc":[{"id":"1.231818131","rc":[{"ltp":1.43,"id":40096576},{"ltp":3.35,"id":40096582}]}]}
{"op":"mcm","clk":"11859453925","pt":1723907671456,"mc":[{"id":"1.231818131","rc":[{"ltp":1.47,"id":40096576},{"ltp":3.1,"id":40096582}]}]}
{"op":"mcm","clk":"11859474294","pt":1723907731464,"mc":[{"id":"1.231818131","rc":[{"ltp":1.53,"id":40096576},{"ltp":2.88,"id":40096582}]}]}
{"op":"mcm","clk":"11859495011","pt":1723907791438,"mc":[{"id":"1.231818131","rc":[{"ltp":1.51,"id":40096576},{"ltp":2.96,"id":40096582}]}]}
{"op":"mcm","clk":"11859515604","pt":1723907851452,"mc":[{"id":"1.231818131","rc":[{"ltp":1.38,"id":40096576},{"ltp":3.6,"id":40096582}]}]}
{"op":"mcm","clk":"11859536178","pt":1723907911499,"mc":[{"id":"1.231818131","rc":[{"ltp":1.28,"id":40096576},{"ltp":4.4,"id":40096582}]}]}
{"op":"mcm","clk":"11859578278","pt":1723908031420,"mc":[{"id":"1.231818131","rc":[{"ltp":1.32,"id":40096576},{"ltp":4.1,"id":40096582}]}]}
{"op":"mcm","clk":"11859598625","pt":1723908091408,"mc":[{"id":"1.231818131","rc":[{"ltp":1.23,"id":40096576},{"ltp":5.6,"id":40096582}]}]}
{"op":"mcm","clk":"11859618801","pt":1723908151503,"mc":[{"id":"1.231818131","rc":[{"ltp":1.16,"id":40096576},{"ltp":7.2,"id":40096582}]}]}
{"op":"mcm","clk":"11859638411","pt":1723908211483,"mc":[{"id":"1.231818131","rc":[{"ltp":1.19,"id":40096576},{"ltp":6.2,"id":40096582}]}]}
{"op":"mcm","clk":"11859657646","pt":1723908271439,"mc":[{"id":"1.231818131","rc":[{"ltp":1.18,"id":40096576},{"ltp":7.0,"id":40096582}]}]}
{"op":"mcm","clk":"11859677687","pt":1723908331316,"mc":[{"id":"1.231818131","rc":[{"ltp":1.17,"id":40096576},{"ltp":6.8,"id":40096582}]}]}
{"op":"mcm","clk":"11859697509","pt":1723908391482,"mc":[{"id":"1.231818131","rc":[{"ltp":1.16,"id":40096576},{"ltp":7.2,"id":40096582}]}]}
{"op":"mcm","clk":"11859716561","pt":1723908451446,"mc":[{"id":"1.231818131","rc":[{"ltp":1.11,"id":40096576},{"ltp":10.0,"id":40096582}]}]}
{"op":"mcm","clk":"11859736602","pt":1723908511500,"mc":[{"id":"1.231818131","rc":[{"ltp":1.1,"id":40096576},{"ltp":11.5,"id":40096582}]}]}
{"op":"mcm","clk":"11859755393","pt":1723908571461,"mc":[{"id":"1.231818131","rc":[{"ltp":1.09,"id":40096576}]}]}
{"op":"mcm","clk":"11859774148","pt":1723908631376,"mc":[{"id":"1.231818131","rc":[{"ltp":12.0,"id":40096582}]}]}
{"op":"mcm","clk":"11859793132","pt":1723908691450,"mc":[{"id":"1.231818131","rc":[{"ltp":1.07,"id":40096576},{"ltp":15.5,"id":40096582}]}]}
{"op":"mcm","clk":"11859811833","pt":1723908751419,"mc":[{"id":"1.231818131","rc":[{"ltp":1.06,"id":40096576},{"ltp":18.0,"id":40096582}]}]}
{"op":"mcm","clk":"11859831513","pt":1723908811452,"mc":[{"id":"1.231818131","rc":[{"ltp":1.05,"id":40096576},{"ltp":21.0,"id":40096582}]}]}
{"op":"mcm","clk":"11859850667","pt":1723908871301,"mc":[{"id":"1.231818131","rc":[{"ltp":23.0,"id":40096582}]}]}
{"op":"mcm","clk":"11859869921","pt":1723908931479,"mc":[{"id":"1.231818131","rc":[{"ltp":1.06,"id":40096576},{"ltp":17.5,"id":40096582}]}]}
{"op":"mcm","clk":"11859889048","pt":1723908991422,"mc":[{"id":"1.231818131","rc":[{"ltp":1.02,"id":40096576},{"ltp":65.0,"id":40096582}]}]}
{"op":"mcm","clk":"11859908583","pt":1723909051387,"mc":[{"id":"1.231818131","rc":[{"ltp":1.01,"id":40096576},{"ltp":110.0,"id":40096582}]}]}
{"op":"mcm","clk":"11859927713","pt":1723909111460,"mc":[{"id":"1.231818131","rc":[{"ltp":300.0,"id":40096582}]}]}
{"op":"mcm","clk":"11859946285","pt":1723909171323,"mc":[{"id":"1.231818131","rc":[{"ltp":180.0,"id":40096582}]}]}
{"op":"mcm","clk":"11859964968","pt":1723909231457,"mc":[{"id":"1.231818131","rc":[{"ltp":300.0,"id":40096582}]}]}
{"op":"mcm","clk":"11860000992","pt":1723909351427,"mc":[{"id":"1.231818131","rc":[{"ltp":290.0,"id":40096582}]}]}
{"op":"mcm","clk":"11860019463","pt":1723909411483,"mc":[{"id":"1.231818131","rc":[{"ltp":580.0,"id":40096582}]}]}
{"op":"mcm","clk":"11860037350","pt":1723909471168,"mc":[{"id":"1.231818131","rc":[{"ltp":290.0,"id":40096582}]}]}
{"op":"mcm","clk":"11860054071","pt":1723909527156,"mc":[{"id":"1.231818131","rc":[{"ltp":610.0,"id":40096582}]}]}
{"op":"mcm","clk":"11860072160","pt":1723909589408,"mc":[{"id":"1.231818131","rc":[{"ltp":700.0,"id":40096582}]}]}
{"op":"mcm","clk":"11860089163","pt":1723909650549,"mc":[{"id":"1.231818131","rc":[{"ltp":720.0,"id":40096582}]}]}
{"op":"mcm","clk":"11860105175","pt":1723909710370,"mc":[{"id":"1.231818131","rc":[{"ltp":1000.0,"id":40096582}]}]}
{"op":"mcm","clk":"11860146347","pt":1723909880806,"mc":[{"id":"1.231818131","marketDefinition":{"bspMarket":false,"turnInPlayEnabled":true,"persistenceEnabled":true,"marketBaseRate":5.0,"eventId":"33495342","eventTypeId":"4","numberOfWinners":1,"bettingType":"ODDS","marketType":"MATCH_ODDS","marketTime":"2024-08-17T13:15:00.000Z","suspendTime":"2024-08-17T13:15:00.000Z","bspReconciled":false,"complete":true,"inPlay":true,"crossMatching":true,"runnersVoidable":false,"numberOfActiveRunners":2,"betDelay":5,"status":"SUSPENDED","runners":[{"status":"ACTIVE","sortPriority":1,"id":40096582,"name":"Oval Invincibles Women"},{"status":"ACTIVE","sortPriority":2,"id":40096576,"name":"London Spirit Women"}],"regulators":["MR_INT"],"countryCode":"GB","discountAllowed":true,"timezone":"GMT","openDate":"2024-08-17T13:15:00.000Z","version":6080480339,"name":"Match Odds","eventName":"Oval Invincibles Women v London Spirit Women"}}]}
{"op":"mcm","clk":"11860385377","pt":1723911102251,"mc":[{"id":"1.231818131","marketDefinition":{"bspMarket":false,"turnInPlayEnabled":true,"persistenceEnabled":true,"marketBaseRate":5.0,"eventId":"33495342","eventTypeId":"4","numberOfWinners":1,"bettingType":"ODDS","marketType":"MATCH_ODDS","marketTime":"2024-08-17T13:15:00.000Z","suspendTime":"2024-08-17T13:15:00.000Z","bspReconciled":false,"complete":true,"inPlay":true,"crossMatching":false,"runnersVoidable":false,"numberOfActiveRunners":0,"betDelay":5,"status":"CLOSED","settledTime":"2024-08-17T16:09:14.000Z","runners":[{"status":"LOSER","sortPriority":1,"id":40096582,"name":"Oval Invincibles Women"},{"status":"WINNER","sortPriority":2,"id":40096576,"name":"London Spirit Women"}],"regulators":["MR_INT"],"countryCode":"GB","discountAllowed":true,"timezone":"GMT","openDate":"2024-08-17T13:15:00.000Z","version":6080642805,"name":"Match Odds","eventName":"Oval Invincibles Women v London Spirit Women"}}]}
