{"op":"mcm","clk":"11836520882","pt":1723456853033,"mc":[{"id":"1.231732748","marketDefinition":{"bspMarket":false,"turnInPlayEnabled":true,"persistenceEnabled":true,"marketBaseRate":5.0,"eventId":"33488437","eventTypeId":"4","numberOfWinners":1,"bettingType":"ODDS","marketType":"MATCH_ODDS","marketTime":"2024-08-15T14:00:00.000Z","suspendTime":"2024-08-15T14:00:00.000Z","bspReconciled":false,"complete":true,"inPlay":false,"crossMatching":true,"runnersVoidable":false,"numberOfActiveRunners":2,"betDelay":0,"status":"OPEN","runners":[{"status":"ACTIVE","sortPriority":1,"id":40296819,"name":"Birmingham Phoenix W"},{"status":"ACTIVE","sortPriority":2,"id":40296818,"name":"Manchester Originals W"}],"regulators":["MR_INT"],"countryCode":"GB","discountAllowed":true,"timezone":"GMT","openDate":"2024-08-15T14:00:00.000Z","version":6071662662,"name":"Match Odds","eventName":"Birmingham Phoenix W v Manchester Originals W"}}]}
{"op":"mcm","clk":"11839961392","pt":1723535227445,"mc":[{"id":"1.231732748","rc":[{"ltp":1.86,"id":40296819}]}]}
{"op":"mcm","clk":"11839963781","pt":1723535329566,"mc":[{"id":"1.231732748","rc":[{"ltp":1.7,"id":40296818},{"ltp":1.89,"id":40296819}]}]}
{"op":"mcm","clk":"11839965271","pt":1723535421979,"mc":[{"id":"1.231732748","rc":[{"ltp":1.69,"id":40296818},{"ltp":1.86,"id":40296819}]}]}
{"op":"mcm","clk":"11841999554","pt":1723569813662,"mc":[{"id":"1.231732748","rc":[{"ltp":2.14,"id":40296818}]}]}
{"op":"mcm","clk":"11842004841","pt":1723569879528,"mc":[{"id":"1.231732748","rc":[{"ltp":2.26,"id":40296819}]}]}
{"op":"mcm","clk":"11843166487","pt":1723578470409,"mc":[{"id":"1.231732748","rc":[{"ltp":1.76,"id":40296818},{"ltp":1.82,"id":40296819}]}]}
{"op":"mcm","clk":"11843551829","pt":1723580988178,"mc":[{"id":"1.231732748","rc":[{"ltp":2.24,"id":40296818}]}]}
{"op":"mcm","clk":"11843767862","pt":1723585129076,"mc":[{"id":"1.231732748","rc":[{"ltp":1.75,"id":40296818},{"ltp":1.83,"id":40296819}]}]}
{"op":"mcm","clk":"11843769243","pt":1723585184729,"mc":[{"id":"1.231732748","rc":[{"ltp":1.81,"id":40296819}]}]}
{"op":"mcm","clk":"11847594959","pt":1723651899169,"mc":[{"id":"1.231732748","rc":[{"ltp":2.0,"id":40296818},{"ltp":2.0,"id":40296819}]}]}
{"op":"mcm","clk":"11847604191","pt":1723651966539,"mc":[{"id":"1.231732748","rc":[{"ltp":1.9,"id":40296818}]}]}
{"op":"mcm","clk":"11847885217","pt":1723654005849,"mc":[{"id":"1.231732748","rc":[{"ltp":1.85,"id":40296818}]}]}
{"op":"mcm","clk":"11848179082","pt":1723656195944,"mc":[{"id":"1.231732748","rc":[{"ltp":1.86,"id":40296818}]}]}
{"op":"mcm","clk":"11848345565","pt":1723657355757,"mc":[{"id":"1.231732748","rc":[{"ltp":1.9,"id":40296818}]}]}
{"op":"mcm","clk":"11848406622","pt":1723657729498,"mc":[{"id":"1.231732748","rc":[{"ltp":2.12,"id":40296819}]}]}
{"op":"mcm","clk":"11849359406","pt":1723666297478,"mc":[{"id":"1.231732748","rc":[{"ltp":1.88,"id":40296818}]}]}
{"op":"mcm","clk":"11849371015","pt":1723666486666,"mc":[{"id":"1.231732748","rc":[{"ltp":1.87,"id":40296818}]}]}
{"op":"mcm","clk":"11849476960","pt":1723668044106,"mc":[{"id":"1.231732748","rc":[{"ltp":1.86,"id":40296818},{"ltp":2.16,"id":40296819}]}]}
{"op":"mcm","clk":"11849525341","pt":1723668927714,"mc":[{"id":"1.231732748","rc":[{"ltp":1.85,"id":40296818}]}]}
{"op":"mcm","clk":"11849546569","pt":1723669465637,"mc":[{"id":"1.231732748","rc":[{"ltp":1.86,"id":40296818}]}]}
{"op":"mcm","clk":"11849552988","pt":1723669623301,"mc":[{"id":"1.231732748","rc":[{"ltp":2.14,"id":40296819}]}]}
{"op":"mcm","clk":"11849607920","pt":1723670806533,"mc":[{"id":"1.231732748","rc":[{"ltp":1.85,"id":40296818}]}]}
{"op":"mcm","clk":"11849638979","pt":1723671555994,"mc":[{"id":"1.231732748","rc":[{"ltp":1.84,"id":40296818}]}]}
{"op":"mcm","clk":"11849746364","pt":1723673987993,"mc":[{"id":"1.231732748","rc":[{"ltp":1.83,"id":40296818}]}]}
{"op":"mcm","clk":"11849894511","pt":1723677700147,"mc":[{"id":"1.231732748","rc":[{"ltp":2.22,"id":40296819}]}]}
{"op":"mcm","clk":"11849921003","pt":1723678239133,"mc":[{"id":"1.231732748","rc":[{"ltp":1.8,"id":40296818}]}]}
{"op":"mcm","clk":"11849924387","pt":1723678327237,"mc":[{"id":"1.231732748","rc":[{"ltp":1.82,"id":40296818}]}]}
{"op":"mcm","clk":"11849962805","pt":1723679356659,"mc":[{"id":"1.231732748","rc":[{"ltp":1.83,"id":40296818}]}]}
{"op":"mcm","clk":"11849990290","pt":1723680459751,"mc":[{"id":"1.231732748","rc":[{"ltp":1.82,"id":40296818}]}]}
{"op":"mcm","clk":"11850024849","pt":1723681464916,"mc":[{"id":"1.231732748","rc":[{"ltp":1.83,"id":40296818}]}]}
{"op":"mcm","clk":"11850137558","pt":1723684706547,"mc":[{"id":"1.231732748","rc":[{"ltp":1.84,"id":40296818}]}]}
{"op":"mcm","clk":"11850210036","pt":1723686276222,"mc":[{"id":"1.231732748","rc":[{"ltp":2.2,"id":40296819}]}]}
{"op":"mcm","clk":"11850222264","pt":1723686565693,"mc":[{"id":"1.231732748","rc":[{"ltp":1.86,"id":40296818},{"ltp":2.16,"id":40296819}]}]}
{"op":"mcm","clk":"11850228157","pt":1723686691363,"mc":[{"id":"1.231732748","rc":[{"ltp":1.87,"id":40296818}]}]}
{"op":"mcm","clk":"11850231522","pt":1723686763528,"mc":[{"id":"1.231732748","rc":[{"ltp":1.81,"id":40296818},{"ltp":2.18,"id":40296819}]}]}
{"op":"mcm","clk":"11850277584","pt":1723687910947,"mc":[{"id":"1.231732748","rc":[{"ltp":1.87,"id":40296818}]}]}
{"op":"mcm","clk":"11850430765","pt":1723692211741,"mc":[{"id":"1.231732748","rc":[{"ltp":1.83,"id":40296818}]}]}
{"op":"mcm","clk":"11850432386","pt":1723692268328,"mc":[{"id":"1.231732748","rc":[{"ltp":1.85,"id":40296818}]}]}
{"op":"mcm","clk":"11850472354","pt":1723693564515,"mc":[{"id":"1.231732748","rc":[{"ltp":1.84,"id":40296818}]}]}
{"op":"mcm","clk":"11850528949","pt":1723695464765,"mc":[{"id":"1.231732748","rc":[{"ltp":1.83,"id":40296818}]}]}
{"op":"mcm","clk":"11850542327","pt":1723695889330,"mc":[{"id":"1.231732748","rc":[{"ltp":1.84,"id":40296818}]}]}
{"op":"mcm","clk":"11850673154","pt":1723699951839,"mc":[{"id":"1.231732748","rc":[{"ltp":1.85,"id":40296818}]}]}
{"op":"mcm","clk":"11850740873","pt":1723701975938,"mc":[{"id":"1.231732748","rc":[{"ltp":1.84,"id":40296818}]}]}
{"op":"mcm","clk":"11850762724","pt":1723702468537,"mc":[{"id":"1.231732748","rc":[{"ltp":2.16,"id":40296819}]}]}
{"op":"mcm","clk":"11850800262","pt":1723703678057,"mc":[{"id":"1.231732748","rc":[{"ltp":2.18,"id":40296819}]}]}
{"op":"mcm","clk":"11850989235","pt":1723708849998,"mc":[{"id":"1.231732748","rc":[{"ltp":1.83,"id":40296818},{"ltp":2.2,"id":40296819}]}]}
{"op":"mcm","clk":"11850995918","pt":1723709021715,"mc":[{"id":"1.231732748","rc":[{"ltp":1.82,"id":40296818}]}]}
{"op":"mcm","clk":"11851000489","pt":1723709143701,"mc":[{"id":"1.231732748","rc":[{"ltp":1.83,"id":40296818}]}]}
{"op":"mcm","clk":"11851033553","pt":1723710048127,"mc":[{"id":"1.231732748","rc":[{"ltp":1.84,"id":40296818}]}]}
{"op":"mcm","clk":"11851089601","pt":1723711550111,"mc":[{"id":"1.231732748","rc":[{"ltp":1.86,"id":40296818},{"ltp":2.18,"id":40296819}]}]}
{"op":"mcm","clk":"11851116793","pt":1723712217093,"mc":[{"id":"1.231732748","rc":[{"ltp":2.16,"id":40296819}]}]}
{"op":"mcm","clk":"11851126325","pt":1723712424354,"mc":[{"id":"1.231732748","rc":[{"ltp":1.85,"id":40296818}]}]}
{"op":"mcm","clk":"11851181931","pt":1723713228527,"mc":[{"id":"1.231732748","rc":[{"ltp":1.84,"id":40296818},{"ltp":2.18,"id":40296819}]}]}
{"op":"mcm","clk":"11851184577","pt":1723713286413,"mc":[{"id":"1.231732748","rc":[{"ltp":1.86,"id":40296818}]}]}
{"op":"mcm","clk":"11851187579","pt":1723713349590,"mc":[{"id":"1.231732748","rc":[{"ltp":1.84,"id":40296818}]}]}
{"op":"mcm","clk":"11851214444","pt":1723713889743,"mc":[{"id":"1.231732748","rc":[{"ltp":1.85,"id":40296818}]}]}
{"op":"mcm","clk":"11851218802","pt":1723713965046,"mc":[{"id":"1.231732748","rc":[{"ltp":2.16,"id":40296819}]}]}
{"op":"mcm","clk":"11851245256","pt":1723714370321,"mc":[{"id":"1.231732748","rc":[{"ltp":2.18,"id":40296819}]}]}
{"op":"mcm","clk":"11851259646","pt":1723714608999,"mc":[{"id":"1.231732748","rc":[{"ltp":1.86,"id":40296818}]}]}
{"op":"mcm","clk":"11851297379","pt":1723715264131,"mc":[{"id":"1.231732748","rc":[{"ltp":2.16,"id":40296819}]}]}
{"op":"mcm","clk":"11851305814","pt":1723715420434,"mc":[{"id":"1.231732748","rc":[{"ltp":1.85,"id":40296818}]}]}
{"op":"mcm","clk":"11851315091","pt":1723715630443,"mc":[{"id":"1.231732748","rc":[{"ltp":1.86,"id":40296818}]}]}
{"op":"mcm","clk":"11851593856","pt":1723720484903,"mc":[{"id":"1.231732748","rc":[{"ltp":1.87,"id":40296818}]}]}
{"op":"mcm","clk":"11851601413","pt":1723720620612,"mc":[{"id":"1.231732748","rc":[{"ltp":1.86,"id":40296818}]}]}
{"op":"mcm","clk":"11851608150","pt":1723720730595,"mc":[{"id":"1.231732748","rc":[{"ltp":1.87,"id":40296818}]}]}
{"op":"mcm","clk":"11851629465","pt":1723721083229,"mc":[{"id":"1.231732748","rc":[{"ltp":1.86,"id":40296818}]}]}
{"op":"mcm","clk":"11851670914","pt":1723721777941,"mc":[{"id":"1.231732748","rc":[{"ltp":2.14,"id":40296819}]}]}
{"op":"mcm","clk":"11851751894","pt":1723723185477,"mc":[{"id":"1.231732748","rc":[{"ltp":1.87,"id":40296818}]}]}
{"op":"mcm","clk":"11851754265","pt":1723723227850,"mc":[{"id":"1.231732748","rc":[{"ltp":1.86,"id":40296818}]}]}
{"op":"mcm","clk":"11851756219","pt":1723723264478,"mc":[{"id":"1.231732748","rc":[{"ltp":1.87,"id":40296818}]}]}
{"op":"mcm","clk":"11851764644","pt":1723723412538,"mc":[{"id":"1.231732748","rc":[{"ltp":1.86,"id":40296818}]}]}
{"op":"mcm","clk":"11851824601","pt":1723724329152,"mc":[{"id":"1.231732748","rc":[{"ltp":2.16,"id":40296819}]}]}
{"op":"mcm","clk":"11851826740","pt":1723724365412,"mc":[{"id":"1.231732748","rc":[{"ltp":2.14,"id":40296819}]}]}
{"op":"mcm","clk":"11851859584","pt":1723724989815,"mc":[{"id":"1.231732748","rc":[{"ltp":2.16,"id":40296819}]}]}
{"op":"mcm","clk":"11851862591","pt":1723725033649,"mc":[{"id":"1.231732748","rc":[{"ltp":2.14,"id":40296819}]}]}
{"op":"mcm","clk":"11851866899","pt":1723725104033,"mc":[{"id":"1.231732748","rc":[{"ltp":1.87,"id":40296818}]}]}
{"op":"mcm","clk":"11851881683","pt":1723725349163,"mc":[{"id":"1.231732748","rc":[{"ltp":1.86,"id":40296818}]}]}
{"op":"mcm","clk":"11851888501","pt":1723725470875,"mc":[{"id":"1.231732748","rc":[{"ltp":1.87,"id":40296818}]}]}
{"op":"mcm","clk":"11851891528","pt":1723725526153,"mc":[{"id":"1.231732748","rc":[{"ltp":1.86,"id":40296818}]}]}
{"op":"mcm","clk":"11851895692","pt":1723725604408,"mc":[{"id":"1.231732748","rc":[{"ltp":1.87,"id":40296818}]}]}
{"op":"mcm","clk":"11851901525","pt":1723725710630,"mc":[{"id":"1.231732748","rc":[{"ltp":2.16,"id":40296819}]}]}
{"op":"mcm","clk":"11851908151","pt":1723725815869,"mc":[{"id":"1.231732748","rc":[{"ltp":2.14,"id":40296819}]}]}
{"op":"mcm","clk":"11851924503","pt":1723726069872,"mc":[{"id":"1.231732748","rc":[{"ltp":1.86,"id":40296818}]}]}
{"op":"mcm","clk":"11851934115","pt":1723726243111,"mc":[{"id":"1.231732748","rc":[{"ltp":1.87,"id":40296818},{"ltp":2.12,"id":40296819}]}]}
{"op":"mcm","clk":"11851946114","pt":1723726490982,"mc":[{"id":"1.231732748","rc":[{"ltp":2.14,"id":40296819}]}]}
{"op":"mcm","clk":"11851965474","pt":1723726840447,"mc":[{"id":"1.231732748","rc":[{"ltp":1.88,"id":40296818}]}]}
{"op":"mcm","clk":"11851972998","pt":1723726962086,"mc":[{"id":"1.231732748","rc":[{"ltp":1.87,"id":40296818}]}]}
{"op":"mcm","clk":"11851991698","pt":1723727255896,"mc":[{"id":"1.231732748","rc":[{"ltp":2.12,"id":40296819}]}]}
{"op":"mcm","clk":"11852027767","pt":1723727810076,"mc":[{"id":"1.231732748","rc":[{"ltp":1.88,"id":40296818}]}]}
{"op":"mcm","clk":"11852035757","pt":1723727930445,"mc":[{"id":"1.231732748","rc":[{"ltp":1.9,"id":40296818}]}]}
{"op":"mcm","clk":"11852039883","pt":1723727990900,"mc":[{"id":"1.231732748","rc":[{"ltp":2.08,"id":40296819}]}]}
{"op":"mcm","clk":"11852043774","pt":1723728047919,"mc":[{"id":"1.231732748","rc":[{"ltp":1.91,"id":40296818}]}]}
{"op":"mcm","clk":"11852051946","pt":1723728168690,"mc":[{"id":"1.231732748","rc":[{"ltp":1.95,"id":40296818},{"ltp":2.06,"id":40296819}]}]}
{"op":"mcm","clk":"11852055761","pt":1723728226614,"mc":[{"id":"1.231732748","rc":[{"ltp":1.94,"id":40296818}]}]}
{"op":"mcm","clk":"11852067144","pt":1723728410936,"mc":[{"id":"1.231732748","rc":[{"ltp":1.96,"id":40296818}]}]}
{"op":"mcm","clk":"11852070636","pt":1723728468091,"mc":[{"id":"1.231732748","rc":[{"ltp":1.94,"id":40296818},{"ltp":2.02,"id":40296819}]}]}
{"op":"mcm","clk":"11852074082","pt":1723728529576,"mc":[{"id":"1.231732748","rc":[{"ltp":1.96,"id":40296818},{"ltp":2.0,"id":40296819}]}]}
{"op":"mcm","clk":"11852077542","pt":1723728589187,"mc":[{"id":"1.231732748","rc":[{"ltp":1.98,"id":40296818}]}]}
{"op":"mcm","clk":"11852081377","pt":1723728649258,"mc":[{"id":"1.231732748","rc":[{"ltp":2.06,"id":40296818},{"ltp":1.93,"id":40296819}]}]}
{"op":"mcm","clk":"11852085068","pt":1723728710793,"mc":[{"id":"1.231732748","rc":[{"ltp":2.14,"id":40296818},{"ltp":1.87,"id":40296819}]}]}
{"op":"mcm","clk":"11852089028","pt":1723728771006,"mc":[{"id":"1.231732748","rc":[{"ltp":2.0,"id":40296818},{"ltp":2.02,"id":40296819}]}]}
{"op":"mcm","clk":"11852092477","pt":1723728830244,"mc":[{"id":"1.231732748","rc":[{"ltp":1.96,"id":40296818},{"ltp":2.06,"id":40296819}]}]}
{"op":"mcm","clk":"11852096078","pt":1723728890354,"mc":[{"id":"1.231732748","rc":[{"ltp":2.04,"id":40296818},{"ltp":1.93,"id":40296819}]}]}
{"op":"mcm","clk":"11852099823","pt":1723728950305,"mc":[{"id":"1.231732748","rc":[{"ltp":2.14,"id":40296818},{"ltp":1.88,"id":40296819}]}]}
{"op":"mcm","clk":"11852103610","pt":1723729009178,"mc":[{"id":"1.231732748","rc":[{"ltp":2.12,"id":40296818},{"ltp":1.9,"id":40296819}]}]}
{"op":"mcm","clk":"11852107933","pt":1723729070894,"mc":[{"id":"1.231732748","rc":[{"ltp":2.08,"id":40296818},{"ltp":1.93,"id":40296819}]}]}
{"op":"mcm","clk":"11852111893","pt":1723729128239,"mc":[{"id":"1.231732748","rc":[{"ltp":1.92,"id":40296819}]}]}
{"op":"mcm","clk":"11852116231","pt":1723729190677,"mc":[{"id":"1.231732748","rc":[{"ltp":2.12,"id":40296818},{"ltp":1.89,"id":40296819}]}]}
{"op":"mcm","clk":"11852120947","pt":1723729250932,"mc":[{"id":"1.231732748","rc":[{"ltp":2.1,"id":40296818},{"ltp":1.91,"id":40296819}]}]}
{"op":"mcm","clk":"11852125048","pt":1723729310938,"mc":[{"id":"1.231732748","rc":[{"ltp":2.04,"id":40296818},{"ltp":1.96,"id":40296819}]}]}
{"op":"mcm","clk":"11852128968","pt":1723729370968,"mc":[{"id":"1.231732748","rc":[{"ltp":2.06,"id":40296818},{"ltp":1.94,"id":40296819}]}]}
{"op":"mcm","clk":"11852141858","pt":1723729430793,"mc":[{"id":"1.231732748","rc":[{"ltp":1.93,"id":40296819}]}]}
{"op":"mcm","clk":"11852146023","pt":1723729490913,"mc":[{"id":"1.231732748","rc":[{"ltp":1.94,"id":40296819}]}]}
{"op":"mcm","clk":"11852159641","pt":1723729670960,"mc":[{"id":"1.231732748","rc":[{"ltp":2.04,"id":40296818},{"ltp":1.95,"id":40296819}]}]}
{"op":"mcm","clk":"11852164065","pt":1723729730932,"mc":[{"id":"1.231732748","rc":[{"ltp":1.91,"id":40296818},{"ltp":2.1,"id":40296819}]}]}
{"op":"mcm","clk":"11852168467","pt":1723729790840,"mc":[{"id":"1.231732748","rc":[{"ltp":1.98,"id":40296818},{"ltp":2.02,"id":40296819}]}]}
{"op":"mcm","clk":"11852172410","pt":1723729850894,"mc":[{"id":"1.231732748","rc":[{"ltp":2.02,"id":40296818},{"ltp":1.98,"id":40296819}]}]}
{"op":"mcm","clk":"11852179510","pt":1723729970258,"mc":[{"id":"1.231732748","rc":[{"ltp":2.0,"id":40296818}]}]}
{"op":"mcm","clk":"11852183257","pt":1723730030832,"mc":[{"id":"1.231732748","rc":[{"ltp":2.02,"id":40296818},{"ltp":1.97,"id":40296819}]}]}
{"op":"mcm","clk":"11852186875","pt":1723730090841,"mc":[{"id":"1.231732748","rc":[{"ltp":2.0,"id":40296818},{"ltp":1.98,"id":40296819}]}]}
{"op":"mcm","clk":"11852190765","pt":1723730150320,"mc":[{"id":"1.231732748","rc":[{"ltp":2.02,"id":40296818},{"ltp":1.97,"id":40296819}]}]}
{"op":"mcm","clk":"11852194681","pt":1723730210867,"mc":[{"id":"1.231732748","rc":[{"ltp":2.0,"id":40296818},{"ltp":2.0,"id":40296819}]}]}
{"op":"mcm","clk":"11852203600","pt":1723730330605,"mc":[{"id":"1.231732748","rc":[{"ltp":1.99,"id":40296819}]}]}
{"op":"mcm","clk":"11852207762","pt":1723730390783,"mc":[{"id":"1.231732748","rc":[{"ltp":2.0,"id":40296819}]}]}
{"op":"mcm","clk":"11852212403","pt":1723730450998,"mc":[{"id":"1.231732748","marketDefinition":{"bspMarket":false,"turnInPlayEnabled":true,"persistenceEnabled":true,"marketBaseRate":5.0,"eventId":"33488437","eventTypeId":"4","numberOfWinners":1,"bettingType":"ODDS","marketType":"MATCH_ODDS","marketTime":"2024-08-15T14:00:00.000Z","suspendTime":"2024-08-15T14:00:00.000Z","bspReconciled":false,"complete":true,"inPlay":true,"crossMatching":true,"runnersVoidable":false,"numberOfActiveRunners":2,"betDelay":5,"status":"OPEN","runners":[{"status":"ACTIVE","sortPriority":1,"id":40296819,"name":"Birmingham Phoenix W"},{"status":"ACTIVE","sortPriority":2,"id":40296818,"name":"Manchester Originals W"}],"regulators":["MR_INT"],"countryCode":"GB","discountAllowed":true,"timezone":"GMT","openDate":"2024-08-15T14:00:00.000Z","version":6075569680,"name":"Match Odds","eventName":"Birmingham Phoenix W v Manchester Originals W"},"rc":[{"ltp":1.96,"id":40296818},{"ltp":2.04,"id":40296819}]}]}
{"op":"mcm","clk":"11852217035","pt":1723730510824,"mc":[{"id":"1.231732748","rc":[{"ltp":2.06,"id":40296818},{"ltp":1.93,"id":40296819}]}]}
{"op":"mcm","clk":"11852222890","pt":1723730570978,"mc":[{"id":"1.231732748","rc":[{"ltp":2.2,"id":40296818},{"ltp":1.82,"id":40296819}]}]}
{"op":"mcm","clk":"11852227345","pt":1723730630847,"mc":[{"id":"1.231732748","rc":[{"ltp":2.34,"id":40296818},{"ltp":1.74,"id":40296819}]}]}
{"op":"mcm","clk":"11852231999","pt":1723730690950,"mc":[{"id":"1.231732748","rc":[{"ltp":2.4,"id":40296818},{"ltp":1.72,"id":40296819}]}]}
{"op":"mcm","clk":"11852236479","pt":1723730751014,"mc":[{"id":"1.231732748","rc":[{"ltp":1.71,"id":40296819}]}]}
{"op":"mcm","clk":"11852240638","pt":1723730810922,"mc":[{"id":"1.231732748","rc":[{"ltp":2.36,"id":40296818},{"ltp":1.73,"id":40296819}]}]}
{"op":"mcm","clk":"11852244784","pt":1723730870963,"mc":[{"id":"1.231732748","rc":[{"ltp":2.58,"id":40296818},{"ltp":1.64,"id":40296819}]}]}
{"op":"mcm","clk":"11852248542","pt":1723730930937,"mc":[{"id":"1.231732748","rc":[{"ltp":2.48,"id":40296818},{"ltp":1.69,"id":40296819}]}]}
{"op":"mcm","clk":"11852252403","pt":1723730990892,"mc":[{"id":"1.231732748","rc":[{"ltp":2.28,"id":40296818},{"ltp":1.79,"id":40296819}]}]}
{"op":"mcm","clk":"11852256449","pt":1723731051003,"mc":[{"id":"1.231732748","rc":[{"ltp":2.4,"id":40296818},{"ltp":1.69,"id":40296819}]}]}
{"op":"mcm","clk":"11852260462","pt":1723731110974,"mc":[{"id":"1.231732748","rc":[{"ltp":2.38,"id":40296818},{"ltp":1.74,"id":40296819}]}]}
{"op":"mcm","clk":"11852264609","pt":1723731170938,"mc":[{"id":"1.231732748","rc":[{"ltp":2.36,"id":40296818},{"ltp":1.73,"id":40296819}]}]}
{"op":"mcm","clk":"11852268823","pt":1723731230949,"mc":[{"id":"1.231732748","rc":[{"ltp":2.04,"id":40296818},{"ltp":1.97,"id":40296819}]}]}
{"op":"mcm","clk":"11852273009","pt":1723731291020,"mc":[{"id":"1.231732748","rc":[{"ltp":2.0,"id":40296818},{"ltp":2.0,"id":40296819}]}]}
{"op":"mcm","clk":"11852277798","pt":1723731351006,"mc":[{"id":"1.231732748","rc":[{"ltp":1.95,"id":40296818},{"ltp":2.06,"id":40296819}]}]}
{"op":"mcm","clk":"11852282525","pt":1723731410953,"mc":[{"id":"1.231732748","rc":[{"ltp":1.94,"id":40296818},{"ltp":2.04,"id":40296819}]}]}
{"op":"mcm","clk":"11852287194","pt":1723731470935,"mc":[{"id":"1.231732748","rc":[{"ltp":2.04,"id":40296818},{"ltp":1.97,"id":40296819}]}]}
{"op":"mcm","clk":"11852292229","pt":1723731531020,"mc":[{"id":"1.231732748","rc":[{"ltp":2.16,"id":40296818},{"ltp":1.83,"id":40296819}]}]}
{"op":"mcm","clk":"11852296499","pt":1723731590986,"mc":[{"id":"1.231732748","rc":[{"ltp":2.34,"id":40296818},{"ltp":1.73,"id":40296819}]}]}
{"op":"mcm","clk":"11852300814","pt":1723731650936,"mc":[{"id":"1.231732748","rc":[{"ltp":2.42,"id":40296818},{"ltp":1.7,"id":40296819}]}]}
{"op":"mcm","clk":"11852304995","pt":1723731711001,"mc":[{"id":"1.231732748","rc":[{"ltp":2.36,"id":40296818},{"ltp":1.72,"id":40296819}]}]}
{"op":"mcm","clk":"11852309229","pt":1723731770892,"mc":[{"id":"1.231732748","rc":[{"ltp":2.32,"id":40296818},{"ltp":1.76,"id":40296819}]}]}
{"op":"mcm","clk":"11852313950","pt":1723731830650,"mc":[{"id":"1.231732748","rc":[{"ltp":2.26,"id":40296818},{"ltp":1.8,"id":40296819}]}]}
{"op":"mcm","clk":"11852319109","pt":1723731891015,"mc":[{"id":"1.231732748","rc":[{"ltp":2.34,"id":40296818},{"ltp":1.74,"id":40296819}]}]}
{"op":"mcm","clk":"11852324044","pt":1723731950994,"mc":[{"id":"1.231732748","rc":[{"ltp":2.24,"id":40296818},{"ltp":1.81,"id":40296819}]}]}
{"op":"mcm","clk":"11852328142","pt":1723732011006,"mc":[{"id":"1.231732748","rc":[{"ltp":2.3,"id":40296818},{"ltp":1.76,"id":40296819}]}]}
{"op":"mcm","clk":"11852332478","pt":1723732070946,"mc":[{"id":"1.231732748","rc":[{"ltp":2.34,"id":40296818},{"ltp":1.73,"id":40296819}]}]}
{"op":"mcm","clk":"11852336937","pt":1723732131008,"mc":[{"id":"1.231732748","rc":[{"ltp":2.4,"id":40296818},{"ltp":1.7,"id":40296819}]}]}
{"op":"mcm","clk":"11852341494","pt":1723732190979,"mc":[{"id":"1.231732748","rc":[{"ltp":2.02,"id":40296818},{"ltp":1.85,"id":40296819}]}]}
{"op":"mcm","clk":"11852346456","pt":1723732250970,"mc":[{"id":"1.231732748","rc":[{"ltp":2.2,"id":40296818},{"ltp":1.81,"id":40296819}]}]}
{"op":"mcm","clk":"11852351294","pt":1723732311014,"mc":[{"id":"1.231732748","rc":[{"ltp":2.26,"id":40296818},{"ltp":1.79,"id":40296819}]}]}
{"op":"mcm","clk":"11852355947","pt":1723732370996,"mc":[{"id":"1.231732748","rc":[{"ltp":2.16,"id":40296818},{"ltp":1.86,"id":40296819}]}]}
{"op":"mcm","clk":"11852361174","pt":1723732430997,"mc":[{"id":"1.231732748","rc":[{"ltp":2.18,"id":40296818},{"ltp":1.84,"id":40296819}]}]}
{"op":"mcm","clk":"11852366542","pt":1723732490964,"mc":[{"id":"1.231732748","rc":[{"ltp":1.86,"id":40296819}]}]}
{"op":"mcm","clk":"11852371769","pt":1723732550991,"mc":[{"id":"1.231732748","rc":[{"ltp":2.06,"id":40296818},{"ltp":1.93,"id":40296819}]}]}
{"op":"mcm","clk":"11852376699","pt":1723732610947,"mc":[{"id":"1.231732748","rc":[{"ltp":2.1,"id":40296818},{"ltp":1.9,"id":40296819}]}]}
{"op":"mcm","clk":"11852381442","pt":1723732670889,"mc":[{"id":"1.231732748","rc":[{"ltp":2.12,"id":40296818},{"ltp":1.89,"id":40296819}]}]}
{"op":"mcm","clk":"11852385736","pt":1723732730851,"mc":[{"id":"1.231732748","rc":[{"ltp":1.91,"id":40296819}]}]}
{"op":"mcm","clk":"11852389977","pt":1723732790834,"mc":[{"id":"1.231732748","rc":[{"ltp":2.08,"id":40296818},{"ltp":1.92,"id":40296819}]}]}
{"op":"mcm","clk":"11852394432","pt":1723732850884,"mc":[{"id":"1.231732748","rc":[{"ltp":2.2,"id":40296818},{"ltp":1.82,"id":40296819}]}]}
{"op":"mcm","clk":"11852398462","pt":1723732910856,"mc":[{"id":"1.231732748","rc":[{"ltp":2.22,"id":40296818},{"ltp":1.84,"id":40296819}]}]}
{"op":"mcm","clk":"11852402728","pt":1723732970924,"mc":[{"id":"1.231732748","rc":[{"ltp":2.5,"id":40296818},{"ltp":1.66,"id":40296819}]}]}
{"op":"mcm","clk":"11852407073","pt":1723733030994,"mc":[{"id":"1.231732748","rc":[{"ltp":2.88,"id":40296818},{"ltp":1.53,"id":40296819}]}]}
{"op":"mcm","clk":"11852411060","pt":1723733091007,"mc":[{"id":"1.231732748","rc":[{"ltp":3.5,"id":40296818},{"ltp":1.4,"id":40296819}]}]}
{"op":"mcm","clk":"11852415393","pt":1723733150989,"mc":[{"id":"1.231732748","rc":[{"ltp":3.6,"id":40296818},{"ltp":1.39,"id":40296819}]}]}
{"op":"mcm","clk":"11852419408","pt":1723733210975,"mc":[{"id":"1.231732748","rc":[{"ltp":3.65,"id":40296818},{"ltp":1.38,"id":40296819}]}]}
{"op":"mcm","clk":"11852423753","pt":1723733270952,"mc":[{"id":"1.231732748","rc":[{"ltp":3.5,"id":40296818},{"ltp":1.4,"id":40296819}]}]}
{"op":"mcm","clk":"11852428240","pt":1723733330920,"mc":[{"id":"1.231732748","rc":[{"ltp":3.9,"id":40296818},{"ltp":1.34,"id":40296819}]}]}
{"op":"mcm","clk":"11852432769","pt":1723733390992,"mc":[{"id":"1.231732748","rc":[{"ltp":4.0,"id":40296818}]}]}
{"op":"mcm","clk":"11852437177","pt":1723733451002,"mc":[{"id":"1.231732748","rc":[{"ltp":1.33,"id":40296819}]}]}
{"op":"mcm","clk":"11852441438","pt":1723733510865,"mc":[{"id":"1.231732748","rc":[{"ltp":4.1,"id":40296818},{"ltp":1.32,"id":40296819}]}]}
{"op":"mcm","clk":"11852445998","pt":1723733570955,"mc":[{"id":"1.231732748","rc":[{"ltp":4.0,"id":40296818},{"ltp":1.33,"id":40296819}]}]}
{"op":"mcm","clk":"11852450387","pt":1723733630827,"mc":[{"id":"1.231732748","rc":[{"ltp":4.2,"id":40296818},{"ltp":1.32,"id":40296819}]}]}
{"op":"mcm","clk":"11852454628","pt":1723733690411,"mc":[{"id":"1.231732748","rc":[{"ltp":4.0,"id":40296818}]}]}
{"op":"mcm","clk":"11852458895","pt":1723733750787,"mc":[{"id":"1.231732748","rc":[{"ltp":4.1,"id":40296818}]}]}
{"op":"mcm","clk":"11852463149","pt":1723733810104,"mc":[{"id":"1.231732748","rc":[{"ltp":4.0,"id":40296818}]}]}
{"op":"mcm","clk":"11852471318","pt":1723733930754,"mc":[{"id":"1.231732748","rc":[{"ltp":1.33,"id":40296819}]}]}
{"op":"mcm","clk":"11852475326","pt":1723733990222,"mc":[{"id":"1.231732748","rc":[{"ltp":3.95,"id":40296818}]}]}
{"op":"mcm","clk":"11852480287","pt":1723734050981,"mc":[{"id":"1.231732748","rc":[{"ltp":4.0,"id":40296818},{"ltp":1.32,"id":40296819}]}]}
{"op":"mcm","clk":"11852489143","pt":1723734170835,"mc":[{"id":"1.231732748","rc":[{"ltp":4.1,"id":40296818}]}]}
{"op":"mcm","clk":"11852493438","pt":1723734231019,"mc":[{"id":"1.231732748","rc":[{"ltp":1.33,"id":40296819}]}]}
{"op":"mcm","clk":"11852497406","pt":1723734290203,"mc":[{"id":"1.231732748","rc":[{"ltp":1.31,"id":40296819}]}]}
{"op":"mcm","clk":"11852501661","pt":1723734350784,"mc":[{"id":"1.231732748","rc":[{"ltp":4.0,"id":40296818},{"ltp":1.32,"id":40296819}]}]}
{"op":"mcm","clk":"11852510282","pt":1723734470896,"mc":[{"id":"1.231732748","rc":[{"ltp":1.33,"id":40296819}]}]}
{"op":"mcm","clk":"11852519627","pt":1723734590775,"mc":[{"id":"1.231732748","rc":[{"ltp":4.1,"id":40296818},{"ltp":1.32,"id":40296819}]}]}
{"op":"mcm","clk":"11852525405","pt":1723734650089,"mc":[{"id":"1.231732748","rc":[{"ltp":4.0,"id":40296818}]}]}
{"op":"mcm","clk":"11852530543","pt":1723734710648,"mc":[{"id":"1.231732748","rc":[{"ltp":1.33,"id":40296819}]}]}
{"op":"mcm","clk":"11852536099","pt":1723734768748,"mc":[{"id":"1.231732748","rc":[{"ltp":1.32,"id":40296819}]}]}
{"op":"mcm","clk":"11852552283","pt":1723734830885,"mc":[{"id":"1.231732748","rc":[{"ltp":4.1,"id":40296818},{"ltp":1.33,"id":40296819}]}]}
{"op":"mcm","clk":"11852558211","pt":1723734890964,"mc":[{"id":"1.231732748","rc":[{"ltp":4.0,"id":40296818}]}]}
{"op":"mcm","clk":"11852564694","pt":1723734950947,"mc":[{"id":"1.231732748","rc":[{"ltp":1.32,"id":40296819}]}]}
{"op":"mcm","clk":"11852581805","pt":1723735130885,"mc":[{"id":"1.231732748","rc":[{"ltp":1.33,"id":40296819}]}]}
{"op":"mcm","clk":"11852592079","pt":1723735250964,"mc":[{"id":"1.231732748","rc":[{"ltp":1.34,"id":40296819}]}]}
{"op":"mcm","clk":"11852602472","pt":1723735369504,"mc":[{"id":"1.231732748","rc":[{"ltp":1.33,"id":40296819}]}]}
{"op":"mcm","clk":"11852607303","pt":1723735430893,"mc":[{"id":"1.231732748","rc":[{"ltp":1.34,"id":40296819}]}]}
{"op":"mcm","clk":"11852612173","pt":1723735490864,"mc":[{"id":"1.231732748","rc":[{"ltp":1.33,"id":40296819}]}]}
{"op":"mcm","clk":"11852617592","pt":1723735550908,"mc":[{"id":"1.231732748","rc":[{"ltp":3.95,"id":40296818}]}]}
{"op":"mcm","clk":"11852622856","pt":1723735611007,"mc":[{"id":"1.231732748","rc":[{"ltp":4.2,"id":40296818}]}]}
{"op":"mcm","clk":"11852627756","pt":1723735670766,"mc":[{"id":"1.231732748","rc":[{"ltp":4.1,"id":40296818}]}]}
{"op":"mcm","clk":"11852632174","pt":1723735728541,"mc":[{"id":"1.231732748","rc":[{"ltp":1.32,"id":40296819}]}]}
{"op":"mcm","clk":"11852667378","pt":1723736090847,"mc":[{"id":"1.231732748","rc":[{"ltp":4.0,"id":40296818},{"ltp":1.33,"id":40296819}]}]}
{"op":"mcm","clk":"11852684948","pt":1723736269703,"mc":[{"id":"1.231732748","rc":[{"ltp":1.32,"id":40296819}]}]}
{"op":"mcm","clk":"11852691100","pt":1723736330446,"mc":[{"id":"1.231732748","rc":[{"ltp":1.33,"id":40296819}]}]}
{"op":"mcm","clk":"11852697165","pt":1723736390934,"mc":[{"id":"1.231732748","rc":[{"ltp":1.32,"id":40296819}]}]}
{"op":"mcm","clk":"11852703146","pt":1723736449387,"mc":[{"id":"1.231732748","rc":[{"ltp":1.33,"id":40296819}]}]}
{"op":"mcm","clk":"11852725836","pt":1723736690329,"mc":[{"id":"1.231732748","rc":[{"ltp":1.32,"id":40296819}]}]}
{"op":"mcm","clk":"11852743904","pt":1723736867840,"mc":[{"id":"1.231732748","rc":[{"ltp":1.33,"id":40296819}]}]}
{"op":"mcm","clk":"11852751063","pt":1723736929737,"mc":[{"id":"1.231732748","rc":[{"ltp":3.95,"id":40296818}]}]}
{"op":"mcm","clk":"11852756731","pt":1723736989073,"mc":[{"id":"1.231732748","rc":[{"ltp":4.0,"id":40296818},{"ltp":1.32,"id":40296819}]}]}
{"op":"mcm","clk":"11852769563","pt":1723737109385,"mc":[{"id":"1.231732748","rc":[{"ltp":1.33,"id":40296819}]}]}
{"op":"mcm","clk":"11852775234","pt":1723737165547,"mc":[{"id":"1.231732748","rc":[{"ltp":1.32,"id":40296819}]}]}
{"op":"mcm","clk":"11852781171","pt":1723737229674,"mc":[{"id":"1.231732748","rc":[{"ltp":4.1,"id":40296818}]}]}
{"op":"mcm","clk":"11852787004","pt":1723737290245,"mc":[{"id":"1.231732748","rc":[{"ltp":1.31,"id":40296819}]}]}
{"op":"mcm","clk":"11852792842","pt":1723737350407,"mc":[{"id":"1.231732748","rc":[{"ltp":4.0,"id":40296818},{"ltp":1.33,"id":40296819}]}]}
{"op":"mcm","clk":"11852815080","pt":1723737588478,"mc":[{"id":"1.231732748","rc":[{"ltp":4.2,"id":40296818},{"ltp":1.31,"id":40296819}]}]}
{"op":"mcm","clk":"11852821595","pt":1723737646041,"mc":[{"id":"1.231732748","rc":[{"ltp":1.3,"id":40296819}]}]}
{"op":"mcm","clk":"11852835281","pt":1723737770545,"mc":[{"id":"1.231732748","rc":[{"ltp":1.31,"id":40296819}]}]}
{"op":"mcm","clk":"11852842629","pt":1723737830826,"mc":[{"id":"1.231732748","rc":[{"ltp":1.3,"id":40296819}]}]}
{"op":"mcm","clk":"11852864533","pt":1723738006203,"mc":[{"id":"1.231732748","rc":[{"ltp":4.1,"id":40296818},{"ltp":1.32,"id":40296819}]}]}
{"op":"mcm","clk":"11852872124","pt":1723738066179,"mc":[{"id":"1.231732748","rc":[{"ltp":4.4,"id":40296818},{"ltp":1.3,"id":40296819}]}]}
{"op":"mcm","clk":"11852887572","pt":1723738190620,"mc":[{"id":"1.231732748","rc":[{"ltp":4.0,"id":40296818},{"ltp":1.33,"id":40296819}]}]}
{"op":"mcm","clk":"11852901682","pt":1723738307166,"mc":[{"id":"1.231732748","rc":[{"ltp":1.31,"id":40296819}]}]}
{"op":"mcm","clk":"11852909158","pt":1723738365830,"mc":[{"id":"1.231732748","rc":[{"ltp":1.33,"id":40296819}]}]}
{"op":"mcm","clk":"11852917113","pt":1723738430885,"mc":[{"id":"1.231732748","marketDefinition":{"bspMarket":false,"turnInPlayEnabled":true,"persistenceEnabled":true,"marketBaseRate":5.0,"eventId":"33488437","eventTypeId":"4","numberOfWinners":1,"bettingType":"ODDS","marketType":"MATCH_ODDS","marketTime":"2024-08-15T14:00:00.000Z","suspendTime":"2024-08-15T14:00:00.000Z","bspReconciled":false,"complete":true,"inPlay":true,"crossMatching":true,"runnersVoidable":false,"numberOfActiveRunners":2,"betDelay":5,"status":"SUSPENDED","runners":[{"status":"ACTIVE","sortPriority":1,"id":40296819,"name":"Birmingham Phoenix W"},{"status":"ACTIVE","sortPriority":2,"id":40296818,"name":"Manchester Originals W"}],"regulators":["MR_INT"],"countryCode":"GB","discountAllowed":true,"timezone":"GMT","openDate":"2024-08-15T14:00:00.000Z","version":6075700236,"name":"Match Odds","eventName":"Birmingham Phoenix W v Manchester Originals W"}}]}
{"op":"mcm","clk":"11852959524","pt":1723738801464,"mc":[{"id":"1.231732748","marketDefinition":{"bspMarket":false,"turnInPlayEnabled":true,"persistenceEnabled":true,"marketBaseRate":5.0,"eventId":"33488437","eventTypeId":"4","numberOfWinners":1,"bettingType":"ODDS","marketType":"MATCH_ODDS","marketTime":"2024-08-15T14:00:00.000Z","suspendTime":"2024-08-15T14:00:00.000Z","bspReconciled":false,"complete":true,"inPlay":true,"crossMatching":false,"runnersVoidable":false,"numberOfActiveRunners":0,"betDelay":5,"status":"CLOSED","settledTime":"2024-08-15T16:19:38.000Z","runners":[{"status":"REMOVED","sortPriority":1,"removalDate":"2024-08-15T16:19:38.000Z","id":40296819,"name":"Birmingham Phoenix W"},{"status":"REMOVED","sortPriority":2,"removalDate":"2024-08-15T16:19:38.000Z","id":40296818,"name":"Manchester Originals W"}],"regulators":["MR_INT"],"countryCode":"GB","discountAllowed":true,"timezone":"GMT","openDate":"2024-08-15T14:00:00.000Z","version":6075710932,"name":"Match Odds","eventName":"Birmingham Phoenix W v Manchester Originals W"}}]}
