{"op":"mcm","clk":"11822805933","pt":1722941172894,"mc":[{"id":"1.231501647","marketDefinition":{"bspMarket":false,"turnInPlayEnabled":true,"persistenceEnabled":true,"marketBaseRate":5.0,"eventId":"33472580","eventTypeId":"4","numberOfWinners":1,"bettingType":"ODDS","marketType":"MATCH_ODDS","marketTime":"2024-08-08T10:30:00.000Z","suspendTime":"2024-08-08T10:30:00.000Z","bspReconciled":false,"complete":true,"inPlay":false,"crossMatching":true,"runnersVoidable":false,"numberOfActiveRunners":2,"betDelay":0,"status":"OPEN","runners":[{"status":"ACTIVE","sortPriority":1,"id":40096581,"name":"Welsh Fire Women"},{"status":"ACTIVE","sortPriority":2,"id":40096589,"name":"Northern Superchargers Women"}],"regulators":["MR_INT"],"countryCode":"GB","discountAllowed":true,"timezone":"GMT","openDate":"2024-08-08T10:30:00.000Z","version":6059504840,"name":"Match Odds","eventName":"Welsh Fire Women v Northern Superchargers Women"}}]}
{"op":"mcm","clk":"11824755879","pt":1722964375862,"mc":[{"id":"1.231501647","rc":[{"ltp":2.12,"id":40096589},{"ltp":1.9,"id":40096581}]}]}
{"op":"mcm","clk":"11825671639","pt":1722976317772,"mc":[{"id":"1.231501647","rc":[{"ltp":2.06,"id":40096589},{"ltp":1.96,"id":40096581}]}]}
{"op":"mcm","clk":"11826394127","pt":1722993905346,"mc":[{"id":"1.231501647","rc":[{"ltp":2.0,"id":40096589},{"ltp":2.0,"id":40096581}]}]}
{"op":"mcm","clk":"11827416351","pt":1723018458626,"mc":[{"id":"1.231501647","rc":[{"ltp":2.06,"id":40096589},{"ltp":1.96,"id":40096581}]}]}
{"op":"mcm","clk":"11829865526","pt":1723051269766,"mc":[{"id":"1.231501647","rc":[{"ltp":2.02,"id":40096581}]}]}
{"op":"mcm","clk":"11830122595","pt":1723054034581,"mc":[{"id":"1.231501647","rc":[{"ltp":1.98,"id":40096581}]}]}
{"op":"mcm","clk":"11830258069","pt":1723055372138,"mc":[{"id":"1.231501647","rc":[{"ltp":1.99,"id":40096581}]}]}
{"op":"mcm","clk":"11830706035","pt":1723059063530,"mc":[{"id":"1.231501647","rc":[{"ltp":2.0,"id":40096589}]}]}
{"op":"mcm","clk":"11830923227","pt":1723061499841,"mc":[{"id":"1.231501647","rc":[{"ltp":1.96,"id":40096581}]}]}
{"op":"mcm","clk":"11831003488","pt":1723062368545,"mc":[{"id":"1.231501647","rc":[{"ltp":1.97,"id":40096581}]}]}
{"op":"mcm","clk":"11831096558","pt":1723064006865,"mc":[{"id":"1.231501647","rc":[{"ltp":1.96,"id":40096581}]}]}
{"op":"mcm","clk":"11831162421","pt":1723065168970,"mc":[{"id":"1.231501647","rc":[{"ltp":1.95,"id":40096581}]}]}
{"op":"mcm","clk":"11831391679","pt":1723069197940,"mc":[{"id":"1.231501647","rc":[{"ltp":1.94,"id":40096581}]}]}
{"op":"mcm","clk":"11831713584","pt":1723074261747,"mc":[{"id":"1.231501647","rc":[{"ltp":2.04,"id":40096589},{"ltp":1.95,"id":40096581}]}]}
{"op":"mcm","clk":"11832047752","pt":1723079373062,"mc":[{"id":"1.231501647","rc":[{"ltp":1.96,"id":40096581}]}]}
{"op":"mcm","clk":"11832056887","pt":1723079526748,"mc":[{"id":"1.231501647","rc":[{"ltp":1.97,"id":40096581}]}]}
{"op":"mcm","clk":"11832060618","pt":1723079589203,"mc":[{"id":"1.231501647","rc":[{"ltp":1.99,"id":40096581}]}]}
{"op":"mcm","clk":"11832121753","pt":1723080812699,"mc":[{"id":"1.231501647","rc":[{"ltp":2.0,"id":40096589},{"ltp":2.0,"id":40096581}]}]}
{"op":"mcm","clk":"11832201932","pt":1723082467589,"mc":[{"id":"1.231501647","rc":[{"ltp":1.96,"id":40096581}]}]}
{"op":"mcm","clk":"11832271368","pt":1723083523593,"mc":[{"id":"1.231501647","rc":[{"ltp":2.0,"id":40096581}]}]}
{"op":"mcm","clk":"11832276412","pt":1723083604477,"mc":[{"id":"1.231501647","rc":[{"ltp":1.97,"id":40096581}]}]}
{"op":"mcm","clk":"11832294610","pt":1723083905518,"mc":[{"id":"1.231501647","rc":[{"ltp":2.04,"id":40096589},{"ltp":1.96,"id":40096581}]}]}
{"op":"mcm","clk":"11832314465","pt":1723084312795,"mc":[{"id":"1.231501647","rc":[{"ltp":2.0,"id":40096589}]}]}
{"op":"mcm","clk":"11832345548","pt":1723084955497,"mc":[{"id":"1.231501647","rc":[{"ltp":2.04,"id":40096589}]}]}
{"op":"mcm","clk":"11832362311","pt":1723085343945,"mc":[{"id":"1.231501647","rc":[{"ltp":1.97,"id":40096581}]}]}
{"op":"mcm","clk":"11832364477","pt":1723085393459,"mc":[{"id":"1.231501647","rc":[{"ltp":2.02,"id":40096589}]}]}
{"op":"mcm","clk":"11832379738","pt":1723085762125,"mc":[{"id":"1.231501647","rc":[{"ltp":2.04,"id":40096589},{"ltp":1.96,"id":40096581}]}]}
{"op":"mcm","clk":"11832397465","pt":1723086188581,"mc":[{"id":"1.231501647","rc":[{"ltp":1.97,"id":40096581}]}]}
{"op":"mcm","clk":"11832411230","pt":1723086492267,"mc":[{"id":"1.231501647","rc":[{"ltp":2.02,"id":40096589}]}]}
{"op":"mcm","clk":"11832486245","pt":1723088288882,"mc":[{"id":"1.231501647","rc":[{"ltp":2.04,"id":40096589},{"ltp":1.96,"id":40096581}]}]}
{"op":"mcm","clk":"11832493998","pt":1723088449448,"mc":[{"id":"1.231501647","rc":[{"ltp":1.94,"id":40096581}]}]}
{"op":"mcm","clk":"11832498284","pt":1723088530170,"mc":[{"id":"1.231501647","rc":[{"ltp":2.02,"id":40096589},{"ltp":1.99,"id":40096581}]}]}
{"op":"mcm","clk":"11832511505","pt":1723088590535,"mc":[{"id":"1.231501647","rc":[{"ltp":1.97,"id":40096581}]}]}
{"op":"mcm","clk":"11832536172","pt":1723089307805,"mc":[{"id":"1.231501647","rc":[{"ltp":1.99,"id":40096581}]}]}
{"op":"mcm","clk":"11832569797","pt":1723090235103,"mc":[{"id":"1.231501647","rc":[{"ltp":2.0,"id":40096589},{"ltp":2.0,"id":40096581}]}]}
{"op":"mcm","clk":"11832575497","pt":1723090445593,"mc":[{"id":"1.231501647","rc":[{"ltp":1.99,"id":40096581}]}]}
{"op":"mcm","clk":"11832627210","pt":1723092068902,"mc":[{"id":"1.231501647","rc":[{"ltp":2.0,"id":40096581}]}]}
{"op":"mcm","clk":"11832650842","pt":1723092940911,"mc":[{"id":"1.231501647","rc":[{"ltp":1.99,"id":40096581}]}]}
{"op":"mcm","clk":"11832708651","pt":1723094526295,"mc":[{"id":"1.231501647","rc":[{"ltp":2.0,"id":40096581}]}]}
{"op":"mcm","clk":"11832736934","pt":1723095369515,"mc":[{"id":"1.231501647","rc":[{"ltp":2.02,"id":40096589},{"ltp":1.99,"id":40096581}]}]}
{"op":"mcm","clk":"11832753885","pt":1723095943072,"mc":[{"id":"1.231501647","rc":[{"ltp":1.98,"id":40096581}]}]}
{"op":"mcm","clk":"11832806752","pt":1723097810143,"mc":[{"id":"1.231501647","rc":[{"ltp":2.0,"id":40096589}]}]}
{"op":"mcm","clk":"11832876358","pt":1723100049034,"mc":[{"id":"1.231501647","rc":[{"ltp":1.97,"id":40096581}]}]}
{"op":"mcm","clk":"11832876739","pt":1723100064941,"mc":[{"id":"1.231501647","rc":[{"ltp":2.04,"id":40096589}]}]}
{"op":"mcm","clk":"11832885957","pt":1723100448559,"mc":[{"id":"1.231501647","rc":[{"ltp":2.0,"id":40096589}]}]}
{"op":"mcm","clk":"11832898979","pt":1723100888157,"mc":[{"id":"1.231501647","rc":[{"ltp":1.99,"id":40096581}]}]}
{"op":"mcm","clk":"11832904330","pt":1723101047306,"mc":[{"id":"1.231501647","rc":[{"ltp":1.97,"id":40096581}]}]}
{"op":"mcm","clk":"11832907994","pt":1723101183532,"mc":[{"id":"1.231501647","rc":[{"ltp":1.96,"id":40096581}]}]}
{"op":"mcm","clk":"11832911550","pt":1723101313054,"mc":[{"id":"1.231501647","rc":[{"ltp":2.02,"id":40096589}]}]}
{"op":"mcm","clk":"11832926380","pt":1723101823029,"mc":[{"id":"1.231501647","rc":[{"ltp":1.95,"id":40096589},{"ltp":2.02,"id":40096581}]}]}
{"op":"mcm","clk":"11832931786","pt":1723102018851,"mc":[{"id":"1.231501647","rc":[{"ltp":2.06,"id":40096581}]}]}
{"op":"mcm","clk":"11832934860","pt":1723102146115,"mc":[{"id":"1.231501647","rc":[{"ltp":1.94,"id":40096589}]}]}
{"op":"mcm","clk":"11832937584","pt":1723102267463,"mc":[{"id":"1.231501647","rc":[{"ltp":1.95,"id":40096589}]}]}
{"op":"mcm","clk":"11832939054","pt":1723102329933,"mc":[{"id":"1.231501647","rc":[{"ltp":1.96,"id":40096589},{"ltp":2.04,"id":40096581}]}]}
{"op":"mcm","clk":"11832947784","pt":1723102750270,"mc":[{"id":"1.231501647","rc":[{"ltp":1.98,"id":40096589}]}]}
{"op":"mcm","clk":"11832948952","pt":1723102801203,"mc":[{"id":"1.231501647","rc":[{"ltp":2.02,"id":40096581}]}]}
{"op":"mcm","clk":"11832950658","pt":1723102869779,"mc":[{"id":"1.231501647","rc":[{"ltp":1.97,"id":40096589}]}]}
{"op":"mcm","clk":"11832951953","pt":1723102924982,"mc":[{"id":"1.231501647","rc":[{"ltp":1.98,"id":40096589}]}]}
{"op":"mcm","clk":"11832956989","pt":1723103110683,"mc":[{"id":"1.231501647","rc":[{"ltp":1.99,"id":40096589}]}]}
{"op":"mcm","clk":"11832969894","pt":1723103586617,"mc":[{"id":"1.231501647","rc":[{"ltp":1.98,"id":40096589},{"ltp":2.0,"id":40096581}]}]}
{"op":"mcm","clk":"11832974506","pt":1723103768829,"mc":[{"id":"1.231501647","rc":[{"ltp":2.0,"id":40096589}]}]}
{"op":"mcm","clk":"11832978577","pt":1723103949998,"mc":[{"id":"1.231501647","rc":[{"ltp":1.99,"id":40096589}]}]}
{"op":"mcm","clk":"11832983162","pt":1723104129920,"mc":[{"id":"1.231501647","rc":[{"ltp":1.98,"id":40096589},{"ltp":2.02,"id":40096581}]}]}
{"op":"mcm","clk":"11832986306","pt":1723104248071,"mc":[{"id":"1.231501647","rc":[{"ltp":1.94,"id":40096589},{"ltp":2.08,"id":40096581}]}]}
{"op":"mcm","clk":"11832988870","pt":1723104337629,"mc":[{"id":"1.231501647","rc":[{"ltp":1.95,"id":40096589}]}]}
{"op":"mcm","clk":"11832992127","pt":1723104458549,"mc":[{"id":"1.231501647","rc":[{"ltp":1.96,"id":40096589}]}]}
{"op":"mcm","clk":"11832996073","pt":1723104606325,"mc":[{"id":"1.231501647","rc":[{"ltp":2.04,"id":40096581}]}]}
{"op":"mcm","clk":"11832998867","pt":1723104713099,"mc":[{"id":"1.231501647","rc":[{"ltp":1.95,"id":40096589}]}]}
{"op":"mcm","clk":"11833012177","pt":1723104836419,"mc":[{"id":"1.231501647","rc":[{"ltp":1.96,"id":40096589}]}]}
{"op":"mcm","clk":"11833014516","pt":1723104909791,"mc":[{"id":"1.231501647","rc":[{"ltp":2.02,"id":40096581}]}]}
{"op":"mcm","clk":"11833046312","pt":1723105964912,"mc":[{"id":"1.231501647","rc":[{"ltp":2.04,"id":40096581}]}]}
{"op":"mcm","clk":"11833047582","pt":1723106009065,"mc":[{"id":"1.231501647","rc":[{"ltp":2.02,"id":40096581}]}]}
{"op":"mcm","clk":"11833055441","pt":1723106278486,"mc":[{"id":"1.231501647","rc":[{"ltp":1.97,"id":40096589}]}]}
{"op":"mcm","clk":"11833060474","pt":1723106467323,"mc":[{"id":"1.231501647","rc":[{"ltp":1.96,"id":40096589}]}]}
{"op":"mcm","clk":"11833061176","pt":1723106499986,"mc":[{"id":"1.231501647","rc":[{"ltp":1.97,"id":40096589},{"ltp":2.04,"id":40096581}]}]}
{"op":"mcm","clk":"11833064464","pt":1723106621256,"mc":[{"id":"1.231501647","rc":[{"ltp":2.02,"id":40096581}]}]}
{"op":"mcm","clk":"11833094461","pt":1723107542313,"mc":[{"id":"1.231501647","rc":[{"ltp":1.96,"id":40096589}]}]}
{"op":"mcm","clk":"11833095030","pt":1723107559128,"mc":[{"id":"1.231501647","rc":[{"ltp":1.97,"id":40096589}]}]}
{"op":"mcm","clk":"11833105894","pt":1723107897983,"mc":[{"id":"1.231501647","rc":[{"ltp":1.96,"id":40096589}]}]}
{"op":"mcm","clk":"11833115624","pt":1723108206562,"mc":[{"id":"1.231501647","rc":[{"ltp":2.04,"id":40096581}]}]}
{"op":"mcm","clk":"11833117472","pt":1723108254784,"mc":[{"id":"1.231501647","rc":[{"ltp":1.97,"id":40096589}]}]}
{"op":"mcm","clk":"11833120054","pt":1723108322686,"mc":[{"id":"1.231501647","rc":[{"ltp":1.98,"id":40096589}]}]}
{"op":"mcm","clk":"11833120929","pt":1723108347317,"mc":[{"id":"1.231501647","rc":[{"ltp":1.97,"id":40096589}]}]}
{"op":"mcm","clk":"11833124381","pt":1723108435357,"mc":[{"id":"1.231501647","rc":[{"ltp":1.98,"id":40096589}]}]}
{"op":"mcm","clk":"11833128759","pt":1723108544049,"mc":[{"id":"1.231501647","rc":[{"ltp":1.97,"id":40096589}]}]}
{"op":"mcm","clk":"11833134317","pt":1723108678385,"mc":[{"id":"1.231501647","rc":[{"ltp":2.02,"id":40096581}]}]}
{"op":"mcm","clk":"11833139963","pt":1723108801368,"mc":[{"id":"1.231501647","rc":[{"ltp":1.98,"id":40096589}]}]}
{"op":"mcm","clk":"11833142745","pt":1723108865242,"mc":[{"id":"1.231501647","rc":[{"ltp":1.97,"id":40096589}]}]}
{"op":"mcm","clk":"11833147257","pt":1723108977781,"mc":[{"id":"1.231501647","rc":[{"ltp":1.98,"id":40096589}]}]}
{"op":"mcm","clk":"11833153560","pt":1723109161130,"mc":[{"id":"1.231501647","rc":[{"ltp":1.97,"id":40096589}]}]}
{"op":"mcm","clk":"11833163224","pt":1723109408319,"mc":[{"id":"1.231501647","rc":[{"ltp":1.98,"id":40096589}]}]}
{"op":"mcm","clk":"11833166813","pt":1723109469619,"mc":[{"id":"1.231501647","rc":[{"ltp":1.97,"id":40096589}]}]}
{"op":"mcm","clk":"11833189909","pt":1723110003303,"mc":[{"id":"1.231501647","rc":[{"ltp":1.98,"id":40096589}]}]}
{"op":"mcm","clk":"11833193000","pt":1723110070389,"mc":[{"id":"1.231501647","rc":[{"ltp":1.97,"id":40096589}]}]}
{"op":"mcm","clk":"11833217438","pt":1723110366082,"mc":[{"id":"1.231501647","rc":[{"ltp":2.04,"id":40096581}]}]}
{"op":"mcm","clk":"11833222791","pt":1723110456929,"mc":[{"id":"1.231501647","rc":[{"ltp":2.02,"id":40096581}]}]}
{"op":"mcm","clk":"11833232915","pt":1723110669583,"mc":[{"id":"1.231501647","rc":[{"ltp":1.92,"id":40096589},{"ltp":2.06,"id":40096581}]}]}
{"op":"mcm","clk":"11833238790","pt":1723110788747,"mc":[{"id":"1.231501647","rc":[{"ltp":2.02,"id":40096581}]}]}
{"op":"mcm","clk":"11833245499","pt":1723110910006,"mc":[{"id":"1.231501647","rc":[{"ltp":1.97,"id":40096589}]}]}
{"op":"mcm","clk":"11833248807","pt":1723110970295,"mc":[{"id":"1.231501647","rc":[{"ltp":1.94,"id":40096589}]}]}
{"op":"mcm","clk":"11833252278","pt":1723111030849,"mc":[{"id":"1.231501647","rc":[{"ltp":1.97,"id":40096589},{"ltp":2.04,"id":40096581}]}]}
{"op":"mcm","clk":"11833255451","pt":1723111082736,"mc":[{"id":"1.231501647","rc":[{"ltp":1.95,"id":40096589},{"ltp":2.02,"id":40096581}]}]}
{"op":"mcm","clk":"11833262351","pt":1723111201554,"mc":[{"id":"1.231501647","rc":[{"ltp":1.98,"id":40096589}]}]}
{"op":"mcm","clk":"11833270033","pt":1723111329907,"mc":[{"id":"1.231501647","rc":[{"ltp":1.97,"id":40096589},{"ltp":2.04,"id":40096581}]}]}
{"op":"mcm","clk":"11833278173","pt":1723111450713,"mc":[{"id":"1.231501647","rc":[{"ltp":1.92,"id":40096589},{"ltp":2.06,"id":40096581}]}]}
{"op":"mcm","clk":"11833282211","pt":1723111510507,"mc":[{"id":"1.231501647","rc":[{"ltp":1.94,"id":40096589}]}]}
{"op":"mcm","clk":"11833286264","pt":1723111570676,"mc":[{"id":"1.231501647","rc":[{"ltp":1.95,"id":40096589}]}]}
{"op":"mcm","clk":"11833298452","pt":1723111749397,"mc":[{"id":"1.231501647","rc":[{"ltp":2.02,"id":40096581}]}]}
{"op":"mcm","clk":"11833305322","pt":1723111867100,"mc":[{"id":"1.231501647","rc":[{"ltp":1.93,"id":40096589},{"ltp":2.08,"id":40096581}]}]}
{"op":"mcm","clk":"11833308764","pt":1723111928754,"mc":[{"id":"1.231501647","rc":[{"ltp":1.92,"id":40096589}]}]}
{"op":"mcm","clk":"11833311942","pt":1723111988446,"mc":[{"id":"1.231501647","rc":[{"ltp":1.95,"id":40096589},{"ltp":2.06,"id":40096581}]}]}
{"op":"mcm","clk":"11833315218","pt":1723112049087,"mc":[{"id":"1.231501647","rc":[{"ltp":1.94,"id":40096589}]}]}
{"op":"mcm","clk":"11833318520","pt":1723112110583,"mc":[{"id":"1.231501647","rc":[{"ltp":2.08,"id":40096581}]}]}
{"op":"mcm","clk":"11833322082","pt":1723112169633,"mc":[{"id":"1.231501647","rc":[{"ltp":1.95,"id":40096589},{"ltp":2.06,"id":40096581}]}]}
{"op":"mcm","clk":"11833338667","pt":1723112468891,"mc":[{"id":"1.231501647","rc":[{"ltp":2.04,"id":40096581}]}]}
{"op":"mcm","clk":"11833340123","pt":1723112501320,"mc":[{"id":"1.231501647","rc":[{"ltp":2.06,"id":40096581}]}]}
{"op":"mcm","clk":"11833344626","pt":1723112588119,"mc":[{"id":"1.231501647","rc":[{"ltp":1.94,"id":40096589},{"ltp":2.04,"id":40096581}]}]}
{"op":"mcm","clk":"11833348508","pt":1723112648287,"mc":[{"id":"1.231501647","rc":[{"ltp":1.95,"id":40096589},{"ltp":2.06,"id":40096581}]}]}
{"op":"mcm","clk":"11833355919","pt":1723112763160,"mc":[{"id":"1.231501647","rc":[{"ltp":1.96,"id":40096589}]}]}
{"op":"mcm","clk":"11833360153","pt":1723112829755,"mc":[{"id":"1.231501647","rc":[{"ltp":1.92,"id":40096589},{"ltp":2.1,"id":40096581}]}]}
{"op":"mcm","clk":"11833363382","pt":1723112890120,"mc":[{"id":"1.231501647","rc":[{"ltp":2.08,"id":40096581}]}]}
{"op":"mcm","clk":"11833366550","pt":1723112949800,"mc":[{"id":"1.231501647","rc":[{"ltp":1.95,"id":40096589},{"ltp":2.04,"id":40096581}]}]}
{"op":"mcm","clk":"11833373341","pt":1723113070580,"mc":[{"id":"1.231501647","marketDefinition":{"bspMarket":false,"turnInPlayEnabled":true,"persistenceEnabled":true,"marketBaseRate":5.0,"eventId":"33472580","eventTypeId":"4","numberOfWinners":1,"bettingType":"ODDS","marketType":"MATCH_ODDS","marketTime":"2024-08-08T10:30:00.000Z","suspendTime":"2024-08-08T10:30:00.000Z","bspReconciled":false,"complete":true,"inPlay":true,"crossMatching":true,"runnersVoidable":false,"numberOfActiveRunners":2,"betDelay":5,"status":"OPEN","runners":[{"status":"ACTIVE","sortPriority":1,"id":40096581,"name":"Welsh Fire Women"},{"status":"ACTIVE","sortPriority":2,"id":40096589,"name":"Northern Superchargers Women"}],"regulators":["MR_INT"],"countryCode":"GB","discountAllowed":true,"timezone":"GMT","openDate":"2024-08-08T10:30:00.000Z","version":6061733000,"name":"Match Odds","eventName":"Welsh Fire Women v Northern Superchargers Women"},"rc":[{"ltp":1.81,"id":40096589}]}]}
{"op":"mcm","clk":"11833376919","pt":1723113129241,"mc":[{"id":"1.231501647","rc":[{"ltp":1.93,"id":40096589}]}]}
{"op":"mcm","clk":"11833379111","pt":1723113167463,"mc":[{"id":"1.231501647","rc":[{"ltp":1.92,"id":40096589},{"ltp":2.06,"id":40096581}]}]}
{"op":"mcm","clk":"11833383444","pt":1723113244535,"mc":[{"id":"1.231501647","rc":[{"ltp":1.93,"id":40096589}]}]}
{"op":"mcm","clk":"11833390708","pt":1723113369327,"mc":[{"id":"1.231501647","rc":[{"ltp":1.99,"id":40096589},{"ltp":2.0,"id":40096581}]}]}
{"op":"mcm","clk":"11833394908","pt":1723113427943,"mc":[{"id":"1.231501647","rc":[{"ltp":1.89,"id":40096589},{"ltp":2.12,"id":40096581}]}]}
{"op":"mcm","clk":"11833402493","pt":1723113548669,"mc":[{"id":"1.231501647","rc":[{"ltp":1.9,"id":40096589}]}]}
{"op":"mcm","clk":"11833405905","pt":1723113606615,"mc":[{"id":"1.231501647","rc":[{"ltp":2.04,"id":40096581}]}]}
{"op":"mcm","clk":"11833417106","pt":1723113782548,"mc":[{"id":"1.231501647","rc":[{"ltp":1.96,"id":40096589}]}]}
{"op":"mcm","clk":"11833420226","pt":1723113845306,"mc":[{"id":"1.231501647","rc":[{"ltp":1.92,"id":40096589}]}]}
{"op":"mcm","clk":"11833423184","pt":1723113909410,"mc":[{"id":"1.231501647","rc":[{"ltp":1.98,"id":40096589},{"ltp":2.02,"id":40096581}]}]}
{"op":"mcm","clk":"11833428039","pt":1723114005295,"mc":[{"id":"1.231501647","rc":[{"ltp":1.94,"id":40096589}]}]}
{"op":"mcm","clk":"11833432387","pt":1723114088802,"mc":[{"id":"1.231501647","rc":[{"ltp":1.95,"id":40096589}]}]}
{"op":"mcm","clk":"11833438941","pt":1723114207182,"mc":[{"id":"1.231501647","rc":[{"ltp":1.98,"id":40096589}]}]}
{"op":"mcm","clk":"11833445616","pt":1723114330750,"mc":[{"id":"1.231501647","rc":[{"ltp":1.93,"id":40096589}]}]}
{"op":"mcm","clk":"11833478213","pt":1723114866713,"mc":[{"id":"1.231501647","rc":[{"ltp":2.08,"id":40096581}]}]}
{"op":"mcm","clk":"11833481173","pt":1723114928844,"mc":[{"id":"1.231501647","rc":[{"ltp":1.9,"id":40096589},{"ltp":2.12,"id":40096581}]}]}
{"op":"mcm","clk":"11833487040","pt":1723115049760,"mc":[{"id":"1.231501647","rc":[{"ltp":2.06,"id":40096581}]}]}
{"op":"mcm","clk":"11833490343","pt":1723115108717,"mc":[{"id":"1.231501647","rc":[{"ltp":1.94,"id":40096589}]}]}
{"op":"mcm","clk":"11833494065","pt":1723115170759,"mc":[{"id":"1.231501647","rc":[{"ltp":1.74,"id":40096589},{"ltp":2.34,"id":40096581}]}]}
{"op":"mcm","clk":"11833497433","pt":1723115230828,"mc":[{"id":"1.231501647","rc":[{"ltp":1.83,"id":40096589}]}]}
{"op":"mcm","clk":"11833500670","pt":1723115286114,"mc":[{"id":"1.231501647","rc":[{"ltp":1.92,"id":40096589},{"ltp":2.08,"id":40096581}]}]}
{"op":"mcm","clk":"11833504879","pt":1723115349692,"mc":[{"id":"1.231501647","rc":[{"ltp":1.89,"id":40096589},{"ltp":2.06,"id":40096581}]}]}
{"op":"mcm","clk":"11833508445","pt":1723115408584,"mc":[{"id":"1.231501647","rc":[{"ltp":1.93,"id":40096589}]}]}
{"op":"mcm","clk":"11833512292","pt":1723115470548,"mc":[{"id":"1.231501647","rc":[{"ltp":1.9,"id":40096589},{"ltp":2.12,"id":40096581}]}]}
{"op":"mcm","clk":"11833512602","pt":1723115475701,"mc":[{"id":"1.231501647","rc":[{"ltp":1.92,"id":40096589}]}]}
{"op":"mcm","clk":"11833530024","pt":1723115585040,"mc":[{"id":"1.231501647","rc":[{"ltp":1.9,"id":40096589},{"ltp":2.08,"id":40096581}]}]}
{"op":"mcm","clk":"11833541492","pt":1723115770648,"mc":[{"id":"1.231501647","rc":[{"ltp":2.12,"id":40096581}]}]}
{"op":"mcm","clk":"11833547646","pt":1723115868379,"mc":[{"id":"1.231501647","rc":[{"ltp":1.92,"id":40096589},{"ltp":2.08,"id":40096581}]}]}
{"op":"mcm","clk":"11833551786","pt":1723115940868,"mc":[{"id":"1.231501647","rc":[{"ltp":1.9,"id":40096589},{"ltp":2.1,"id":40096581}]}]}
{"op":"mcm","clk":"11833553915","pt":1723115983310,"mc":[{"id":"1.231501647","rc":[{"ltp":1.93,"id":40096589}]}]}
{"op":"mcm","clk":"11833562972","pt":1723116190487,"mc":[{"id":"1.231501647","rc":[{"ltp":2.04,"id":40096581}]}]}
{"op":"mcm","clk":"11833564807","pt":1723116233050,"mc":[{"id":"1.231501647","rc":[{"ltp":1.92,"id":40096589}]}]}
{"op":"mcm","clk":"11833568865","pt":1723116308043,"mc":[{"id":"1.231501647","rc":[{"ltp":1.95,"id":40096589}]}]}
{"op":"mcm","clk":"11833571925","pt":1723116364388,"mc":[{"id":"1.231501647","rc":[{"ltp":1.99,"id":40096589},{"ltp":2.02,"id":40096581}]}]}
{"op":"mcm","clk":"11833575758","pt":1723116428862,"mc":[{"id":"1.231501647","rc":[{"ltp":1.98,"id":40096589}]}]}
{"op":"mcm","clk":"11833576487","pt":1723116440491,"mc":[{"id":"1.231501647","rc":[{"ltp":2.0,"id":40096589}]}]}
{"op":"mcm","clk":"11833610992","pt":1723116970646,"mc":[{"id":"1.231501647","rc":[{"ltp":2.32,"id":40096589},{"ltp":1.74,"id":40096581}]}]}
{"op":"mcm","clk":"11833613849","pt":1723117023600,"mc":[{"id":"1.231501647","rc":[{"ltp":2.5,"id":40096589},{"ltp":1.66,"id":40096581}]}]}
{"op":"mcm","clk":"11833617378","pt":1723117090084,"mc":[{"id":"1.231501647","rc":[{"ltp":2.08,"id":40096589},{"ltp":1.94,"id":40096581}]}]}
{"op":"mcm","clk":"11833620154","pt":1723117146851,"mc":[{"id":"1.231501647","rc":[{"ltp":2.0,"id":40096589},{"ltp":1.99,"id":40096581}]}]}
{"op":"mcm","clk":"11833622985","pt":1723117210533,"mc":[{"id":"1.231501647","rc":[{"ltp":1.9,"id":40096589},{"ltp":1.53,"id":40096581}]}]}
{"op":"mcm","clk":"11833625421","pt":1723117266073,"mc":[{"id":"1.231501647","rc":[{"ltp":1.84,"id":40096589},{"ltp":2.2,"id":40096581}]}]}
{"op":"mcm","clk":"11833661055","pt":1723117858146,"mc":[{"id":"1.231501647","marketDefinition":{"bspMarket":false,"turnInPlayEnabled":true,"persistenceEnabled":true,"marketBaseRate":5.0,"eventId":"33472580","eventTypeId":"4","numberOfWinners":1,"bettingType":"ODDS","marketType":"MATCH_ODDS","marketTime":"2024-08-08T10:30:00.000Z","suspendTime":"2024-08-08T10:30:00.000Z","bspReconciled":false,"complete":true,"inPlay":true,"crossMatching":true,"runnersVoidable":false,"numberOfActiveRunners":2,"betDelay":5,"status":"SUSPENDED","runners":[{"status":"ACTIVE","sortPriority":1,"id":40096581,"name":"Welsh Fire Women"},{"status":"ACTIVE","sortPriority":2,"id":40096589,"name":"Northern Superchargers Women"}],"regulators":["MR_INT"],"countryCode":"GB","discountAllowed":true,"timezone":"GMT","openDate":"2024-08-08T10:30:00.000Z","version":6061764454,"name":"Match Odds","eventName":"Welsh Fire Women v Northern Superchargers Women"},"rc":[{"ltp":1.77,"id":40096589}]}]}
{"op":"mcm","clk":"11833692014","pt":1723118473684,"mc":[{"id":"1.231501647","marketDefinition":{"bspMarket":false,"turnInPlayEnabled":true,"persistenceEnabled":true,"marketBaseRate":5.0,"eventId":"33472580","eventTypeId":"4","numberOfWinners":1,"bettingType":"ODDS","marketType":"MATCH_ODDS","marketTime":"2024-08-08T10:30:00.000Z","suspendTime":"2024-08-08T10:30:00.000Z","bspReconciled":false,"complete":true,"inPlay":true,"crossMatching":false,"runnersVoidable":false,"numberOfActiveRunners":0,"betDelay":5,"status":"CLOSED","settledTime":"2024-08-08T12:01:10.000Z","runners":[{"status":"REMOVED","sortPriority":1,"removalDate":"2024-08-08T12:01:10.000Z","id":40096581,"name":"Welsh Fire Women"},{"status":"REMOVED","sortPriority":2,"removalDate":"2024-08-08T12:01:10.000Z","id":40096589,"name":"Northern Superchargers Women"}],"regulators":["MR_INT"],"countryCode":"GB","discountAllowed":true,"timezone":"GMT","openDate":"2024-08-08T10:30:00.000Z","version":6061772425,"name":"Match Odds","eventName":"Welsh Fire Women v Northern Superchargers Women"}}]}
