{"op":"mcm","clk":"11967999592","pt":1724666756621,"mc":[{"id":"1.232301071","marketDefinition":{"bspMarket":false,"turnInPlayEnabled":true,"persistenceEnabled":true,"marketBaseRate":5.0,"eventId":"33527093","eventTypeId":"4","numberOfWinners":1,"bettingType":"ODDS","marketType":"MATCH_ODDS","marketTime":"2024-08-26T23:00:00.000Z","suspendTime":"2024-08-26T23:00:00.000Z","bspReconciled":false,"complete":true,"inPlay":false,"crossMatching":true,"runnersVoidable":false,"numberOfActiveRunners":2,"betDelay":0,"status":"OPEN","runners":[{"status":"ACTIVE","sortPriority":1,"id":47674068,"name":"Guyana Amazon Warriors W"},{"status":"ACTIVE","sortPriority":2,"id":47674067,"name":"Barbados Royals W"}],"regulators":["MR_INT"],"countryCode":"GB","discountAllowed":true,"timezone":"GMT","openDate":"2024-08-26T23:00:00.000Z","version":6101172331,"name":"Match Odds","eventName":"Guyana Amazon Warriors W v Barbados Royals W"}}]}
{"op":"mcm","clk":"11968079255","pt":1724667843803,"mc":[{"id":"1.232301071","rc":[{"ltp":1.03,"id":47674068}]}]}
{"op":"mcm","clk":"11968083596","pt":1724667919428,"mc":[{"id":"1.232301071","rc":[{"ltp":1.04,"id":47674068}]}]}
{"op":"mcm","clk":"11968085472","pt":1724667955150,"mc":[{"id":"1.232301071","rc":[{"ltp":1.03,"id":47674068}]}]}
{"op":"mcm","clk":"11968107756","pt":1724668357431,"mc":[{"id":"1.232301071","rc":[{"ltp":1.66,"id":47674067}]}]}
{"op":"mcm","clk":"11968110419","pt":1724668402556,"mc":[{"id":"1.232301071","rc":[{"ltp":1.62,"id":47674067}]}]}
{"op":"mcm","clk":"11969356690","pt":1724682518109,"mc":[{"id":"1.232301071","rc":[{"ltp":2.4,"id":47674068}]}]}
{"op":"mcm","clk":"11969911397","pt":1724686357939,"mc":[{"id":"1.232301071","rc":[{"ltp":1.7,"id":47674067}]}]}
{"op":"mcm","clk":"11969988062","pt":1724686839141,"mc":[{"id":"1.232301071","rc":[{"ltp":2.46,"id":47674068}]}]}
{"op":"mcm","clk":"11970042111","pt":1724687138956,"mc":[{"id":"1.232301071","rc":[{"ltp":1.55,"id":47674067}]}]}
{"op":"mcm","clk":"11970162317","pt":1724688098667,"mc":[{"id":"1.232301071","rc":[{"ltp":1.6,"id":47674067}]}]}
{"op":"mcm","clk":"11970181347","pt":1724688277758,"mc":[{"id":"1.232301071","rc":[{"ltp":1.68,"id":47674067}]}]}
{"op":"mcm","clk":"11970265344","pt":1724688998719,"mc":[{"id":"1.232301071","rc":[{"ltp":1.6,"id":47674067},{"ltp":2.68,"id":47674068}]}]}
{"op":"mcm","clk":"11970271109","pt":1724689052826,"mc":[{"id":"1.232301071","rc":[{"ltp":2.44,"id":47674068}]}]}
{"op":"mcm","clk":"11970344191","pt":1724689778589,"mc":[{"id":"1.232301071","rc":[{"ltp":1.58,"id":47674067}]}]}
{"op":"mcm","clk":"11970350423","pt":1724689838166,"mc":[{"id":"1.232301071","rc":[{"ltp":1.57,"id":47674067}]}]}
{"op":"mcm","clk":"11970357039","pt":1724689899199,"mc":[{"id":"1.232301071","rc":[{"ltp":1.56,"id":47674067}]}]}
{"op":"mcm","clk":"11970363174","pt":1724689958721,"mc":[{"id":"1.232301071","rc":[{"ltp":1.48,"id":47674067},{"ltp":3.0,"id":47674068}]}]}
{"op":"mcm","clk":"11970369539","pt":1724690017986,"mc":[{"id":"1.232301071","rc":[{"ltp":1.54,"id":47674067}]}]}
{"op":"mcm","clk":"11970514587","pt":1724691279116,"mc":[{"id":"1.232301071","rc":[{"ltp":1.5,"id":47674067}]}]}
{"op":"mcm","clk":"11970522279","pt":1724691338564,"mc":[{"id":"1.232301071","rc":[{"ltp":1.65,"id":47674067},{"ltp":2.54,"id":47674068}]}]}
{"op":"mcm","clk":"11970534274","pt":1724691458957,"mc":[{"id":"1.232301071","rc":[{"ltp":1.49,"id":47674067}]}]}
{"op":"mcm","clk":"11970541001","pt":1724691518714,"mc":[{"id":"1.232301071","rc":[{"ltp":1.62,"id":47674067}]}]}
{"op":"mcm","clk":"11970547540","pt":1724691578744,"mc":[{"id":"1.232301071","rc":[{"ltp":1.49,"id":47674067}]}]}
{"op":"mcm","clk":"11970607709","pt":1724691999366,"mc":[{"id":"1.232301071","rc":[{"ltp":1.61,"id":47674067},{"ltp":2.62,"id":47674068}]}]}
{"op":"mcm","clk":"11970616625","pt":1724692056889,"mc":[{"id":"1.232301071","rc":[{"ltp":1.56,"id":47674067},{"ltp":2.86,"id":47674068}]}]}
{"op":"mcm","clk":"11970654610","pt":1724692299346,"mc":[{"id":"1.232301071","rc":[{"ltp":2.66,"id":47674068}]}]}
{"op":"mcm","clk":"11970664558","pt":1724692359523,"mc":[{"id":"1.232301071","rc":[{"ltp":1.59,"id":47674067},{"ltp":2.68,"id":47674068}]}]}
{"op":"mcm","clk":"11970694889","pt":1724692478903,"mc":[{"id":"1.232301071","rc":[{"ltp":1.56,"id":47674067}]}]}
{"op":"mcm","clk":"11970703366","pt":1724692538370,"mc":[{"id":"1.232301071","rc":[{"ltp":2.66,"id":47674068}]}]}
{"op":"mcm","clk":"11970712421","pt":1724692599009,"mc":[{"id":"1.232301071","rc":[{"ltp":1.58,"id":47674067},{"ltp":2.72,"id":47674068}]}]}
{"op":"mcm","clk":"11970740770","pt":1724692777060,"mc":[{"id":"1.232301071","rc":[{"ltp":1.61,"id":47674067},{"ltp":2.66,"id":47674068}]}]}
{"op":"mcm","clk":"11970760084","pt":1724692897633,"mc":[{"id":"1.232301071","rc":[{"ltp":1.59,"id":47674067},{"ltp":2.64,"id":47674068}]}]}
{"op":"mcm","clk":"11970770250","pt":1724692957934,"mc":[{"id":"1.232301071","rc":[{"ltp":1.6,"id":47674067}]}]}
{"op":"mcm","clk":"11970780449","pt":1724693017624,"mc":[{"id":"1.232301071","rc":[{"ltp":2.66,"id":47674068}]}]}
{"op":"mcm","clk":"11970837556","pt":1724693378809,"mc":[{"id":"1.232301071","rc":[{"ltp":1.62,"id":47674067},{"ltp":2.62,"id":47674068}]}]}
{"op":"mcm","clk":"11970847141","pt":1724693439062,"mc":[{"id":"1.232301071","rc":[{"ltp":1.61,"id":47674067}]}]}
{"op":"mcm","clk":"11970885553","pt":1724693679041,"mc":[{"id":"1.232301071","rc":[{"ltp":2.64,"id":47674068}]}]}
{"op":"mcm","clk":"11970895349","pt":1724693738602,"mc":[{"id":"1.232301071","rc":[{"ltp":1.64,"id":47674067},{"ltp":2.56,"id":47674068}]}]}
{"op":"mcm","clk":"11970913809","pt":1724693858827,"mc":[{"id":"1.232301071","rc":[{"ltp":1.65,"id":47674067}]}]}
{"op":"mcm","clk":"11970999085","pt":1724694398579,"mc":[{"id":"1.232301071","rc":[{"ltp":1.61,"id":47674067}]}]}
{"op":"mcm","clk":"11971009205","pt":1724694458884,"mc":[{"id":"1.232301071","rc":[{"ltp":2.62,"id":47674068}]}]}
{"op":"mcm","clk":"11971028382","pt":1724694577433,"mc":[{"id":"1.232301071","rc":[{"ltp":1.64,"id":47674067}]}]}
{"op":"mcm","clk":"11971046716","pt":1724694699109,"mc":[{"id":"1.232301071","rc":[{"ltp":1.6,"id":47674067},{"ltp":2.66,"id":47674068}]}]}
{"op":"mcm","clk":"11971109725","pt":1724695178501,"mc":[{"id":"1.232301071","rc":[{"ltp":1.59,"id":47674067},{"ltp":2.68,"id":47674068}]}]}
{"op":"mcm","clk":"11971133581","pt":1724695357745,"mc":[{"id":"1.232301071","rc":[{"ltp":1.56,"id":47674067},{"ltp":2.74,"id":47674068}]}]}
{"op":"mcm","clk":"11971142418","pt":1724695417292,"mc":[{"id":"1.232301071","rc":[{"ltp":1.55,"id":47674067},{"ltp":2.82,"id":47674068}]}]}
{"op":"mcm","clk":"11971151298","pt":1724695477464,"mc":[{"id":"1.232301071","rc":[{"ltp":1.59,"id":47674067},{"ltp":2.7,"id":47674068}]}]}
{"op":"mcm","clk":"11971161142","pt":1724695538424,"mc":[{"id":"1.232301071","rc":[{"ltp":1.6,"id":47674067}]}]}
{"op":"mcm","clk":"11971191216","pt":1724695717447,"mc":[{"id":"1.232301071","rc":[{"ltp":2.68,"id":47674068}]}]}
{"op":"mcm","clk":"11971201937","pt":1724695779419,"mc":[{"id":"1.232301071","rc":[{"ltp":2.72,"id":47674068}]}]}
{"op":"mcm","clk":"11971212277","pt":1724695839038,"mc":[{"id":"1.232301071","rc":[{"ltp":2.7,"id":47674068}]}]}
{"op":"mcm","clk":"11971222884","pt":1724695899084,"mc":[{"id":"1.232301071","rc":[{"ltp":1.57,"id":47674067},{"ltp":2.76,"id":47674068}]}]}
{"op":"mcm","clk":"11971254112","pt":1724696079212,"mc":[{"id":"1.232301071","rc":[{"ltp":2.78,"id":47674068}]}]}
{"op":"mcm","clk":"11971264689","pt":1724696137974,"mc":[{"id":"1.232301071","rc":[{"ltp":1.55,"id":47674067},{"ltp":2.82,"id":47674068}]}]}
{"op":"mcm","clk":"11971275730","pt":1724696197643,"mc":[{"id":"1.232301071","rc":[{"ltp":2.76,"id":47674068}]}]}
{"op":"mcm","clk":"11971286648","pt":1724696259240,"mc":[{"id":"1.232301071","rc":[{"ltp":1.58,"id":47674067}]}]}
{"op":"mcm","clk":"11971296804","pt":1724696316612,"mc":[{"id":"1.232301071","rc":[{"ltp":1.59,"id":47674067},{"ltp":2.7,"id":47674068}]}]}
{"op":"mcm","clk":"11971328614","pt":1724696498116,"mc":[{"id":"1.232301071","rc":[{"ltp":1.58,"id":47674067}]}]}
{"op":"mcm","clk":"11971371216","pt":1724696731483,"mc":[{"id":"1.232301071","rc":[{"ltp":1.59,"id":47674067}]}]}
{"op":"mcm","clk":"11971423446","pt":1724697038375,"mc":[{"id":"1.232301071","rc":[{"ltp":2.68,"id":47674068}]}]}
{"op":"mcm","clk":"11971462380","pt":1724697268320,"mc":[{"id":"1.232301071","rc":[{"ltp":1.6,"id":47674067}]}]}
{"op":"mcm","clk":"11971473997","pt":1724697337069,"mc":[{"id":"1.232301071","rc":[{"ltp":1.59,"id":47674067},{"ltp":2.7,"id":47674068}]}]}
{"op":"mcm","clk":"11971535741","pt":1724697698459,"mc":[{"id":"1.232301071","rc":[{"ltp":1.58,"id":47674067},{"ltp":2.68,"id":47674068}]}]}
{"op":"mcm","clk":"11971597948","pt":1724697996552,"mc":[{"id":"1.232301071","rc":[{"ltp":2.76,"id":47674068}]}]}
{"op":"mcm","clk":"11971636992","pt":1724698237475,"mc":[{"id":"1.232301071","rc":[{"ltp":1.56,"id":47674067}]}]}
{"op":"mcm","clk":"11971646159","pt":1724698297583,"mc":[{"id":"1.232301071","rc":[{"ltp":1.53,"id":47674067}]}]}
{"op":"mcm","clk":"11971701372","pt":1724698718156,"mc":[{"id":"1.232301071","rc":[{"ltp":1.58,"id":47674067}]}]}
{"op":"mcm","clk":"11971747347","pt":1724699077153,"mc":[{"id":"1.232301071","rc":[{"ltp":2.74,"id":47674068}]}]}
{"op":"mcm","clk":"11971795900","pt":1724699439005,"mc":[{"id":"1.232301071","rc":[{"ltp":2.68,"id":47674068}]}]}
{"op":"mcm","clk":"11971813498","pt":1724699559464,"mc":[{"id":"1.232301071","rc":[{"ltp":1.6,"id":47674067}]}]}
{"op":"mcm","clk":"11971820616","pt":1724699613554,"mc":[{"id":"1.232301071","rc":[{"ltp":1.59,"id":47674067}]}]}
{"op":"mcm","clk":"11971853058","pt":1724699859155,"mc":[{"id":"1.232301071","rc":[{"ltp":2.7,"id":47674068}]}]}
{"op":"mcm","clk":"11971886169","pt":1724700098531,"mc":[{"id":"1.232301071","rc":[{"ltp":1.6,"id":47674067}]}]}
{"op":"mcm","clk":"11971902124","pt":1724700218034,"mc":[{"id":"1.232301071","rc":[{"ltp":1.59,"id":47674067},{"ltp":2.68,"id":47674068}]}]}
{"op":"mcm","clk":"11971968892","pt":1724700701820,"mc":[{"id":"1.232301071","rc":[{"ltp":1.6,"id":47674067},{"ltp":2.66,"id":47674068}]}]}
{"op":"mcm","clk":"11972002511","pt":1724700931632,"mc":[{"id":"1.232301071","rc":[{"ltp":1.58,"id":47674067}]}]}
{"op":"mcm","clk":"11972024704","pt":1724701099676,"mc":[{"id":"1.232301071","rc":[{"ltp":1.6,"id":47674067}]}]}
{"op":"mcm","clk":"11972167314","pt":1724702309459,"mc":[{"id":"1.232301071","rc":[{"ltp":1.59,"id":47674067}]}]}
{"op":"mcm","clk":"11972174385","pt":1724702374428,"mc":[{"id":"1.232301071","rc":[{"ltp":2.68,"id":47674068}]}]}
{"op":"mcm","clk":"11972183314","pt":1724702448744,"mc":[{"id":"1.232301071","rc":[{"ltp":1.6,"id":47674067},{"ltp":2.66,"id":47674068}]}]}
{"op":"mcm","clk":"11972201993","pt":1724702601116,"mc":[{"id":"1.232301071","rc":[{"ltp":1.59,"id":47674067},{"ltp":2.68,"id":47674068}]}]}
{"op":"mcm","clk":"11972236882","pt":1724702888374,"mc":[{"id":"1.232301071","rc":[{"ltp":1.6,"id":47674067}]}]}
{"op":"mcm","clk":"11972246822","pt":1724702963254,"mc":[{"id":"1.232301071","rc":[{"ltp":2.66,"id":47674068}]}]}
{"op":"mcm","clk":"11972332386","pt":1724703573408,"mc":[{"id":"1.232301071","rc":[{"ltp":2.62,"id":47674068}]}]}
{"op":"mcm","clk":"11972360030","pt":1724703781421,"mc":[{"id":"1.232301071","rc":[{"ltp":2.66,"id":47674068}]}]}
{"op":"mcm","clk":"11972375683","pt":1724703904412,"mc":[{"id":"1.232301071","rc":[{"ltp":2.62,"id":47674068}]}]}
{"op":"mcm","clk":"11972444522","pt":1724704477433,"mc":[{"id":"1.232301071","rc":[{"ltp":2.66,"id":47674068}]}]}
{"op":"mcm","clk":"11972512837","pt":1724705063974,"mc":[{"id":"1.232301071","rc":[{"ltp":2.62,"id":47674068}]}]}
{"op":"mcm","clk":"11972580950","pt":1724705853860,"mc":[{"id":"1.232301071","rc":[{"ltp":2.66,"id":47674068}]}]}
{"op":"mcm","clk":"11972605208","pt":1724706186791,"mc":[{"id":"1.232301071","rc":[{"ltp":1.61,"id":47674067}]}]}
{"op":"mcm","clk":"11972675111","pt":1724707084090,"mc":[{"id":"1.232301071","rc":[{"ltp":1.6,"id":47674067}]}]}
{"op":"mcm","clk":"11972842543","pt":1724709562695,"mc":[{"id":"1.232301071","rc":[{"ltp":1.62,"id":47674067}]}]}
{"op":"mcm","clk":"11972848738","pt":1724709694443,"mc":[{"id":"1.232301071","rc":[{"ltp":1.63,"id":47674067},{"ltp":2.58,"id":47674068}]}]}
{"op":"mcm","clk":"11972861204","pt":1724709939529,"mc":[{"id":"1.232301071","rc":[{"ltp":1.69,"id":47674067},{"ltp":2.54,"id":47674068}]}]}
{"op":"mcm","clk":"11972864058","pt":1724709995864,"mc":[{"id":"1.232301071","rc":[{"ltp":1.64,"id":47674067}]}]}
{"op":"mcm","clk":"11972877294","pt":1724710233539,"mc":[{"id":"1.232301071","rc":[{"ltp":2.56,"id":47674068}]}]}
{"op":"mcm","clk":"11972880155","pt":1724710293447,"mc":[{"id":"1.232301071","rc":[{"ltp":1.63,"id":47674067},{"ltp":2.58,"id":47674068}]}]}
{"op":"mcm","clk":"11972882885","pt":1724710350603,"mc":[{"id":"1.232301071","rc":[{"ltp":1.64,"id":47674067}]}]}
{"op":"mcm","clk":"11972906313","pt":1724710819959,"mc":[{"id":"1.232301071","rc":[{"ltp":1.63,"id":47674067}]}]}
{"op":"mcm","clk":"11972923483","pt":1724711192691,"mc":[{"id":"1.232301071","rc":[{"ltp":2.5,"id":47674068}]}]}
{"op":"mcm","clk":"11972926120","pt":1724711257719,"mc":[{"id":"1.232301071","rc":[{"ltp":1.66,"id":47674067},{"ltp":2.56,"id":47674068}]}]}
{"op":"mcm","clk":"11972931288","pt":1724711376788,"mc":[{"id":"1.232301071","rc":[{"ltp":1.64,"id":47674067},{"ltp":2.48,"id":47674068}]}]}
{"op":"mcm","clk":"11972943729","pt":1724711616390,"mc":[{"id":"1.232301071","rc":[{"ltp":1.68,"id":47674067},{"ltp":2.46,"id":47674068}]}]}
{"op":"mcm","clk":"11972946717","pt":1724711674872,"mc":[{"id":"1.232301071","rc":[{"ltp":1.72,"id":47674067},{"ltp":2.42,"id":47674068}]}]}
{"op":"mcm","clk":"11972950054","pt":1724711735817,"mc":[{"id":"1.232301071","rc":[{"ltp":1.74,"id":47674067},{"ltp":2.28,"id":47674068}]}]}
{"op":"mcm","clk":"11972953716","pt":1724711799415,"mc":[{"id":"1.232301071","rc":[{"ltp":1.75,"id":47674067},{"ltp":2.34,"id":47674068}]}]}
{"op":"mcm","clk":"11972956975","pt":1724711855838,"mc":[{"id":"1.232301071","rc":[{"ltp":1.74,"id":47674067},{"ltp":2.32,"id":47674068}]}]}
{"op":"mcm","clk":"11972960789","pt":1724711918032,"mc":[{"id":"1.232301071","rc":[{"ltp":1.76,"id":47674067}]}]}
{"op":"mcm","clk":"11972964155","pt":1724711979051,"mc":[{"id":"1.232301071","rc":[{"ltp":1.81,"id":47674067},{"ltp":2.22,"id":47674068}]}]}
{"op":"mcm","clk":"11972967325","pt":1724712039343,"mc":[{"id":"1.232301071","rc":[{"ltp":1.84,"id":47674067},{"ltp":2.18,"id":47674068}]}]}
{"op":"mcm","clk":"11972970632","pt":1724712096282,"mc":[{"id":"1.232301071","rc":[{"ltp":1.76,"id":47674067},{"ltp":2.32,"id":47674068}]}]}
{"op":"mcm","clk":"11972974136","pt":1724712159493,"mc":[{"id":"1.232301071","rc":[{"ltp":1.8,"id":47674067},{"ltp":2.26,"id":47674068}]}]}
{"op":"mcm","clk":"11972977656","pt":1724712218749,"mc":[{"id":"1.232301071","rc":[{"ltp":1.81,"id":47674067}]}]}
{"op":"mcm","clk":"11972980799","pt":1724712276253,"mc":[{"id":"1.232301071","rc":[{"ltp":1.82,"id":47674067},{"ltp":2.2,"id":47674068}]}]}
{"op":"mcm","clk":"11972984345","pt":1724712338659,"mc":[{"id":"1.232301071","rc":[{"ltp":1.73,"id":47674067},{"ltp":2.24,"id":47674068}]}]}
{"op":"mcm","clk":"11972987586","pt":1724712396433,"mc":[{"id":"1.232301071","rc":[{"ltp":1.81,"id":47674067}]}]}
{"op":"mcm","clk":"11972990955","pt":1724712458874,"mc":[{"id":"1.232301071","rc":[{"ltp":1.71,"id":47674067}]}]}
{"op":"mcm","clk":"11972994310","pt":1724712518683,"mc":[{"id":"1.232301071","rc":[{"ltp":1.74,"id":47674067}]}]}
{"op":"mcm","clk":"11972998104","pt":1724712579423,"mc":[{"id":"1.232301071","rc":[{"ltp":1.76,"id":47674067},{"ltp":2.26,"id":47674068}]}]}
{"op":"mcm","clk":"11973001312","pt":1724712638217,"mc":[{"id":"1.232301071","rc":[{"ltp":1.75,"id":47674067},{"ltp":2.34,"id":47674068}]}]}
{"op":"mcm","clk":"11973004401","pt":1724712695852,"mc":[{"id":"1.232301071","rc":[{"ltp":1.79,"id":47674067},{"ltp":2.26,"id":47674068}]}]}
{"op":"mcm","clk":"11973011655","pt":1724712818206,"mc":[{"id":"1.232301071","rc":[{"ltp":1.75,"id":47674067}]}]}
{"op":"mcm","clk":"11973014745","pt":1724712877377,"mc":[{"id":"1.232301071","rc":[{"ltp":1.78,"id":47674067}]}]}
{"op":"mcm","clk":"11973021451","pt":1724712999528,"mc":[{"id":"1.232301071","rc":[{"ltp":1.79,"id":47674067}]}]}
{"op":"mcm","clk":"11973024598","pt":1724713058884,"mc":[{"id":"1.232301071","rc":[{"ltp":1.78,"id":47674067},{"ltp":2.3,"id":47674068}]}]}
{"op":"mcm","clk":"11973027770","pt":1724713119156,"mc":[{"id":"1.232301071","rc":[{"ltp":1.75,"id":47674067},{"ltp":2.32,"id":47674068}]}]}
{"op":"mcm","clk":"11973030954","pt":1724713179225,"mc":[{"id":"1.232301071","rc":[{"ltp":1.71,"id":47674067},{"ltp":2.4,"id":47674068}]}]}
{"op":"mcm","clk":"11973034118","pt":1724713239473,"mc":[{"id":"1.232301071","marketDefinition":{"bspMarket":false,"turnInPlayEnabled":true,"persistenceEnabled":true,"marketBaseRate":5.0,"eventId":"33527093","eventTypeId":"4","numberOfWinners":1,"bettingType":"ODDS","marketType":"MATCH_ODDS","marketTime":"2024-08-26T23:00:00.000Z","suspendTime":"2024-08-26T23:00:00.000Z","bspReconciled":false,"complete":true,"inPlay":true,"crossMatching":true,"runnersVoidable":false,"numberOfActiveRunners":2,"betDelay":5,"status":"OPEN","runners":[{"status":"ACTIVE","sortPriority":1,"id":47674068,"name":"Guyana Amazon Warriors W"},{"status":"ACTIVE","sortPriority":2,"id":47674067,"name":"Barbados Royals W"}],"regulators":["MR_INT"],"countryCode":"GB","discountAllowed":true,"timezone":"GMT","openDate":"2024-08-26T23:00:00.000Z","version":6102563491,"name":"Match Odds","eventName":"Guyana Amazon Warriors v Barbados Royals Women"},"rc":[{"ltp":1.7,"id":47674067},{"ltp":2.1,"id":47674068}]}]}
{"op":"mcm","clk":"11973037672","pt":1724713299353,"mc":[{"id":"1.232301071","rc":[{"ltp":1.72,"id":47674067},{"ltp":2.46,"id":47674068}]}]}
{"op":"mcm","clk":"11973041321","pt":1724713359330,"mc":[{"id":"1.232301071","rc":[{"ltp":2.42,"id":47674068}]}]}
{"op":"mcm","clk":"11973045355","pt":1724713419508,"mc":[{"id":"1.232301071","rc":[{"ltp":1.68,"id":47674067},{"ltp":2.44,"id":47674068}]}]}
{"op":"mcm","clk":"11973048757","pt":1724713479366,"mc":[{"id":"1.232301071","rc":[{"ltp":1.78,"id":47674067},{"ltp":2.46,"id":47674068}]}]}
{"op":"mcm","clk":"11973052606","pt":1724713539381,"mc":[{"id":"1.232301071","rc":[{"ltp":1.9,"id":47674067},{"ltp":2.1,"id":47674068}]}]}
{"op":"mcm","clk":"11973056756","pt":1724713599321,"mc":[{"id":"1.232301071","rc":[{"ltp":1.78,"id":47674067},{"ltp":2.28,"id":47674068}]}]}
{"op":"mcm","clk":"11973060315","pt":1724713659506,"mc":[{"id":"1.232301071","rc":[{"ltp":1.81,"id":47674067},{"ltp":2.24,"id":47674068}]}]}
{"op":"mcm","clk":"11973064202","pt":1724713719501,"mc":[{"id":"1.232301071","rc":[{"ltp":1.78,"id":47674067}]}]}
{"op":"mcm","clk":"11973068378","pt":1724713779456,"mc":[{"id":"1.232301071","rc":[{"ltp":1.72,"id":47674067},{"ltp":2.44,"id":47674068}]}]}
{"op":"mcm","clk":"11973072457","pt":1724713839524,"mc":[{"id":"1.232301071","rc":[{"ltp":1.68,"id":47674067},{"ltp":2.38,"id":47674068}]}]}
{"op":"mcm","clk":"11973076463","pt":1724713899456,"mc":[{"id":"1.232301071","rc":[{"ltp":1.71,"id":47674067},{"ltp":2.4,"id":47674068}]}]}
{"op":"mcm","clk":"11973080840","pt":1724713959147,"mc":[{"id":"1.232301071","rc":[{"ltp":1.73,"id":47674067},{"ltp":2.34,"id":47674068}]}]}
{"op":"mcm","clk":"11973095224","pt":1724714019467,"mc":[{"id":"1.232301071","rc":[{"ltp":1.71,"id":47674067},{"ltp":2.4,"id":47674068}]}]}
{"op":"mcm","clk":"11973099365","pt":1724714079441,"mc":[{"id":"1.232301071","rc":[{"ltp":1.72,"id":47674067}]}]}
{"op":"mcm","clk":"11973103648","pt":1724714139502,"mc":[{"id":"1.232301071","rc":[{"ltp":1.77,"id":47674067},{"ltp":2.34,"id":47674068}]}]}
{"op":"mcm","clk":"11973107686","pt":1724714199515,"mc":[{"id":"1.232301071","rc":[{"ltp":1.72,"id":47674067},{"ltp":2.42,"id":47674068}]}]}
{"op":"mcm","clk":"11973112120","pt":1724714259385,"mc":[{"id":"1.232301071","rc":[{"ltp":1.71,"id":47674067},{"ltp":2.46,"id":47674068}]}]}
{"op":"mcm","clk":"11973116661","pt":1724714319475,"mc":[{"id":"1.232301071","rc":[{"ltp":2.24,"id":47674067},{"ltp":1.76,"id":47674068}]}]}
{"op":"mcm","clk":"11973120649","pt":1724714379444,"mc":[{"id":"1.232301071","rc":[{"ltp":2.2,"id":47674067},{"ltp":1.82,"id":47674068}]}]}
{"op":"mcm","clk":"11973124378","pt":1724714439491,"mc":[{"id":"1.232301071","rc":[{"ltp":2.14,"id":47674067},{"ltp":1.87,"id":47674068}]}]}
{"op":"mcm","clk":"11973128528","pt":1724714499260,"mc":[{"id":"1.232301071","rc":[{"ltp":1.96,"id":47674067},{"ltp":1.96,"id":47674068}]}]}
{"op":"mcm","clk":"11973131975","pt":1724714559343,"mc":[{"id":"1.232301071","rc":[{"ltp":2.02,"id":47674067},{"ltp":1.92,"id":47674068}]}]}
{"op":"mcm","clk":"11973135773","pt":1724714619538,"mc":[{"id":"1.232301071","rc":[{"ltp":2.16,"id":47674067},{"ltp":1.83,"id":47674068}]}]}
{"op":"mcm","clk":"11973138875","pt":1724714679109,"mc":[{"id":"1.232301071","rc":[{"ltp":2.18,"id":47674067},{"ltp":1.85,"id":47674068}]}]}
{"op":"mcm","clk":"11973142450","pt":1724714738997,"mc":[{"id":"1.232301071","rc":[{"ltp":2.12,"id":47674067},{"ltp":1.88,"id":47674068}]}]}
{"op":"mcm","clk":"11973145828","pt":1724714799280,"mc":[{"id":"1.232301071","rc":[{"ltp":2.16,"id":47674067},{"ltp":1.85,"id":47674068}]}]}
{"op":"mcm","clk":"11973149145","pt":1724714859505,"mc":[{"id":"1.232301071","rc":[{"ltp":2.06,"id":47674067},{"ltp":1.9,"id":47674068}]}]}
{"op":"mcm","clk":"11973152542","pt":1724714919082,"mc":[{"id":"1.232301071","rc":[{"ltp":1.92,"id":47674068}]}]}
{"op":"mcm","clk":"11973155918","pt":1724714979343,"mc":[{"id":"1.232301071","rc":[{"ltp":1.96,"id":47674068}]}]}
{"op":"mcm","clk":"11973159276","pt":1724715039231,"mc":[{"id":"1.232301071","rc":[{"ltp":1.93,"id":47674068}]}]}
{"op":"mcm","clk":"11973162622","pt":1724715099480,"mc":[{"id":"1.232301071","rc":[{"ltp":2.5,"id":47674067},{"ltp":1.66,"id":47674068}]}]}
{"op":"mcm","clk":"11973166186","pt":1724715159471,"mc":[{"id":"1.232301071","rc":[{"ltp":2.66,"id":47674067},{"ltp":1.6,"id":47674068}]}]}
{"op":"mcm","clk":"11973169913","pt":1724715219327,"mc":[{"id":"1.232301071","rc":[{"ltp":2.88,"id":47674067},{"ltp":1.51,"id":47674068}]}]}
{"op":"mcm","clk":"11973173706","pt":1724715279378,"mc":[{"id":"1.232301071","rc":[{"ltp":3.1,"id":47674067},{"ltp":1.48,"id":47674068}]}]}
{"op":"mcm","clk":"11973177285","pt":1724715339247,"mc":[{"id":"1.232301071","rc":[{"ltp":3.2,"id":47674067},{"ltp":1.46,"id":47674068}]}]}
{"op":"mcm","clk":"11973180777","pt":1724715398644,"mc":[{"id":"1.232301071","rc":[{"ltp":1.44,"id":47674068}]}]}
{"op":"mcm","clk":"11973184257","pt":1724715459481,"mc":[{"id":"1.232301071","rc":[{"ltp":1.46,"id":47674068}]}]}
{"op":"mcm","clk":"11973187406","pt":1724715519371,"mc":[{"id":"1.232301071","rc":[{"ltp":1.45,"id":47674068}]}]}
{"op":"mcm","clk":"11973190104","pt":1724715579036,"mc":[{"id":"1.232301071","rc":[{"ltp":3.3,"id":47674067},{"ltp":1.42,"id":47674068}]}]}
{"op":"mcm","clk":"11973192254","pt":1724715639314,"mc":[{"id":"1.232301071","rc":[{"ltp":1.43,"id":47674068}]}]}
{"op":"mcm","clk":"11973194633","pt":1724715698787,"mc":[{"id":"1.232301071","rc":[{"ltp":3.55,"id":47674067},{"ltp":1.4,"id":47674068}]}]}
{"op":"mcm","clk":"11973197468","pt":1724715759464,"mc":[{"id":"1.232301071","rc":[{"ltp":3.35,"id":47674067},{"ltp":1.42,"id":47674068}]}]}
{"op":"mcm","clk":"11973200198","pt":1724715819327,"mc":[{"id":"1.232301071","rc":[{"ltp":3.6,"id":47674067},{"ltp":1.38,"id":47674068}]}]}
{"op":"mcm","clk":"11973202885","pt":1724715879130,"mc":[{"id":"1.232301071","rc":[{"ltp":3.5,"id":47674067},{"ltp":1.4,"id":47674068}]}]}
{"op":"mcm","clk":"11973205669","pt":1724715939259,"mc":[{"id":"1.232301071","rc":[{"ltp":4.0,"id":47674067},{"ltp":1.33,"id":47674068}]}]}
{"op":"mcm","clk":"11973210934","pt":1724716059524,"mc":[{"id":"1.232301071","rc":[{"ltp":3.7,"id":47674067},{"ltp":1.37,"id":47674068}]}]}
{"op":"mcm","clk":"11973213706","pt":1724716118385,"mc":[{"id":"1.232301071","rc":[{"ltp":3.75,"id":47674067},{"ltp":1.36,"id":47674068}]}]}
{"op":"mcm","clk":"11973216059","pt":1724716179391,"mc":[{"id":"1.232301071","rc":[{"ltp":3.6,"id":47674067},{"ltp":1.38,"id":47674068}]}]}
{"op":"mcm","clk":"11973218633","pt":1724716239427,"mc":[{"id":"1.232301071","rc":[{"ltp":3.55,"id":47674067}]}]}
{"op":"mcm","clk":"11973220845","pt":1724716297820,"mc":[{"id":"1.232301071","rc":[{"ltp":3.7,"id":47674067},{"ltp":1.37,"id":47674068}]}]}
{"op":"mcm","clk":"11973223491","pt":1724716359428,"mc":[{"id":"1.232301071","rc":[{"ltp":4.0,"id":47674067},{"ltp":1.34,"id":47674068}]}]}
{"op":"mcm","clk":"11973226294","pt":1724716418905,"mc":[{"id":"1.232301071","rc":[{"ltp":3.9,"id":47674067},{"ltp":1.39,"id":47674068}]}]}
{"op":"mcm","clk":"11973228480","pt":1724716479274,"mc":[{"id":"1.232301071","rc":[{"ltp":3.5,"id":47674067},{"ltp":1.4,"id":47674068}]}]}
{"op":"mcm","clk":"11973230828","pt":1724716539057,"mc":[{"id":"1.232301071","rc":[{"ltp":3.35,"id":47674067},{"ltp":1.42,"id":47674068}]}]}
{"op":"mcm","clk":"11973233030","pt":1724716599233,"mc":[{"id":"1.232301071","rc":[{"ltp":3.5,"id":47674067},{"ltp":1.4,"id":47674068}]}]}
{"op":"mcm","clk":"11973238148","pt":1724716719284,"mc":[{"id":"1.232301071","rc":[{"ltp":3.4,"id":47674067}]}]}
{"op":"mcm","clk":"11973240382","pt":1724716778649,"mc":[{"id":"1.232301071","rc":[{"ltp":3.5,"id":47674067}]}]}
{"op":"mcm","clk":"11973242847","pt":1724716839444,"mc":[{"id":"1.232301071","rc":[{"ltp":3.4,"id":47674067},{"ltp":1.41,"id":47674068}]}]}
{"op":"mcm","clk":"11973245329","pt":1724716899401,"mc":[{"id":"1.232301071","rc":[{"ltp":3.3,"id":47674067},{"ltp":1.43,"id":47674068}]}]}
{"op":"mcm","clk":"11973247491","pt":1724716958895,"mc":[{"id":"1.232301071","rc":[{"ltp":4.0,"id":47674067},{"ltp":1.33,"id":47674068}]}]}
{"op":"mcm","clk":"11973249647","pt":1724717019260,"mc":[{"id":"1.232301071","rc":[{"ltp":3.75,"id":47674067},{"ltp":1.36,"id":47674068}]}]}
{"op":"mcm","clk":"11973251825","pt":1724717079462,"mc":[{"id":"1.232301071","rc":[{"ltp":3.55,"id":47674067},{"ltp":1.39,"id":47674068}]}]}
{"op":"mcm","clk":"11973254116","pt":1724717138910,"mc":[{"id":"1.232301071","rc":[{"ltp":3.3,"id":47674067},{"ltp":1.43,"id":47674068}]}]}
{"op":"mcm","clk":"11973256430","pt":1724717199440,"mc":[{"id":"1.232301071","rc":[{"ltp":3.85,"id":47674067},{"ltp":1.35,"id":47674068}]}]}
{"op":"mcm","clk":"11973258284","pt":1724717259468,"mc":[{"id":"1.232301071","rc":[{"ltp":1.37,"id":47674068}]}]}
{"op":"mcm","clk":"11973260149","pt":1724717318832,"mc":[{"id":"1.232301071","rc":[{"ltp":3.35,"id":47674067},{"ltp":1.44,"id":47674068}]}]}
{"op":"mcm","clk":"11973262168","pt":1724717379286,"mc":[{"id":"1.232301071","rc":[{"ltp":3.4,"id":47674067},{"ltp":1.42,"id":47674068}]}]}
{"op":"mcm","clk":"11973263979","pt":1724717439380,"mc":[{"id":"1.232301071","rc":[{"ltp":3.05,"id":47674067},{"ltp":1.48,"id":47674068}]}]}
{"op":"mcm","clk":"11973266236","pt":1724717499449,"mc":[{"id":"1.232301071","rc":[{"ltp":3.0,"id":47674067},{"ltp":1.63,"id":47674068}]}]}
{"op":"mcm","clk":"11973268744","pt":1724717559124,"mc":[{"id":"1.232301071","rc":[{"ltp":2.68,"id":47674067},{"ltp":1.58,"id":47674068}]}]}
{"op":"mcm","clk":"11973271207","pt":1724717619217,"mc":[{"id":"1.232301071","rc":[{"ltp":3.15,"id":47674067},{"ltp":1.45,"id":47674068}]}]}
{"op":"mcm","clk":"11973273293","pt":1724717679093,"mc":[{"id":"1.232301071","rc":[{"ltp":3.3,"id":47674067},{"ltp":1.43,"id":47674068}]}]}
{"op":"mcm","clk":"11973275707","pt":1724717739499,"mc":[{"id":"1.232301071","rc":[{"ltp":2.98,"id":47674067},{"ltp":1.52,"id":47674068}]}]}
{"op":"mcm","clk":"11973277996","pt":1724717799240,"mc":[{"id":"1.232301071","rc":[{"ltp":2.96,"id":47674067},{"ltp":1.5,"id":47674068}]}]}
{"op":"mcm","clk":"11973280118","pt":1724717859405,"mc":[{"id":"1.232301071","rc":[{"ltp":2.6,"id":47674067},{"ltp":1.61,"id":47674068}]}]}
{"op":"mcm","clk":"11973282353","pt":1724717919281,"mc":[{"id":"1.232301071","rc":[{"ltp":2.56,"id":47674067},{"ltp":1.63,"id":47674068}]}]}
{"op":"mcm","clk":"11973284750","pt":1724717979515,"mc":[{"id":"1.232301071","rc":[{"ltp":3.35,"id":47674067},{"ltp":1.42,"id":47674068}]}]}
{"op":"mcm","clk":"11973287100","pt":1724718039453,"mc":[{"id":"1.232301071","rc":[{"ltp":3.5,"id":47674067},{"ltp":1.41,"id":47674068}]}]}
{"op":"mcm","clk":"11973289381","pt":1724718098829,"mc":[{"id":"1.232301071","rc":[{"ltp":3.55,"id":47674067},{"ltp":1.39,"id":47674068}]}]}
{"op":"mcm","clk":"11973291369","pt":1724718159204,"mc":[{"id":"1.232301071","rc":[{"ltp":4.0,"id":47674067},{"ltp":1.33,"id":47674068}]}]}
{"op":"mcm","clk":"11973294389","pt":1724718219291,"mc":[{"id":"1.232301071","rc":[{"ltp":3.7,"id":47674067},{"ltp":1.37,"id":47674068}]}]}
{"op":"mcm","clk":"11973296545","pt":1724718279408,"mc":[{"id":"1.232301071","rc":[{"ltp":3.5,"id":47674067},{"ltp":1.4,"id":47674068}]}]}
{"op":"mcm","clk":"11973298614","pt":1724718339388,"mc":[{"id":"1.232301071","rc":[{"ltp":3.4,"id":47674067},{"ltp":1.41,"id":47674068}]}]}
{"op":"mcm","clk":"11973303237","pt":1724718459443,"mc":[{"id":"1.232301071","rc":[{"ltp":3.75,"id":47674067},{"ltp":1.35,"id":47674068}]}]}
{"op":"mcm","clk":"11973305120","pt":1724718519527,"mc":[{"id":"1.232301071","rc":[{"ltp":3.85,"id":47674067},{"ltp":1.34,"id":47674068}]}]}
{"op":"mcm","clk":"11973307115","pt":1724718579488,"mc":[{"id":"1.232301071","rc":[{"ltp":1.36,"id":47674068}]}]}
{"op":"mcm","clk":"11973309206","pt":1724718638282,"mc":[{"id":"1.232301071","rc":[{"ltp":1.35,"id":47674068}]}]}
{"op":"mcm","clk":"11973311328","pt":1724718699479,"mc":[{"id":"1.232301071","rc":[{"ltp":3.6,"id":47674067},{"ltp":1.4,"id":47674068}]}]}
{"op":"mcm","clk":"11973313546","pt":1724718759441,"mc":[{"id":"1.232301071","rc":[{"ltp":3.4,"id":47674067},{"ltp":1.41,"id":47674068}]}]}
{"op":"mcm","clk":"11973315831","pt":1724718819512,"mc":[{"id":"1.232301071","rc":[{"ltp":1.39,"id":47674068}]}]}
{"op":"mcm","clk":"11973318206","pt":1724718879371,"mc":[{"id":"1.232301071","rc":[{"ltp":3.55,"id":47674067},{"ltp":1.41,"id":47674068}]}]}
{"op":"mcm","clk":"11973320221","pt":1724718938950,"mc":[{"id":"1.232301071","rc":[{"ltp":3.5,"id":47674067},{"ltp":1.42,"id":47674068}]}]}
{"op":"mcm","clk":"11973322317","pt":1724718999258,"mc":[{"id":"1.232301071","rc":[{"ltp":3.35,"id":47674067},{"ltp":1.41,"id":47674068}]}]}
{"op":"mcm","clk":"11973324316","pt":1724719058550,"mc":[{"id":"1.232301071","rc":[{"ltp":3.4,"id":47674067}]}]}
{"op":"mcm","clk":"11973328035","pt":1724719177969,"mc":[{"id":"1.232301071","rc":[{"ltp":3.35,"id":47674067}]}]}
{"op":"mcm","clk":"11973330082","pt":1724719238731,"mc":[{"id":"1.232301071","rc":[{"ltp":3.45,"id":47674067}]}]}
{"op":"mcm","clk":"11973331695","pt":1724719299436,"mc":[{"id":"1.232301071","rc":[{"ltp":3.35,"id":47674067},{"ltp":1.45,"id":47674068}]}]}
{"op":"mcm","clk":"11973333325","pt":1724719356907,"mc":[{"id":"1.232301071","rc":[{"ltp":3.25,"id":47674067},{"ltp":1.44,"id":47674068}]}]}
{"op":"mcm","clk":"11973345201","pt":1724719419386,"mc":[{"id":"1.232301071","rc":[{"ltp":3.4,"id":47674067},{"ltp":1.43,"id":47674068}]}]}
{"op":"mcm","clk":"11973346855","pt":1724719479133,"mc":[{"id":"1.232301071","rc":[{"ltp":3.25,"id":47674067},{"ltp":1.45,"id":47674068}]}]}
{"op":"mcm","clk":"11973348754","pt":1724719539003,"mc":[{"id":"1.232301071","rc":[{"ltp":3.3,"id":47674067},{"ltp":1.42,"id":47674068}]}]}
{"op":"mcm","clk":"11973350538","pt":1724719597556,"mc":[{"id":"1.232301071","rc":[{"ltp":1.43,"id":47674068}]}]}
{"op":"mcm","clk":"11973352408","pt":1724719657420,"mc":[{"id":"1.232301071","rc":[{"ltp":3.25,"id":47674067},{"ltp":1.44,"id":47674068}]}]}
{"op":"mcm","clk":"11973354166","pt":1724719719450,"mc":[{"id":"1.232301071","rc":[{"ltp":1.43,"id":47674068}]}]}
{"op":"mcm","clk":"11973355899","pt":1724719779313,"mc":[{"id":"1.232301071","rc":[{"ltp":3.3,"id":47674067}]}]}
{"op":"mcm","clk":"11973357806","pt":1724719839316,"mc":[{"id":"1.232301071","rc":[{"ltp":3.55,"id":47674067},{"ltp":1.38,"id":47674068}]}]}
{"op":"mcm","clk":"11973360057","pt":1724719898979,"mc":[{"id":"1.232301071","rc":[{"ltp":1.39,"id":47674068}]}]}
{"op":"mcm","clk":"11973362022","pt":1724719959515,"mc":[{"id":"1.232301071","rc":[{"ltp":3.6,"id":47674067},{"ltp":1.38,"id":47674068}]}]}
{"op":"mcm","clk":"11973364305","pt":1724720019270,"mc":[{"id":"1.232301071","rc":[{"ltp":4.3,"id":47674067},{"ltp":1.3,"id":47674068}]}]}
{"op":"mcm","clk":"11973366463","pt":1724720079474,"mc":[{"id":"1.232301071","rc":[{"ltp":4.2,"id":47674067},{"ltp":1.31,"id":47674068}]}]}
{"op":"mcm","clk":"11973368410","pt":1724720139146,"mc":[{"id":"1.232301071","rc":[{"ltp":3.9,"id":47674067},{"ltp":1.34,"id":47674068}]}]}
{"op":"mcm","clk":"11973370514","pt":1724720199480,"mc":[{"id":"1.232301071","rc":[{"ltp":3.0,"id":47674067},{"ltp":1.49,"id":47674068}]}]}
{"op":"mcm","clk":"11973372486","pt":1724720259209,"mc":[{"id":"1.232301071","rc":[{"ltp":3.3,"id":47674067},{"ltp":1.43,"id":47674068}]}]}
{"op":"mcm","clk":"11973376704","pt":1724720379420,"mc":[{"id":"1.232301071","rc":[{"ltp":3.55,"id":47674067},{"ltp":1.38,"id":47674068}]}]}
{"op":"mcm","clk":"11973378896","pt":1724720439073,"mc":[{"id":"1.232301071","rc":[{"ltp":3.6,"id":47674067},{"ltp":1.39,"id":47674068}]}]}
{"op":"mcm","clk":"11973381157","pt":1724720499450,"mc":[{"id":"1.232301071","rc":[{"ltp":3.1,"id":47674067},{"ltp":1.47,"id":47674068}]}]}
{"op":"mcm","clk":"11973383311","pt":1724720559233,"mc":[{"id":"1.232301071","rc":[{"ltp":3.0,"id":47674067},{"ltp":1.49,"id":47674068}]}]}
{"op":"mcm","clk":"11973386264","pt":1724720619165,"mc":[{"id":"1.232301071","rc":[{"ltp":2.48,"id":47674067},{"ltp":1.69,"id":47674068}]}]}
{"op":"mcm","clk":"11973388842","pt":1724720679403,"mc":[{"id":"1.232301071","rc":[{"ltp":2.4,"id":47674067},{"ltp":1.71,"id":47674068}]}]}
{"op":"mcm","clk":"11973391426","pt":1724720739366,"mc":[{"id":"1.232301071","rc":[{"ltp":2.36,"id":47674067}]}]}
{"op":"mcm","clk":"11973394262","pt":1724720799515,"mc":[{"id":"1.232301071","rc":[{"ltp":2.72,"id":47674067},{"ltp":1.6,"id":47674068}]}]}
{"op":"mcm","clk":"11973396553","pt":1724720859510,"mc":[{"id":"1.232301071","rc":[{"ltp":2.58,"id":47674067},{"ltp":1.67,"id":47674068}]}]}
{"op":"mcm","clk":"11973398511","pt":1724720919488,"mc":[{"id":"1.232301071","rc":[{"ltp":2.68,"id":47674067},{"ltp":1.59,"id":47674068}]}]}
{"op":"mcm","clk":"11973400535","pt":1724720979455,"mc":[{"id":"1.232301071","rc":[{"ltp":2.72,"id":47674067},{"ltp":1.58,"id":47674068}]}]}
{"op":"mcm","clk":"11973402560","pt":1724721039443,"mc":[{"id":"1.232301071","rc":[{"ltp":2.42,"id":47674067},{"ltp":1.7,"id":47674068}]}]}
{"op":"mcm","clk":"11973404712","pt":1724721099322,"mc":[{"id":"1.232301071","rc":[{"ltp":2.6,"id":47674067},{"ltp":1.64,"id":47674068}]}]}
{"op":"mcm","clk":"11973406801","pt":1724721159488,"mc":[{"id":"1.232301071","rc":[{"ltp":2.68,"id":47674067},{"ltp":1.6,"id":47674068}]}]}
{"op":"mcm","clk":"11973408855","pt":1724721219475,"mc":[{"id":"1.232301071","rc":[{"ltp":2.62,"id":47674067},{"ltp":1.61,"id":47674068}]}]}
{"op":"mcm","clk":"11973410790","pt":1724721279218,"mc":[{"id":"1.232301071","rc":[{"ltp":2.8,"id":47674067},{"ltp":1.54,"id":47674068}]}]}
{"op":"mcm","clk":"11973412817","pt":1724721339512,"mc":[{"id":"1.232301071","rc":[{"ltp":2.86,"id":47674067}]}]}
{"op":"mcm","clk":"11973414755","pt":1724721399437,"mc":[{"id":"1.232301071","rc":[{"ltp":2.04,"id":47674067},{"ltp":1.98,"id":47674068}]}]}
{"op":"mcm","clk":"11973416687","pt":1724721459334,"mc":[{"id":"1.232301071","rc":[{"ltp":1.89,"id":47674067},{"ltp":2.12,"id":47674068}]}]}
{"op":"mcm","clk":"11973418794","pt":1724721519483,"mc":[{"id":"1.232301071","rc":[{"ltp":1.86,"id":47674067}]}]}
{"op":"mcm","clk":"11973420789","pt":1724721579438,"mc":[{"id":"1.232301071","rc":[{"ltp":1.88,"id":47674067}]}]}
{"op":"mcm","clk":"11973422885","pt":1724721639496,"mc":[{"id":"1.232301071","rc":[{"ltp":1.8,"id":47674067},{"ltp":2.24,"id":47674068}]}]}
{"op":"mcm","clk":"11973424872","pt":1724721699517,"mc":[{"id":"1.232301071","rc":[{"ltp":1.85,"id":47674067},{"ltp":2.16,"id":47674068}]}]}
{"op":"mcm","clk":"11973426874","pt":1724721759273,"mc":[{"id":"1.232301071","rc":[{"ltp":2.14,"id":47674068}]}]}
{"op":"mcm","clk":"11973429181","pt":1724721819406,"mc":[{"id":"1.232301071","rc":[{"ltp":1.89,"id":47674067},{"ltp":2.12,"id":47674068}]}]}
{"op":"mcm","clk":"11973431299","pt":1724721879404,"mc":[{"id":"1.232301071","rc":[{"ltp":1.93,"id":47674067},{"ltp":2.04,"id":47674068}]}]}
{"op":"mcm","clk":"11973433519","pt":1724721939538,"mc":[{"id":"1.232301071","rc":[{"ltp":2.16,"id":47674067},{"ltp":1.86,"id":47674068}]}]}
{"op":"mcm","clk":"11973435902","pt":1724721999500,"mc":[{"id":"1.232301071","rc":[{"ltp":2.32,"id":47674067},{"ltp":1.75,"id":47674068}]}]}
{"op":"mcm","clk":"11973438380","pt":1724722058994,"mc":[{"id":"1.232301071","rc":[{"ltp":1.87,"id":47674067},{"ltp":2.14,"id":47674068}]}]}
{"op":"mcm","clk":"11973440850","pt":1724722119346,"mc":[{"id":"1.232301071","rc":[{"ltp":1.48,"id":47674067},{"ltp":3.05,"id":47674068}]}]}
{"op":"mcm","clk":"11973443021","pt":1724722179512,"mc":[{"id":"1.232301071","rc":[{"ltp":1.56,"id":47674067},{"ltp":2.78,"id":47674068}]}]}
{"op":"mcm","clk":"11973445311","pt":1724722239467,"mc":[{"id":"1.232301071","rc":[{"ltp":1.62,"id":47674067},{"ltp":2.68,"id":47674068}]}]}
{"op":"mcm","clk":"11973448003","pt":1724722299446,"mc":[{"id":"1.232301071","rc":[{"ltp":1.49,"id":47674067},{"ltp":3.0,"id":47674068}]}]}
{"op":"mcm","clk":"11973450455","pt":1724722358667,"mc":[{"id":"1.232301071","rc":[{"ltp":1.52,"id":47674067},{"ltp":2.94,"id":47674068}]}]}
{"op":"mcm","clk":"11973452996","pt":1724722419463,"mc":[{"id":"1.232301071","rc":[{"ltp":1.5,"id":47674067},{"ltp":3.0,"id":47674068}]}]}
{"op":"mcm","clk":"11973455306","pt":1724722479434,"mc":[{"id":"1.232301071","rc":[{"ltp":1.45,"id":47674067},{"ltp":3.2,"id":47674068}]}]}
{"op":"mcm","clk":"11973457664","pt":1724722539181,"mc":[{"id":"1.232301071","rc":[{"ltp":1.44,"id":47674067},{"ltp":3.25,"id":47674068}]}]}
{"op":"mcm","clk":"11973463045","pt":1724722659449,"mc":[{"id":"1.232301071","rc":[{"ltp":1.46,"id":47674067},{"ltp":2.96,"id":47674068}]}]}
{"op":"mcm","clk":"11973465586","pt":1724722719510,"mc":[{"id":"1.232301071","rc":[{"ltp":1.5,"id":47674067},{"ltp":3.0,"id":47674068}]}]}
{"op":"mcm","clk":"11973470790","pt":1724722839474,"mc":[{"id":"1.232301071","rc":[{"ltp":1.54,"id":47674067},{"ltp":2.88,"id":47674068}]}]}
{"op":"mcm","clk":"11973473353","pt":1724722899513,"mc":[{"id":"1.232301071","rc":[{"ltp":1.58,"id":47674067},{"ltp":2.72,"id":47674068}]}]}
{"op":"mcm","clk":"11973475995","pt":1724722959494,"mc":[{"id":"1.232301071","rc":[{"ltp":1.57,"id":47674067}]}]}
{"op":"mcm","clk":"11973478511","pt":1724723019109,"mc":[{"id":"1.232301071","rc":[{"ltp":1.59,"id":47674067},{"ltp":2.68,"id":47674068}]}]}
{"op":"mcm","clk":"11973481113","pt":1724723079439,"mc":[{"id":"1.232301071","rc":[{"ltp":1.14,"id":47674067},{"ltp":8.0,"id":47674068}]}]}
{"op":"mcm","clk":"11973486647","pt":1724723199500,"mc":[{"id":"1.232301071","rc":[{"ltp":1.17,"id":47674067},{"ltp":7.0,"id":47674068}]}]}
{"op":"mcm","clk":"11973489310","pt":1724723259469,"mc":[{"id":"1.232301071","rc":[{"ltp":1.12,"id":47674067},{"ltp":8.0,"id":47674068}]}]}
{"op":"mcm","clk":"11973492088","pt":1724723319459,"mc":[{"id":"1.232301071","rc":[{"ltp":1.1,"id":47674067},{"ltp":11.0,"id":47674068}]}]}
{"op":"mcm","clk":"11973494570","pt":1724723379252,"mc":[{"id":"1.232301071","rc":[{"ltp":11.5,"id":47674068}]}]}
{"op":"mcm","clk":"11973497032","pt":1724723439426,"mc":[{"id":"1.232301071","rc":[{"ltp":1.12,"id":47674067},{"ltp":9.2,"id":47674068}]}]}
{"op":"mcm","clk":"11973499478","pt":1724723499499,"mc":[{"id":"1.232301071","rc":[{"ltp":1.13,"id":47674067}]}]}
{"op":"mcm","clk":"11973501959","pt":1724723559507,"mc":[{"id":"1.232301071","rc":[{"ltp":8.2,"id":47674068}]}]}
{"op":"mcm","clk":"11973504385","pt":1724723619269,"mc":[{"id":"1.232301071","rc":[{"ltp":1.12,"id":47674067},{"ltp":9.2,"id":47674068}]}]}
{"op":"mcm","clk":"11973506530","pt":1724723679451,"mc":[{"id":"1.232301071","rc":[{"ltp":1.13,"id":47674067},{"ltp":8.6,"id":47674068}]}]}
{"op":"mcm","clk":"11973508812","pt":1724723739487,"mc":[{"id":"1.232301071","rc":[{"ltp":1.1,"id":47674067},{"ltp":11.0,"id":47674068}]}]}
{"op":"mcm","clk":"11973511014","pt":1724723799478,"mc":[{"id":"1.232301071","rc":[{"ltp":1.06,"id":47674067},{"ltp":17.5,"id":47674068}]}]}
{"op":"mcm","clk":"11973513405","pt":1724723859359,"mc":[{"id":"1.232301071","rc":[{"ltp":1.05,"id":47674067},{"ltp":21.0,"id":47674068}]}]}
{"op":"mcm","clk":"11973516114","pt":1724723919513,"mc":[{"id":"1.232301071","rc":[{"ltp":1.04,"id":47674067},{"ltp":26.0,"id":47674068}]}]}
{"op":"mcm","clk":"11973518710","pt":1724723979416,"mc":[{"id":"1.232301071","rc":[{"ltp":27.0,"id":47674068}]}]}
{"op":"mcm","clk":"11973521029","pt":1724724039297,"mc":[{"id":"1.232301071","rc":[{"ltp":1.03,"id":47674067},{"ltp":44.0,"id":47674068}]}]}
{"op":"mcm","clk":"11973523505","pt":1724724099340,"mc":[{"id":"1.232301071","rc":[{"ltp":1.02,"id":47674067},{"ltp":50.0,"id":47674068}]}]}
{"op":"mcm","clk":"11973525876","pt":1724724159427,"mc":[{"id":"1.232301071","rc":[{"ltp":1.03,"id":47674067},{"ltp":55.0,"id":47674068}]}]}
{"op":"mcm","clk":"11973528548","pt":1724724219514,"mc":[{"id":"1.232301071","rc":[{"ltp":1.02,"id":47674067},{"ltp":50.0,"id":47674068}]}]}
{"op":"mcm","clk":"11973531112","pt":1724724279468,"mc":[{"id":"1.232301071","rc":[{"ltp":80.0,"id":47674068}]}]}
{"op":"mcm","clk":"11973533969","pt":1724724339277,"mc":[{"id":"1.232301071","rc":[{"ltp":1.01,"id":47674067},{"ltp":100.0,"id":47674068}]}]}
{"op":"mcm","clk":"11973536916","pt":1724724399537,"mc":[{"id":"1.232301071","rc":[{"ltp":110.0,"id":47674068}]}]}
{"op":"mcm","clk":"11973539898","pt":1724724459426,"mc":[{"id":"1.232301071","rc":[{"ltp":150.0,"id":47674068}]}]}
{"op":"mcm","clk":"11973542633","pt":1724724518210,"mc":[{"id":"1.232301071","rc":[{"ltp":270.0,"id":47674068}]}]}
{"op":"mcm","clk":"11973545283","pt":1724724579458,"mc":[{"id":"1.232301071","rc":[{"ltp":200.0,"id":47674068}]}]}
{"op":"mcm","clk":"11973547804","pt":1724724638445,"mc":[{"id":"1.232301071","rc":[{"ltp":400.0,"id":47674068}]}]}
{"op":"mcm","clk":"11973550441","pt":1724724697837,"mc":[{"id":"1.232301071","rc":[{"ltp":300.0,"id":47674068}]}]}
{"op":"mcm","clk":"11973565618","pt":1724724819503,"mc":[{"id":"1.232301071","rc":[{"ltp":1000.0,"id":47674068}]}]}
{"op":"mcm","clk":"11973568044","pt":1724724878443,"mc":[{"id":"1.232301071","rc":[{"ltp":270.0,"id":47674068}]}]}
{"op":"mcm","clk":"11973570737","pt":1724724938937,"mc":[{"id":"1.232301071","rc":[{"ltp":330.0,"id":47674068}]}]}
{"op":"mcm","clk":"11973572996","pt":1724724994896,"mc":[{"id":"1.232301071","rc":[{"ltp":470.0,"id":47674068}]}]}
{"op":"mcm","clk":"11973575806","pt":1724725057801,"mc":[{"id":"1.232301071","rc":[{"ltp":1000.0,"id":47674068}]}]}
{"op":"mcm","clk":"11973598793","pt":1724725518701,"mc":[{"id":"1.232301071","marketDefinition":{"bspMarket":false,"turnInPlayEnabled":true,"persistenceEnabled":true,"marketBaseRate":5.0,"eventId":"33527093","eventTypeId":"4","numberOfWinners":1,"bettingType":"ODDS","marketType":"MATCH_ODDS","marketTime":"2024-08-26T23:00:00.000Z","suspendTime":"2024-08-26T23:00:00.000Z","bspReconciled":false,"complete":true,"inPlay":true,"crossMatching":true,"runnersVoidable":false,"numberOfActiveRunners":2,"betDelay":5,"status":"SUSPENDED","runners":[{"status":"ACTIVE","sortPriority":1,"id":47674068,"name":"Guyana Amazon Warriors W"},{"status":"ACTIVE","sortPriority":2,"id":47674067,"name":"Barbados Royals W"}],"regulators":["MR_INT"],"countryCode":"GB","discountAllowed":true,"timezone":"GMT","openDate":"2024-08-26T23:00:00.000Z","version":6102817885,"name":"Match Odds","eventName":"Guyana Amazon Warriors v Barbados Royals Women"}}]}
{"op":"mcm","clk":"11973604023","pt":1724725646486,"mc":[{"id":"1.232301071","marketDefinition":{"bspMarket":false,"turnInPlayEnabled":true,"persistenceEnabled":true,"marketBaseRate":5.0,"eventId":"33527093","eventTypeId":"4","numberOfWinners":1,"bettingType":"ODDS","marketType":"MATCH_ODDS","marketTime":"2024-08-26T23:00:00.000Z","suspendTime":"2024-08-26T23:00:00.000Z","bspReconciled":false,"complete":true,"inPlay":true,"crossMatching":false,"runnersVoidable":false,"numberOfActiveRunners":0,"betDelay":5,"status":"CLOSED","settledTime":"2024-08-27T02:26:54.000Z","runners":[{"status":"LOSER","sortPriority":1,"id":47674068,"name":"Guyana Amazon Warriors W"},{"status":"WINNER","sortPriority":2,"id":47674067,"name":"Barbados Royals W"}],"regulators":["MR_INT"],"countryCode":"GB","discountAllowed":true,"timezone":"GMT","openDate":"2024-08-26T23:00:00.000Z","version":6102819059,"name":"Match Odds","eventName":"Guyana Amazon Warriors v Barbados Royals Women"}}]}
