{"op":"mcm","clk":"11790109439","pt":1723031431474,"mc":[{"id":"1.231545985","marketDefinition":{"bspMarket":false,"turnInPlayEnabled":true,"persistenceEnabled":true,"marketBaseRate":5.0,"eventId":"33475215","eventTypeId":"4","numberOfWinners":1,"bettingType":"ODDS","marketType":"MATCH_ODDS","marketTime":"2024-08-09T17:30:00.000Z","suspendTime":"2024-08-09T17:30:00.000Z","bspReconciled":false,"complete":true,"inPlay":false,"crossMatching":true,"runnersVoidable":false,"numberOfActiveRunners":2,"betDelay":0,"status":"OPEN","runners":[{"status":"ACTIVE","sortPriority":1,"id":26354928,"name":"London Spirit"},{"status":"ACTIVE","sortPriority":2,"id":26354922,"name":"Manchester Originals"}],"regulators":["MR_INT"],"countryCode":"GB","discountAllowed":true,"timezone":"GMT","openDate":"2024-08-09T17:30:00.000Z","version":6060589986,"name":"Match Odds","eventName":"London Spirit v Manchester Originals"}}]}
{"op":"mcm","clk":"11790480315","pt":1723037591947,"mc":[{"id":"1.231545985","rc":[{"ltp":1.49,"id":26354928},{"ltp":1.49,"id":26354922}]}]}
{"op":"mcm","clk":"11790925863","pt":1723043623053,"mc":[{"id":"1.231545985","rc":[{"ltp":1.15,"id":26354928}]}]}
{"op":"mcm","clk":"11791584622","pt":1723050307906,"mc":[{"id":"1.231545985","rc":[{"ltp":1.3,"id":26354928}]}]}
{"op":"mcm","clk":"11793097426","pt":1723062854729,"mc":[{"id":"1.231545985","rc":[{"ltp":1.7,"id":26354928},{"ltp":1.93,"id":26354922}]}]}
{"op":"mcm","clk":"11793100328","pt":1723062924696,"mc":[{"id":"1.231545985","rc":[{"ltp":1.95,"id":26354922}]}]}
{"op":"mcm","clk":"11793101944","pt":1723062973442,"mc":[{"id":"1.231545985","rc":[{"ltp":1.98,"id":26354922}]}]}
{"op":"mcm","clk":"11794330549","pt":1723088773020,"mc":[{"id":"1.231545985","rc":[{"ltp":1.92,"id":26354928},{"ltp":2.08,"id":26354922}]}]}
{"op":"mcm","clk":"11794611475","pt":1723096028425,"mc":[{"id":"1.231545985","rc":[{"ltp":1.9,"id":26354928}]}]}
{"op":"mcm","clk":"11794672991","pt":1723097815879,"mc":[{"id":"1.231545985","rc":[{"ltp":1.96,"id":26354928}]}]}
{"op":"mcm","clk":"11794786457","pt":1723100671755,"mc":[{"id":"1.231545985","rc":[{"ltp":2.04,"id":26354922}]}]}
{"op":"mcm","clk":"11795810510","pt":1723121417416,"mc":[{"id":"1.231545985","rc":[{"ltp":1.89,"id":26354928},{"ltp":2.1,"id":26354922}]}]}
{"op":"mcm","clk":"11795885816","pt":1723122894457,"mc":[{"id":"1.231545985","rc":[{"ltp":2.12,"id":26354922}]}]}
{"op":"mcm","clk":"11795900288","pt":1723123209321,"mc":[{"id":"1.231545985","rc":[{"ltp":1.85,"id":26354928}]}]}
{"op":"mcm","clk":"11795909412","pt":1723123402860,"mc":[{"id":"1.231545985","rc":[{"ltp":1.9,"id":26354928}]}]}
{"op":"mcm","clk":"11796246507","pt":1723129671962,"mc":[{"id":"1.231545985","rc":[{"ltp":2.1,"id":26354922}]}]}
{"op":"mcm","clk":"11797170728","pt":1723139519135,"mc":[{"id":"1.231545985","rc":[{"ltp":1.85,"id":26354928}]}]}
{"op":"mcm","clk":"11798042398","pt":1723145521461,"mc":[{"id":"1.231545985","rc":[{"ltp":1.84,"id":26354928},{"ltp":2.18,"id":26354922}]}]}
{"op":"mcm","clk":"11798370774","pt":1723148906347,"mc":[{"id":"1.231545985","rc":[{"ltp":1.78,"id":26354928},{"ltp":2.2,"id":26354922}]}]}
{"op":"mcm","clk":"11798407436","pt":1723149643669,"mc":[{"id":"1.231545985","rc":[{"ltp":1.8,"id":26354928}]}]}
{"op":"mcm","clk":"11798411670","pt":1723149734439,"mc":[{"id":"1.231545985","rc":[{"ltp":1.84,"id":26354928},{"ltp":2.18,"id":26354922}]}]}
{"op":"mcm","clk":"11798426799","pt":1723149798501,"mc":[{"id":"1.231545985","rc":[{"ltp":1.8,"id":26354928}]}]}
{"op":"mcm","clk":"11798429531","pt":1723149866247,"mc":[{"id":"1.231545985","rc":[{"ltp":1.78,"id":26354928}]}]}
{"op":"mcm","clk":"11798430983","pt":1723149901812,"mc":[{"id":"1.231545985","rc":[{"ltp":1.75,"id":26354928}]}]}
{"op":"mcm","clk":"11798437451","pt":1723150030381,"mc":[{"id":"1.231545985","rc":[{"ltp":1.76,"id":26354928}]}]}
{"op":"mcm","clk":"11798446463","pt":1723150210881,"mc":[{"id":"1.231545985","rc":[{"ltp":1.78,"id":26354928}]}]}
{"op":"mcm","clk":"11798465066","pt":1723150583222,"mc":[{"id":"1.231545985","rc":[{"ltp":1.77,"id":26354928}]}]}
{"op":"mcm","clk":"11798493947","pt":1723151286917,"mc":[{"id":"1.231545985","rc":[{"ltp":1.78,"id":26354928},{"ltp":2.28,"id":26354922}]}]}
{"op":"mcm","clk":"11798511739","pt":1723151721886,"mc":[{"id":"1.231545985","rc":[{"ltp":1.77,"id":26354928}]}]}
{"op":"mcm","clk":"11798693784","pt":1723155983792,"mc":[{"id":"1.231545985","rc":[{"ltp":1.76,"id":26354928},{"ltp":2.3,"id":26354922}]}]}
{"op":"mcm","clk":"11798790674","pt":1723158671169,"mc":[{"id":"1.231545985","rc":[{"ltp":1.77,"id":26354928},{"ltp":2.28,"id":26354922}]}]}
{"op":"mcm","clk":"11798825329","pt":1723159571726,"mc":[{"id":"1.231545985","rc":[{"ltp":2.32,"id":26354922}]}]}
{"op":"mcm","clk":"11798849099","pt":1723160222497,"mc":[{"id":"1.231545985","rc":[{"ltp":1.79,"id":26354928}]}]}
{"op":"mcm","clk":"11798947008","pt":1723162504365,"mc":[{"id":"1.231545985","rc":[{"ltp":1.78,"id":26354928}]}]}
{"op":"mcm","clk":"11798956964","pt":1723162759303,"mc":[{"id":"1.231545985","rc":[{"ltp":2.26,"id":26354922}]}]}
{"op":"mcm","clk":"11799055152","pt":1723165762850,"mc":[{"id":"1.231545985","rc":[{"ltp":1.79,"id":26354928}]}]}
{"op":"mcm","clk":"11799086561","pt":1723166244522,"mc":[{"id":"1.231545985","rc":[{"ltp":1.76,"id":26354928}]}]}
{"op":"mcm","clk":"11799444092","pt":1723176207626,"mc":[{"id":"1.231545985","rc":[{"ltp":1.79,"id":26354928}]}]}
{"op":"mcm","clk":"11799615963","pt":1723181171897,"mc":[{"id":"1.231545985","rc":[{"ltp":1.8,"id":26354928},{"ltp":2.22,"id":26354922}]}]}
{"op":"mcm","clk":"11799658216","pt":1723182418967,"mc":[{"id":"1.231545985","rc":[{"ltp":1.79,"id":26354928}]}]}
{"op":"mcm","clk":"11799701080","pt":1723184304554,"mc":[{"id":"1.231545985","rc":[{"ltp":1.81,"id":26354928}]}]}
{"op":"mcm","clk":"11799736918","pt":1723185587356,"mc":[{"id":"1.231545985","rc":[{"ltp":2.2,"id":26354922}]}]}
{"op":"mcm","clk":"11799755651","pt":1723186281311,"mc":[{"id":"1.231545985","rc":[{"ltp":1.82,"id":26354928},{"ltp":2.22,"id":26354922}]}]}
{"op":"mcm","clk":"11799767612","pt":1723186860404,"mc":[{"id":"1.231545985","rc":[{"ltp":2.2,"id":26354922}]}]}
{"op":"mcm","clk":"11799827066","pt":1723188568063,"mc":[{"id":"1.231545985","rc":[{"ltp":2.22,"id":26354922}]}]}
{"op":"mcm","clk":"11799861812","pt":1723189921840,"mc":[{"id":"1.231545985","rc":[{"ltp":1.83,"id":26354928},{"ltp":2.2,"id":26354922}]}]}
{"op":"mcm","clk":"11799892374","pt":1723190939490,"mc":[{"id":"1.231545985","rc":[{"ltp":1.82,"id":26354928}]}]}
{"op":"mcm","clk":"11799910145","pt":1723191447467,"mc":[{"id":"1.231545985","rc":[{"ltp":1.83,"id":26354928}]}]}
{"op":"mcm","clk":"11799942830","pt":1723192368394,"mc":[{"id":"1.231545985","rc":[{"ltp":1.82,"id":26354928}]}]}
{"op":"mcm","clk":"11800010437","pt":1723193672859,"mc":[{"id":"1.231545985","rc":[{"ltp":1.83,"id":26354928}]}]}
{"op":"mcm","clk":"11800040688","pt":1723194324066,"mc":[{"id":"1.231545985","rc":[{"ltp":1.84,"id":26354928}]}]}
{"op":"mcm","clk":"11800043456","pt":1723194382608,"mc":[{"id":"1.231545985","rc":[{"ltp":1.83,"id":26354928}]}]}
{"op":"mcm","clk":"11800059053","pt":1723194678049,"mc":[{"id":"1.231545985","rc":[{"ltp":1.82,"id":26354928}]}]}
{"op":"mcm","clk":"11800112392","pt":1723195500705,"mc":[{"id":"1.231545985","rc":[{"ltp":1.83,"id":26354928}]}]}
{"op":"mcm","clk":"11800117820","pt":1723195574361,"mc":[{"id":"1.231545985","rc":[{"ltp":1.82,"id":26354928}]}]}
{"op":"mcm","clk":"11800156440","pt":1723196067751,"mc":[{"id":"1.231545985","rc":[{"ltp":1.83,"id":26354928}]}]}
{"op":"mcm","clk":"11800302538","pt":1723197958434,"mc":[{"id":"1.231545985","rc":[{"ltp":1.82,"id":26354928}]}]}
{"op":"mcm","clk":"11800351970","pt":1723198430977,"mc":[{"id":"1.231545985","rc":[{"ltp":1.81,"id":26354928},{"ltp":2.22,"id":26354922}]}]}
{"op":"mcm","clk":"11800413110","pt":1723199183916,"mc":[{"id":"1.231545985","rc":[{"ltp":1.82,"id":26354928}]}]}
{"op":"mcm","clk":"11800492522","pt":1723200077915,"mc":[{"id":"1.231545985","rc":[{"ltp":1.81,"id":26354928}]}]}
{"op":"mcm","clk":"11800520009","pt":1723200441423,"mc":[{"id":"1.231545985","rc":[{"ltp":2.24,"id":26354922}]}]}
{"op":"mcm","clk":"11800538328","pt":1723200651139,"mc":[{"id":"1.231545985","rc":[{"ltp":1.82,"id":26354928},{"ltp":2.22,"id":26354922}]}]}
{"op":"mcm","clk":"11800558634","pt":1723200907511,"mc":[{"id":"1.231545985","rc":[{"ltp":1.81,"id":26354928}]}]}
{"op":"mcm","clk":"11800588498","pt":1723201304678,"mc":[{"id":"1.231545985","rc":[{"ltp":1.82,"id":26354928}]}]}
{"op":"mcm","clk":"11800601352","pt":1723201466534,"mc":[{"id":"1.231545985","rc":[{"ltp":1.81,"id":26354928}]}]}
{"op":"mcm","clk":"11800667381","pt":1723202288971,"mc":[{"id":"1.231545985","rc":[{"ltp":1.82,"id":26354928}]}]}
{"op":"mcm","clk":"11800684155","pt":1723202486941,"mc":[{"id":"1.231545985","rc":[{"ltp":1.81,"id":26354928}]}]}
{"op":"mcm","clk":"11800774837","pt":1723203625022,"mc":[{"id":"1.231545985","rc":[{"ltp":1.82,"id":26354928},{"ltp":2.2,"id":26354922}]}]}
{"op":"mcm","clk":"11800786958","pt":1723203747073,"mc":[{"id":"1.231545985","rc":[{"ltp":1.81,"id":26354928}]}]}
{"op":"mcm","clk":"11800853756","pt":1723204450399,"mc":[{"id":"1.231545985","rc":[{"ltp":1.83,"id":26354928}]}]}
{"op":"mcm","clk":"11800879244","pt":1723204756658,"mc":[{"id":"1.231545985","rc":[{"ltp":1.82,"id":26354928}]}]}
{"op":"mcm","clk":"11800960757","pt":1723205713191,"mc":[{"id":"1.231545985","rc":[{"ltp":2.22,"id":26354922}]}]}
{"op":"mcm","clk":"11801051423","pt":1723206812588,"mc":[{"id":"1.231545985","rc":[{"ltp":2.2,"id":26354922}]}]}
{"op":"mcm","clk":"11801064362","pt":1723206993179,"mc":[{"id":"1.231545985","rc":[{"ltp":1.81,"id":26354928}]}]}
{"op":"mcm","clk":"11801069793","pt":1723207099588,"mc":[{"id":"1.231545985","rc":[{"ltp":1.8,"id":26354928},{"ltp":2.24,"id":26354922}]}]}
{"op":"mcm","clk":"11801072852","pt":1723207160660,"mc":[{"id":"1.231545985","rc":[{"ltp":1.81,"id":26354928}]}]}
{"op":"mcm","clk":"11801090941","pt":1723207458442,"mc":[{"id":"1.231545985","rc":[{"ltp":1.8,"id":26354928}]}]}
{"op":"mcm","clk":"11801101605","pt":1723207606626,"mc":[{"id":"1.231545985","rc":[{"ltp":2.22,"id":26354922}]}]}
{"op":"mcm","clk":"11801143709","pt":1723208180807,"mc":[{"id":"1.231545985","rc":[{"ltp":2.24,"id":26354922}]}]}
{"op":"mcm","clk":"11801147458","pt":1723208243283,"mc":[{"id":"1.231545985","rc":[{"ltp":1.81,"id":26354928}]}]}
{"op":"mcm","clk":"11801163551","pt":1723208482197,"mc":[{"id":"1.231545985","rc":[{"ltp":1.8,"id":26354928}]}]}
{"op":"mcm","clk":"11801263313","pt":1723209813488,"mc":[{"id":"1.231545985","rc":[{"ltp":2.22,"id":26354922}]}]}
{"op":"mcm","clk":"11801304304","pt":1723210363315,"mc":[{"id":"1.231545985","rc":[{"ltp":1.79,"id":26354928},{"ltp":2.24,"id":26354922}]}]}
{"op":"mcm","clk":"11801309472","pt":1723210435440,"mc":[{"id":"1.231545985","rc":[{"ltp":2.22,"id":26354922}]}]}
{"op":"mcm","clk":"11801345902","pt":1723211005726,"mc":[{"id":"1.231545985","rc":[{"ltp":1.8,"id":26354928}]}]}
{"op":"mcm","clk":"11801367005","pt":1723211346973,"mc":[{"id":"1.231545985","rc":[{"ltp":1.79,"id":26354928},{"ltp":2.24,"id":26354922}]}]}
{"op":"mcm","clk":"11801396162","pt":1723211842519,"mc":[{"id":"1.231545985","rc":[{"ltp":2.26,"id":26354922}]}]}
{"op":"mcm","clk":"11801401930","pt":1723211937036,"mc":[{"id":"1.231545985","rc":[{"ltp":2.24,"id":26354922}]}]}
{"op":"mcm","clk":"11801410927","pt":1723212073275,"mc":[{"id":"1.231545985","rc":[{"ltp":1.8,"id":26354928}]}]}
{"op":"mcm","clk":"11801414883","pt":1723212146851,"mc":[{"id":"1.231545985","rc":[{"ltp":2.28,"id":26354922}]}]}
{"op":"mcm","clk":"11801417924","pt":1723212199089,"mc":[{"id":"1.231545985","rc":[{"ltp":1.79,"id":26354928},{"ltp":2.24,"id":26354922}]}]}
{"op":"mcm","clk":"11801441478","pt":1723212586589,"mc":[{"id":"1.231545985","rc":[{"ltp":1.8,"id":26354928}]}]}
{"op":"mcm","clk":"11801447475","pt":1723212683465,"mc":[{"id":"1.231545985","rc":[{"ltp":1.79,"id":26354928},{"ltp":2.28,"id":26354922}]}]}
{"op":"mcm","clk":"11801450322","pt":1723212737342,"mc":[{"id":"1.231545985","rc":[{"ltp":1.8,"id":26354928},{"ltp":2.26,"id":26354922}]}]}
{"op":"mcm","clk":"11801453616","pt":1723212797497,"mc":[{"id":"1.231545985","rc":[{"ltp":1.79,"id":26354928}]}]}
{"op":"mcm","clk":"11801476802","pt":1723213224467,"mc":[{"id":"1.231545985","rc":[{"ltp":1.78,"id":26354928}]}]}
{"op":"mcm","clk":"11801479982","pt":1723213282408,"mc":[{"id":"1.231545985","rc":[{"ltp":1.79,"id":26354928}]}]}
{"op":"mcm","clk":"11801483785","pt":1723213348004,"mc":[{"id":"1.231545985","rc":[{"ltp":1.81,"id":26354928}]}]}
{"op":"mcm","clk":"11801486266","pt":1723213395143,"mc":[{"id":"1.231545985","rc":[{"ltp":1.79,"id":26354928}]}]}
{"op":"mcm","clk":"11801493960","pt":1723213524779,"mc":[{"id":"1.231545985","rc":[{"ltp":1.8,"id":26354928}]}]}
{"op":"mcm","clk":"11801501481","pt":1723213648068,"mc":[{"id":"1.231545985","rc":[{"ltp":1.78,"id":26354928},{"ltp":2.28,"id":26354922}]}]}
{"op":"mcm","clk":"11801517016","pt":1723213885933,"mc":[{"id":"1.231545985","rc":[{"ltp":1.77,"id":26354928}]}]}
{"op":"mcm","clk":"11801520755","pt":1723213946414,"mc":[{"id":"1.231545985","rc":[{"ltp":1.78,"id":26354928}]}]}
{"op":"mcm","clk":"11801522550","pt":1723213975337,"mc":[{"id":"1.231545985","rc":[{"ltp":1.77,"id":26354928},{"ltp":2.3,"id":26354922}]}]}
{"op":"mcm","clk":"11801525608","pt":1723214025684,"mc":[{"id":"1.231545985","rc":[{"ltp":2.28,"id":26354922}]}]}
{"op":"mcm","clk":"11801548136","pt":1723214366264,"mc":[{"id":"1.231545985","rc":[{"ltp":1.76,"id":26354928}]}]}
{"op":"mcm","clk":"11801551582","pt":1723214427903,"mc":[{"id":"1.231545985","rc":[{"ltp":1.77,"id":26354928}]}]}
{"op":"mcm","clk":"11801557455","pt":1723214515624,"mc":[{"id":"1.231545985","rc":[{"ltp":1.78,"id":26354928}]}]}
{"op":"mcm","clk":"11801577310","pt":1723214600488,"mc":[{"id":"1.231545985","rc":[{"ltp":1.77,"id":26354928}]}]}
{"op":"mcm","clk":"11801660653","pt":1723215860300,"mc":[{"id":"1.231545985","rc":[{"ltp":1.78,"id":26354928}]}]}
{"op":"mcm","clk":"11801664089","pt":1723215903324,"mc":[{"id":"1.231545985","rc":[{"ltp":1.77,"id":26354928}]}]}
{"op":"mcm","clk":"11801757463","pt":1723217247667,"mc":[{"id":"1.231545985","rc":[{"ltp":1.78,"id":26354928},{"ltp":2.34,"id":26354922}]}]}
{"op":"mcm","clk":"11801760464","pt":1723217292323,"mc":[{"id":"1.231545985","rc":[{"ltp":1.77,"id":26354928}]}]}
{"op":"mcm","clk":"11801779199","pt":1723217548079,"mc":[{"id":"1.231545985","rc":[{"ltp":1.74,"id":26354928}]}]}
{"op":"mcm","clk":"11801782933","pt":1723217598346,"mc":[{"id":"1.231545985","rc":[{"ltp":1.77,"id":26354928},{"ltp":2.32,"id":26354922}]}]}
{"op":"mcm","clk":"11801788027","pt":1723217668406,"mc":[{"id":"1.231545985","rc":[{"ltp":1.76,"id":26354928}]}]}
{"op":"mcm","clk":"11801790532","pt":1723217704923,"mc":[{"id":"1.231545985","rc":[{"ltp":2.3,"id":26354922}]}]}
{"op":"mcm","clk":"11801796053","pt":1723217785959,"mc":[{"id":"1.231545985","rc":[{"ltp":2.32,"id":26354922}]}]}
{"op":"mcm","clk":"11801818910","pt":1723218086696,"mc":[{"id":"1.231545985","rc":[{"ltp":2.3,"id":26354922}]}]}
{"op":"mcm","clk":"11801827670","pt":1723218197420,"mc":[{"id":"1.231545985","rc":[{"ltp":1.77,"id":26354928}]}]}
{"op":"mcm","clk":"11801833318","pt":1723218262414,"mc":[{"id":"1.231545985","rc":[{"ltp":1.74,"id":26354928}]}]}
{"op":"mcm","clk":"11801847197","pt":1723218445187,"mc":[{"id":"1.231545985","rc":[{"ltp":1.76,"id":26354928}]}]}
{"op":"mcm","clk":"11801850681","pt":1723218499047,"mc":[{"id":"1.231545985","rc":[{"ltp":1.75,"id":26354928}]}]}
{"op":"mcm","clk":"11801854658","pt":1723218565909,"mc":[{"id":"1.231545985","rc":[{"ltp":1.77,"id":26354928}]}]}
{"op":"mcm","clk":"11801864452","pt":1723218725976,"mc":[{"id":"1.231545985","rc":[{"ltp":2.28,"id":26354922}]}]}
{"op":"mcm","clk":"11801897548","pt":1723219223054,"mc":[{"id":"1.231545985","rc":[{"ltp":1.78,"id":26354928}]}]}
{"op":"mcm","clk":"11801908656","pt":1723219327356,"mc":[{"id":"1.231545985","rc":[{"ltp":1.77,"id":26354928},{"ltp":2.3,"id":26354922}]}]}
{"op":"mcm","clk":"11801919418","pt":1723219411912,"mc":[{"id":"1.231545985","rc":[{"ltp":2.28,"id":26354922}]}]}
{"op":"mcm","clk":"11801941585","pt":1723219587315,"mc":[{"id":"1.231545985","rc":[{"ltp":2.3,"id":26354922}]}]}
{"op":"mcm","clk":"11801949211","pt":1723219647895,"mc":[{"id":"1.231545985","rc":[{"ltp":1.75,"id":26354928},{"ltp":2.32,"id":26354922}]}]}
{"op":"mcm","clk":"11801962214","pt":1723219752972,"mc":[{"id":"1.231545985","rc":[{"ltp":1.77,"id":26354928},{"ltp":2.3,"id":26354922}]}]}
{"op":"mcm","clk":"11801976797","pt":1723219870797,"mc":[{"id":"1.231545985","rc":[{"ltp":1.76,"id":26354928}]}]}
{"op":"mcm","clk":"11802012759","pt":1723220038698,"mc":[{"id":"1.231545985","rc":[{"ltp":2.32,"id":26354922}]}]}
{"op":"mcm","clk":"11802040684","pt":1723220267272,"mc":[{"id":"1.231545985","rc":[{"ltp":1.77,"id":26354928},{"ltp":2.3,"id":26354922}]}]}
{"op":"mcm","clk":"11802083077","pt":1723220601489,"mc":[{"id":"1.231545985","rc":[{"ltp":1.76,"id":26354928}]}]}
{"op":"mcm","clk":"11802091062","pt":1723220667644,"mc":[{"id":"1.231545985","rc":[{"ltp":2.28,"id":26354922}]}]}
{"op":"mcm","clk":"11802097353","pt":1723220718468,"mc":[{"id":"1.231545985","rc":[{"ltp":2.32,"id":26354922}]}]}
{"op":"mcm","clk":"11802102252","pt":1723220758015,"mc":[{"id":"1.231545985","rc":[{"ltp":1.77,"id":26354928},{"ltp":2.28,"id":26354922}]}]}
{"op":"mcm","clk":"11802144009","pt":1723221087014,"mc":[{"id":"1.231545985","rc":[{"ltp":1.76,"id":26354928}]}]}
{"op":"mcm","clk":"11802160051","pt":1723221196156,"mc":[{"id":"1.231545985","rc":[{"ltp":1.77,"id":26354928}]}]}
{"op":"mcm","clk":"11802169342","pt":1723221259640,"mc":[{"id":"1.231545985","rc":[{"ltp":1.78,"id":26354928}]}]}
{"op":"mcm","clk":"11802177441","pt":1723221312998,"mc":[{"id":"1.231545985","rc":[{"ltp":1.77,"id":26354928}]}]}
{"op":"mcm","clk":"11802204030","pt":1723221487705,"mc":[{"id":"1.231545985","rc":[{"ltp":1.78,"id":26354928}]}]}
{"op":"mcm","clk":"11802216541","pt":1723221567439,"mc":[{"id":"1.231545985","rc":[{"ltp":1.77,"id":26354928}]}]}
{"op":"mcm","clk":"11802235075","pt":1723221688041,"mc":[{"id":"1.231545985","rc":[{"ltp":1.76,"id":26354928},{"ltp":2.3,"id":26354922}]}]}
{"op":"mcm","clk":"11802244039","pt":1723221748309,"mc":[{"id":"1.231545985","rc":[{"ltp":1.78,"id":26354928}]}]}
{"op":"mcm","clk":"11802253087","pt":1723221807751,"mc":[{"id":"1.231545985","rc":[{"ltp":1.76,"id":26354928}]}]}
{"op":"mcm","clk":"11802260423","pt":1723221854694,"mc":[{"id":"1.231545985","rc":[{"ltp":1.77,"id":26354928},{"ltp":2.28,"id":26354922}]}]}
{"op":"mcm","clk":"11802280661","pt":1723221987546,"mc":[{"id":"1.231545985","rc":[{"ltp":1.76,"id":26354928},{"ltp":2.3,"id":26354922}]}]}
{"op":"mcm","clk":"11802296714","pt":1723222108457,"mc":[{"id":"1.231545985","rc":[{"ltp":1.91,"id":26354928},{"ltp":2.1,"id":26354922}]}]}
{"op":"mcm","clk":"11802303922","pt":1723222168416,"mc":[{"id":"1.231545985","rc":[{"ltp":1.86,"id":26354928},{"ltp":2.18,"id":26354922}]}]}
{"op":"mcm","clk":"11802310914","pt":1723222227032,"mc":[{"id":"1.231545985","rc":[{"ltp":1.85,"id":26354928},{"ltp":2.16,"id":26354922}]}]}
{"op":"mcm","clk":"11802318816","pt":1723222287917,"mc":[{"id":"1.231545985","rc":[{"ltp":1.82,"id":26354928},{"ltp":2.2,"id":26354922}]}]}
{"op":"mcm","clk":"11802325980","pt":1723222348074,"mc":[{"id":"1.231545985","rc":[{"ltp":1.78,"id":26354928},{"ltp":2.28,"id":26354922}]}]}
{"op":"mcm","clk":"11802332583","pt":1723222404617,"mc":[{"id":"1.231545985","rc":[{"ltp":1.82,"id":26354928},{"ltp":2.2,"id":26354922}]}]}
{"op":"mcm","clk":"11802339994","pt":1723222467848,"mc":[{"id":"1.231545985","rc":[{"ltp":1.81,"id":26354928}]}]}
{"op":"mcm","clk":"11802346990","pt":1723222525969,"mc":[{"id":"1.231545985","rc":[{"ltp":1.79,"id":26354928},{"ltp":2.26,"id":26354922}]}]}
{"op":"mcm","clk":"11802354229","pt":1723222588181,"mc":[{"id":"1.231545985","rc":[{"ltp":1.8,"id":26354928},{"ltp":2.24,"id":26354922}]}]}
{"op":"mcm","clk":"11802360889","pt":1723222648308,"mc":[{"id":"1.231545985","rc":[{"ltp":1.81,"id":26354928},{"ltp":2.22,"id":26354922}]}]}
{"op":"mcm","clk":"11802367537","pt":1723222705255,"mc":[{"id":"1.231545985","rc":[{"ltp":1.8,"id":26354928}]}]}
{"op":"mcm","clk":"11802374524","pt":1723222766867,"mc":[{"id":"1.231545985","rc":[{"ltp":1.81,"id":26354928},{"ltp":2.24,"id":26354922}]}]}
{"op":"mcm","clk":"11802381956","pt":1723222827460,"mc":[{"id":"1.231545985","rc":[{"ltp":1.82,"id":26354928},{"ltp":2.22,"id":26354922}]}]}
{"op":"mcm","clk":"11802390185","pt":1723222887655,"mc":[{"id":"1.231545985","rc":[{"ltp":1.81,"id":26354928},{"ltp":2.24,"id":26354922}]}]}
{"op":"mcm","clk":"11802398383","pt":1723222948261,"mc":[{"id":"1.231545985","rc":[{"ltp":1.71,"id":26354928},{"ltp":2.4,"id":26354922}]}]}
{"op":"mcm","clk":"11802407175","pt":1723223008242,"mc":[{"id":"1.231545985","rc":[{"ltp":1.72,"id":26354928},{"ltp":2.38,"id":26354922}]}]}
{"op":"mcm","clk":"11802426787","pt":1723223128287,"mc":[{"id":"1.231545985","rc":[{"ltp":1.73,"id":26354928},{"ltp":2.34,"id":26354922}]}]}
{"op":"mcm","clk":"11802437221","pt":1723223187777,"mc":[{"id":"1.231545985","rc":[{"ltp":2.38,"id":26354922}]}]}
{"op":"mcm","clk":"11802447918","pt":1723223247569,"mc":[{"id":"1.231545985","rc":[{"ltp":1.72,"id":26354928}]}]}
{"op":"mcm","clk":"11802469875","pt":1723223368289,"mc":[{"id":"1.231545985","rc":[{"ltp":1.73,"id":26354928},{"ltp":2.36,"id":26354922}]}]}
{"op":"mcm","clk":"11802492547","pt":1723223488402,"mc":[{"id":"1.231545985","rc":[{"ltp":1.74,"id":26354928}]}]}
{"op":"mcm","clk":"11802503592","pt":1723223547443,"mc":[{"id":"1.231545985","rc":[{"ltp":1.73,"id":26354928}]}]}
{"op":"mcm","clk":"11802515090","pt":1723223607804,"mc":[{"id":"1.231545985","rc":[{"ltp":1.72,"id":26354928}]}]}
{"op":"mcm","clk":"11802526486","pt":1723223667893,"mc":[{"id":"1.231545985","rc":[{"ltp":2.38,"id":26354922}]}]}
{"op":"mcm","clk":"11802537761","pt":1723223728345,"mc":[{"id":"1.231545985","rc":[{"ltp":2.36,"id":26354922}]}]}
{"op":"mcm","clk":"11802548456","pt":1723223788025,"mc":[{"id":"1.231545985","rc":[{"ltp":1.71,"id":26354928},{"ltp":2.4,"id":26354922}]}]}
{"op":"mcm","clk":"11802559129","pt":1723223848356,"mc":[{"id":"1.231545985","rc":[{"ltp":1.7,"id":26354928},{"ltp":2.42,"id":26354922}]}]}
{"op":"mcm","clk":"11802569298","pt":1723223908309,"mc":[{"id":"1.231545985","rc":[{"ltp":1.71,"id":26354928},{"ltp":2.38,"id":26354922}]}]}
{"op":"mcm","clk":"11802578694","pt":1723223968374,"mc":[{"id":"1.231545985","rc":[{"ltp":1.73,"id":26354928}]}]}
{"op":"mcm","clk":"11802587810","pt":1723224028354,"mc":[{"id":"1.231545985","rc":[{"ltp":1.72,"id":26354928},{"ltp":2.36,"id":26354922}]}]}
{"op":"mcm","clk":"11802596936","pt":1723224088315,"mc":[{"id":"1.231545985","rc":[{"ltp":1.73,"id":26354928}]}]}
{"op":"mcm","clk":"11802606718","pt":1723224148365,"mc":[{"id":"1.231545985","rc":[{"ltp":1.74,"id":26354928}]}]}
{"op":"mcm","clk":"11802616791","pt":1723224208194,"mc":[{"id":"1.231545985","rc":[{"ltp":1.73,"id":26354928}]}]}
{"op":"mcm","clk":"11802645935","pt":1723224388017,"mc":[{"id":"1.231545985","rc":[{"ltp":1.72,"id":26354928}]}]}
{"op":"mcm","clk":"11802655904","pt":1723224448180,"mc":[{"id":"1.231545985","rc":[{"ltp":1.7,"id":26354928},{"ltp":2.42,"id":26354922}]}]}
{"op":"mcm","clk":"11802666077","pt":1723224507954,"mc":[{"id":"1.231545985","rc":[{"ltp":1.68,"id":26354928},{"ltp":2.46,"id":26354922}]}]}
{"op":"mcm","clk":"11802676302","pt":1723224568314,"mc":[{"id":"1.231545985","rc":[{"ltp":1.66,"id":26354928},{"ltp":2.5,"id":26354922}]}]}
{"op":"mcm","clk":"11802687198","pt":1723224628365,"mc":[{"id":"1.231545985","marketDefinition":{"bspMarket":false,"turnInPlayEnabled":true,"persistenceEnabled":true,"marketBaseRate":5.0,"eventId":"33475215","eventTypeId":"4","numberOfWinners":1,"bettingType":"ODDS","marketType":"MATCH_ODDS","marketTime":"2024-08-09T17:30:00.000Z","suspendTime":"2024-08-09T17:30:00.000Z","bspReconciled":false,"complete":true,"inPlay":true,"crossMatching":true,"runnersVoidable":false,"numberOfActiveRunners":2,"betDelay":5,"status":"OPEN","runners":[{"status":"ACTIVE","sortPriority":1,"id":26354928,"name":"London Spirit"},{"status":"ACTIVE","sortPriority":2,"id":26354922,"name":"Manchester Originals"}],"regulators":["MR_INT"],"countryCode":"GB","discountAllowed":true,"timezone":"GMT","openDate":"2024-08-09T17:30:00.000Z","version":6063641237,"name":"Match Odds","eventName":"London Spirit v Manchester Originals"},"rc":[{"ltp":1.64,"id":26354928},{"ltp":2.56,"id":26354922}]}]}
{"op":"mcm","clk":"11802698805","pt":1723224688385,"mc":[{"id":"1.231545985","rc":[{"ltp":1.71,"id":26354928},{"ltp":2.4,"id":26354922}]}]}
{"op":"mcm","clk":"11802710471","pt":1723224748253,"mc":[{"id":"1.231545985","rc":[{"ltp":2.38,"id":26354922}]}]}
{"op":"mcm","clk":"11802722448","pt":1723224808412,"mc":[{"id":"1.231545985","rc":[{"ltp":1.7,"id":26354928},{"ltp":2.42,"id":26354922}]}]}
{"op":"mcm","clk":"11802734274","pt":1723224868439,"mc":[{"id":"1.231545985","rc":[{"ltp":1.5,"id":26354928},{"ltp":3.0,"id":26354922}]}]}
{"op":"mcm","clk":"11802746277","pt":1723224928404,"mc":[{"id":"1.231545985","rc":[{"ltp":1.52,"id":26354928},{"ltp":2.9,"id":26354922}]}]}
{"op":"mcm","clk":"11802758023","pt":1723224988360,"mc":[{"id":"1.231545985","rc":[{"ltp":1.58,"id":26354928},{"ltp":2.74,"id":26354922}]}]}
{"op":"mcm","clk":"11802769395","pt":1723225048412,"mc":[{"id":"1.231545985","rc":[{"ltp":1.57,"id":26354928}]}]}
{"op":"mcm","clk":"11802780825","pt":1723225108407,"mc":[{"id":"1.231545985","rc":[{"ltp":1.56,"id":26354928},{"ltp":2.78,"id":26354922}]}]}
{"op":"mcm","clk":"11802792101","pt":1723225168453,"mc":[{"id":"1.231545985","rc":[{"ltp":1.55,"id":26354928}]}]}
{"op":"mcm","clk":"11802804354","pt":1723225228349,"mc":[{"id":"1.231545985","rc":[{"ltp":2.9,"id":26354922}]}]}
{"op":"mcm","clk":"11802817111","pt":1723225288364,"mc":[{"id":"1.231545985","rc":[{"ltp":2.78,"id":26354922}]}]}
{"op":"mcm","clk":"11802829298","pt":1723225348415,"mc":[{"id":"1.231545985","rc":[{"ltp":1.59,"id":26354928},{"ltp":2.68,"id":26354922}]}]}
{"op":"mcm","clk":"11802856914","pt":1723225408364,"mc":[{"id":"1.231545985","rc":[{"ltp":1.62,"id":26354928},{"ltp":2.6,"id":26354922}]}]}
{"op":"mcm","clk":"11802868711","pt":1723225468443,"mc":[{"id":"1.231545985","rc":[{"ltp":1.64,"id":26354928},{"ltp":2.56,"id":26354922}]}]}
{"op":"mcm","clk":"11802880445","pt":1723225528430,"mc":[{"id":"1.231545985","rc":[{"ltp":1.67,"id":26354928},{"ltp":2.48,"id":26354922}]}]}
{"op":"mcm","clk":"11802891764","pt":1723225588443,"mc":[{"id":"1.231545985","rc":[{"ltp":1.64,"id":26354928},{"ltp":2.56,"id":26354922}]}]}
{"op":"mcm","clk":"11802902792","pt":1723225648419,"mc":[{"id":"1.231545985","rc":[{"ltp":1.63,"id":26354928},{"ltp":2.58,"id":26354922}]}]}
{"op":"mcm","clk":"11802913229","pt":1723225708442,"mc":[{"id":"1.231545985","rc":[{"ltp":2.6,"id":26354922}]}]}
{"op":"mcm","clk":"11802923060","pt":1723225768437,"mc":[{"id":"1.231545985","rc":[{"ltp":1.73,"id":26354928},{"ltp":2.38,"id":26354922}]}]}
{"op":"mcm","clk":"11802932292","pt":1723225828307,"mc":[{"id":"1.231545985","rc":[{"ltp":1.72,"id":26354928}]}]}
{"op":"mcm","clk":"11802941526","pt":1723225888456,"mc":[{"id":"1.231545985","rc":[{"ltp":1.67,"id":26354928},{"ltp":2.48,"id":26354922}]}]}
{"op":"mcm","clk":"11802951181","pt":1723225948392,"mc":[{"id":"1.231545985","rc":[{"ltp":1.66,"id":26354928},{"ltp":2.5,"id":26354922}]}]}
{"op":"mcm","clk":"11802959367","pt":1723226008263,"mc":[{"id":"1.231545985","rc":[{"ltp":1.63,"id":26354928},{"ltp":2.58,"id":26354922}]}]}
{"op":"mcm","clk":"11802967394","pt":1723226068440,"mc":[{"id":"1.231545985","rc":[{"ltp":1.58,"id":26354928},{"ltp":2.72,"id":26354922}]}]}
{"op":"mcm","clk":"11802976012","pt":1723226128402,"mc":[{"id":"1.231545985","rc":[{"ltp":1.61,"id":26354928},{"ltp":2.68,"id":26354922}]}]}
{"op":"mcm","clk":"11802984959","pt":1723226188379,"mc":[{"id":"1.231545985","rc":[{"ltp":1.59,"id":26354928}]}]}
{"op":"mcm","clk":"11802993025","pt":1723226248239,"mc":[{"id":"1.231545985","rc":[{"ltp":1.6,"id":26354928},{"ltp":2.66,"id":26354922}]}]}
{"op":"mcm","clk":"11803000844","pt":1723226308416,"mc":[{"id":"1.231545985","rc":[{"ltp":1.58,"id":26354928},{"ltp":2.72,"id":26354922}]}]}
{"op":"mcm","clk":"11803009134","pt":1723226368407,"mc":[{"id":"1.231545985","rc":[{"ltp":1.6,"id":26354928},{"ltp":2.66,"id":26354922}]}]}
{"op":"mcm","clk":"11803018436","pt":1723226428421,"mc":[{"id":"1.231545985","rc":[{"ltp":1.61,"id":26354928},{"ltp":2.62,"id":26354922}]}]}
{"op":"mcm","clk":"11803038320","pt":1723226548177,"mc":[{"id":"1.231545985","rc":[{"ltp":1.62,"id":26354928},{"ltp":2.6,"id":26354922}]}]}
{"op":"mcm","clk":"11803049391","pt":1723226608362,"mc":[{"id":"1.231545985","rc":[{"ltp":1.61,"id":26354928},{"ltp":2.62,"id":26354922}]}]}
{"op":"mcm","clk":"11803060030","pt":1723226668401,"mc":[{"id":"1.231545985","rc":[{"ltp":1.57,"id":26354928},{"ltp":2.74,"id":26354922}]}]}
{"op":"mcm","clk":"11803070646","pt":1723226728300,"mc":[{"id":"1.231545985","rc":[{"ltp":1.59,"id":26354928},{"ltp":2.7,"id":26354922}]}]}
{"op":"mcm","clk":"11803080710","pt":1723226788140,"mc":[{"id":"1.231545985","rc":[{"ltp":2.68,"id":26354922}]}]}
{"op":"mcm","clk":"11803091137","pt":1723226848276,"mc":[{"id":"1.231545985","rc":[{"ltp":2.7,"id":26354922}]}]}
{"op":"mcm","clk":"11803101907","pt":1723226908374,"mc":[{"id":"1.231545985","rc":[{"ltp":1.55,"id":26354928},{"ltp":2.8,"id":26354922}]}]}
{"op":"mcm","clk":"11803113635","pt":1723226968427,"mc":[{"id":"1.231545985","rc":[{"ltp":1.51,"id":26354928},{"ltp":3.05,"id":26354922}]}]}
{"op":"mcm","clk":"11803124976","pt":1723227028415,"mc":[{"id":"1.231545985","rc":[{"ltp":1.52,"id":26354928},{"ltp":2.9,"id":26354922}]}]}
{"op":"mcm","clk":"11803136171","pt":1723227088427,"mc":[{"id":"1.231545985","rc":[{"ltp":1.59,"id":26354928},{"ltp":2.7,"id":26354922}]}]}
{"op":"mcm","clk":"11803147584","pt":1723227148399,"mc":[{"id":"1.231545985","rc":[{"ltp":1.64,"id":26354928},{"ltp":2.6,"id":26354922}]}]}
{"op":"mcm","clk":"11803159127","pt":1723227208259,"mc":[{"id":"1.231545985","rc":[{"ltp":1.63,"id":26354928},{"ltp":2.56,"id":26354922}]}]}
{"op":"mcm","clk":"11803170896","pt":1723227268434,"mc":[{"id":"1.231545985","rc":[{"ltp":1.61,"id":26354928},{"ltp":2.62,"id":26354922}]}]}
{"op":"mcm","clk":"11803182637","pt":1723227328379,"mc":[{"id":"1.231545985","rc":[{"ltp":1.63,"id":26354928},{"ltp":2.6,"id":26354922}]}]}
{"op":"mcm","clk":"11803194061","pt":1723227388450,"mc":[{"id":"1.231545985","rc":[{"ltp":1.82,"id":26354928},{"ltp":2.22,"id":26354922}]}]}
{"op":"mcm","clk":"11803206070","pt":1723227448434,"mc":[{"id":"1.231545985","rc":[{"ltp":1.77,"id":26354928},{"ltp":2.28,"id":26354922}]}]}
{"op":"mcm","clk":"11803218160","pt":1723227508377,"mc":[{"id":"1.231545985","rc":[{"ltp":1.92,"id":26354928},{"ltp":2.1,"id":26354922}]}]}
{"op":"mcm","clk":"11803229979","pt":1723227568458,"mc":[{"id":"1.231545985","rc":[{"ltp":1.93,"id":26354928},{"ltp":2.06,"id":26354922}]}]}
{"op":"mcm","clk":"11803242150","pt":1723227628385,"mc":[{"id":"1.231545985","rc":[{"ltp":2.26,"id":26354928},{"ltp":1.79,"id":26354922}]}]}
{"op":"mcm","clk":"11803253463","pt":1723227688365,"mc":[{"id":"1.231545985","rc":[{"ltp":1.95,"id":26354928},{"ltp":1.99,"id":26354922}]}]}
{"op":"mcm","clk":"11803264672","pt":1723227748305,"mc":[{"id":"1.231545985","rc":[{"ltp":2.02,"id":26354928},{"ltp":1.97,"id":26354922}]}]}
{"op":"mcm","clk":"11803275596","pt":1723227808390,"mc":[{"id":"1.231545985","rc":[{"ltp":1.98,"id":26354928},{"ltp":2.02,"id":26354922}]}]}
{"op":"mcm","clk":"11803286004","pt":1723227868373,"mc":[{"id":"1.231545985","rc":[{"ltp":2.06,"id":26354928},{"ltp":1.94,"id":26354922}]}]}
{"op":"mcm","clk":"11803296930","pt":1723227928442,"mc":[{"id":"1.231545985","rc":[{"ltp":2.28,"id":26354928},{"ltp":1.77,"id":26354922}]}]}
{"op":"mcm","clk":"11803308170","pt":1723227988390,"mc":[{"id":"1.231545985","rc":[{"ltp":2.2,"id":26354928},{"ltp":1.82,"id":26354922}]}]}
{"op":"mcm","clk":"11803318819","pt":1723228048447,"mc":[{"id":"1.231545985","rc":[{"ltp":2.12,"id":26354928},{"ltp":1.9,"id":26354922}]}]}
{"op":"mcm","clk":"11803329100","pt":1723228108431,"mc":[{"id":"1.231545985","rc":[{"ltp":1.84,"id":26354928},{"ltp":2.18,"id":26354922}]}]}
{"op":"mcm","clk":"11803340186","pt":1723228168443,"mc":[{"id":"1.231545985","rc":[{"ltp":1.78,"id":26354928},{"ltp":2.28,"id":26354922}]}]}
{"op":"mcm","clk":"11803350781","pt":1723228228409,"mc":[{"id":"1.231545985","rc":[{"ltp":1.77,"id":26354928},{"ltp":2.3,"id":26354922}]}]}
{"op":"mcm","clk":"11803361255","pt":1723228288459,"mc":[{"id":"1.231545985","rc":[{"ltp":1.64,"id":26354928},{"ltp":2.52,"id":26354922}]}]}
{"op":"mcm","clk":"11803371929","pt":1723228348408,"mc":[{"id":"1.231545985","rc":[{"ltp":1.63,"id":26354928},{"ltp":2.58,"id":26354922}]}]}
{"op":"mcm","clk":"11803382189","pt":1723228408376,"mc":[{"id":"1.231545985","rc":[{"ltp":1.59,"id":26354928},{"ltp":2.7,"id":26354922}]}]}
{"op":"mcm","clk":"11803393184","pt":1723228468355,"mc":[{"id":"1.231545985","rc":[{"ltp":1.7,"id":26354928},{"ltp":2.44,"id":26354922}]}]}
{"op":"mcm","clk":"11803404471","pt":1723228528448,"mc":[{"id":"1.231545985","rc":[{"ltp":1.54,"id":26354928},{"ltp":2.84,"id":26354922}]}]}
{"op":"mcm","clk":"11803415398","pt":1723228588442,"mc":[{"id":"1.231545985","rc":[{"ltp":1.66,"id":26354928},{"ltp":2.48,"id":26354922}]}]}
{"op":"mcm","clk":"11803426656","pt":1723228648425,"mc":[{"id":"1.231545985","rc":[{"ltp":1.7,"id":26354928},{"ltp":2.44,"id":26354922}]}]}
{"op":"mcm","clk":"11803438160","pt":1723228708376,"mc":[{"id":"1.231545985","rc":[{"ltp":1.65,"id":26354928},{"ltp":2.52,"id":26354922}]}]}
{"op":"mcm","clk":"11803449388","pt":1723228768405,"mc":[{"id":"1.231545985","rc":[{"ltp":1.61,"id":26354928},{"ltp":2.62,"id":26354922}]}]}
{"op":"mcm","clk":"11803460143","pt":1723228828375,"mc":[{"id":"1.231545985","rc":[{"ltp":1.67,"id":26354928},{"ltp":2.48,"id":26354922}]}]}
{"op":"mcm","clk":"11803471401","pt":1723228888449,"mc":[{"id":"1.231545985","rc":[{"ltp":1.74,"id":26354928},{"ltp":2.38,"id":26354922}]}]}
{"op":"mcm","clk":"11803482596","pt":1723228948366,"mc":[{"id":"1.231545985","rc":[{"ltp":1.86,"id":26354928},{"ltp":2.16,"id":26354922}]}]}
{"op":"mcm","clk":"11803493458","pt":1723229008456,"mc":[{"id":"1.231545985","rc":[{"ltp":1.77,"id":26354928},{"ltp":2.3,"id":26354922}]}]}
{"op":"mcm","clk":"11803504346","pt":1723229068460,"mc":[{"id":"1.231545985","rc":[{"ltp":1.78,"id":26354928},{"ltp":2.32,"id":26354922}]}]}
{"op":"mcm","clk":"11803514606","pt":1723229128378,"mc":[{"id":"1.231545985","rc":[{"ltp":1.75,"id":26354928}]}]}
{"op":"mcm","clk":"11803536291","pt":1723229248386,"mc":[{"id":"1.231545985","rc":[{"ltp":1.71,"id":26354928},{"ltp":2.4,"id":26354922}]}]}
{"op":"mcm","clk":"11803557002","pt":1723229368400,"mc":[{"id":"1.231545985","rc":[{"ltp":1.7,"id":26354928},{"ltp":2.42,"id":26354922}]}]}
{"op":"mcm","clk":"11803566827","pt":1723229428359,"mc":[{"id":"1.231545985","rc":[{"ltp":2.44,"id":26354922}]}]}
{"op":"mcm","clk":"11803576279","pt":1723229488451,"mc":[{"id":"1.231545985","rc":[{"ltp":1.71,"id":26354928}]}]}
{"op":"mcm","clk":"11803585062","pt":1723229548178,"mc":[{"id":"1.231545985","rc":[{"ltp":2.38,"id":26354922}]}]}
{"op":"mcm","clk":"11803594113","pt":1723229608441,"mc":[{"id":"1.231545985","rc":[{"ltp":1.72,"id":26354928},{"ltp":2.4,"id":26354922}]}]}
{"op":"mcm","clk":"11803611538","pt":1723229728299,"mc":[{"id":"1.231545985","rc":[{"ltp":1.71,"id":26354928},{"ltp":2.42,"id":26354922}]}]}
{"op":"mcm","clk":"11803620389","pt":1723229787831,"mc":[{"id":"1.231545985","rc":[{"ltp":2.38,"id":26354922}]}]}
{"op":"mcm","clk":"11803628961","pt":1723229848324,"mc":[{"id":"1.231545985","rc":[{"ltp":1.7,"id":26354928},{"ltp":2.4,"id":26354922}]}]}
{"op":"mcm","clk":"11803637305","pt":1723229908375,"mc":[{"id":"1.231545985","rc":[{"ltp":2.42,"id":26354922}]}]}
{"op":"mcm","clk":"11803645901","pt":1723229968361,"mc":[{"id":"1.231545985","rc":[{"ltp":1.69,"id":26354928},{"ltp":2.44,"id":26354922}]}]}
{"op":"mcm","clk":"11803654797","pt":1723230028441,"mc":[{"id":"1.231545985","rc":[{"ltp":1.7,"id":26354928},{"ltp":2.42,"id":26354922}]}]}
{"op":"mcm","clk":"11803663739","pt":1723230088058,"mc":[{"id":"1.231545985","rc":[{"ltp":1.69,"id":26354928}]}]}
{"op":"mcm","clk":"11803672774","pt":1723230148445,"mc":[{"id":"1.231545985","rc":[{"ltp":1.72,"id":26354928},{"ltp":2.4,"id":26354922}]}]}
{"op":"mcm","clk":"11803681866","pt":1723230208283,"mc":[{"id":"1.231545985","rc":[{"ltp":1.76,"id":26354928},{"ltp":2.3,"id":26354922}]}]}
{"op":"mcm","clk":"11803691309","pt":1723230268357,"mc":[{"id":"1.231545985","rc":[{"ltp":1.6,"id":26354928},{"ltp":2.66,"id":26354922}]}]}
{"op":"mcm","clk":"11803701284","pt":1723230328268,"mc":[{"id":"1.231545985","rc":[{"ltp":1.61,"id":26354928},{"ltp":2.64,"id":26354922}]}]}
{"op":"mcm","clk":"11803711173","pt":1723230388328,"mc":[{"id":"1.231545985","rc":[{"ltp":2.62,"id":26354922}]}]}
{"op":"mcm","clk":"11803721669","pt":1723230448383,"mc":[{"id":"1.231545985","rc":[{"ltp":1.52,"id":26354928},{"ltp":2.92,"id":26354922}]}]}
{"op":"mcm","clk":"11803731855","pt":1723230508451,"mc":[{"id":"1.231545985","rc":[{"ltp":1.8,"id":26354928},{"ltp":2.26,"id":26354922}]}]}
{"op":"mcm","clk":"11803742309","pt":1723230568440,"mc":[{"id":"1.231545985","rc":[{"ltp":1.77,"id":26354928},{"ltp":2.28,"id":26354922}]}]}
{"op":"mcm","clk":"11803753103","pt":1723230628397,"mc":[{"id":"1.231545985","rc":[{"ltp":2.44,"id":26354928},{"ltp":1.7,"id":26354922}]}]}
{"op":"mcm","clk":"11803763801","pt":1723230688392,"mc":[{"id":"1.231545985","rc":[{"ltp":2.28,"id":26354928},{"ltp":1.78,"id":26354922}]}]}
{"op":"mcm","clk":"11803775112","pt":1723230748433,"mc":[{"id":"1.231545985","rc":[{"ltp":2.34,"id":26354928},{"ltp":1.74,"id":26354922}]}]}
{"op":"mcm","clk":"11803801027","pt":1723230808414,"mc":[{"id":"1.231545985","rc":[{"ltp":3.1,"id":26354928},{"ltp":1.46,"id":26354922}]}]}
{"op":"mcm","clk":"11803811104","pt":1723230868454,"mc":[{"id":"1.231545985","rc":[{"ltp":3.25,"id":26354928},{"ltp":1.45,"id":26354922}]}]}
{"op":"mcm","clk":"11803821204","pt":1723230928415,"mc":[{"id":"1.231545985","rc":[{"ltp":3.5,"id":26354928},{"ltp":1.4,"id":26354922}]}]}
{"op":"mcm","clk":"11803831534","pt":1723230988385,"mc":[{"id":"1.231545985","rc":[{"ltp":3.4,"id":26354928},{"ltp":1.41,"id":26354922}]}]}
{"op":"mcm","clk":"11803840620","pt":1723231048370,"mc":[{"id":"1.231545985","rc":[{"ltp":3.7,"id":26354928},{"ltp":1.37,"id":26354922}]}]}
{"op":"mcm","clk":"11803850363","pt":1723231108449,"mc":[{"id":"1.231545985","rc":[{"ltp":4.1,"id":26354928},{"ltp":1.32,"id":26354922}]}]}
{"op":"mcm","clk":"11803860276","pt":1723231168117,"mc":[{"id":"1.231545985","rc":[{"ltp":3.95,"id":26354928},{"ltp":1.34,"id":26354922}]}]}
{"op":"mcm","clk":"11803870197","pt":1723231228376,"mc":[{"id":"1.231545985","rc":[{"ltp":3.35,"id":26354928},{"ltp":1.42,"id":26354922}]}]}
{"op":"mcm","clk":"11803880295","pt":1723231288363,"mc":[{"id":"1.231545985","rc":[{"ltp":3.55,"id":26354928},{"ltp":1.39,"id":26354922}]}]}
{"op":"mcm","clk":"11803890780","pt":1723231348421,"mc":[{"id":"1.231545985","rc":[{"ltp":3.7,"id":26354928},{"ltp":1.37,"id":26354922}]}]}
{"op":"mcm","clk":"11803901451","pt":1723231408398,"mc":[{"id":"1.231545985","rc":[{"ltp":3.85,"id":26354928},{"ltp":1.35,"id":26354922}]}]}
{"op":"mcm","clk":"11803912158","pt":1723231468366,"mc":[{"id":"1.231545985","rc":[{"ltp":3.6,"id":26354928},{"ltp":1.38,"id":26354922}]}]}
{"op":"mcm","clk":"11803922727","pt":1723231528333,"mc":[{"id":"1.231545985","rc":[{"ltp":3.4,"id":26354928},{"ltp":1.41,"id":26354922}]}]}
{"op":"mcm","clk":"11803932903","pt":1723231588353,"mc":[{"id":"1.231545985","rc":[{"ltp":2.98,"id":26354928},{"ltp":1.5,"id":26354922}]}]}
{"op":"mcm","clk":"11803942776","pt":1723231648418,"mc":[{"id":"1.231545985","rc":[{"ltp":2.3,"id":26354928},{"ltp":1.77,"id":26354922}]}]}
{"op":"mcm","clk":"11803952657","pt":1723231708448,"mc":[{"id":"1.231545985","rc":[{"ltp":2.42,"id":26354928},{"ltp":1.7,"id":26354922}]}]}
{"op":"mcm","clk":"11803962700","pt":1723231768404,"mc":[{"id":"1.231545985","rc":[{"ltp":2.22,"id":26354928},{"ltp":1.81,"id":26354922}]}]}
{"op":"mcm","clk":"11803973212","pt":1723231828380,"mc":[{"id":"1.231545985","rc":[{"ltp":2.24,"id":26354928},{"ltp":1.8,"id":26354922}]}]}
{"op":"mcm","clk":"11803983615","pt":1723231888437,"mc":[{"id":"1.231545985","rc":[{"ltp":1.93,"id":26354928},{"ltp":2.04,"id":26354922}]}]}
{"op":"mcm","clk":"11803993934","pt":1723231948385,"mc":[{"id":"1.231545985","rc":[{"ltp":1.75,"id":26354928},{"ltp":2.42,"id":26354922}]}]}
{"op":"mcm","clk":"11804004192","pt":1723232008433,"mc":[{"id":"1.231545985","rc":[{"ltp":1.72,"id":26354928},{"ltp":2.4,"id":26354922}]}]}
{"op":"mcm","clk":"11804014183","pt":1723232068438,"mc":[{"id":"1.231545985","rc":[{"ltp":1.7,"id":26354928},{"ltp":2.42,"id":26354922}]}]}
{"op":"mcm","clk":"11804023364","pt":1723232128400,"mc":[{"id":"1.231545985","rc":[{"ltp":1.68,"id":26354928},{"ltp":2.46,"id":26354922}]}]}
{"op":"mcm","clk":"11804032105","pt":1723232188389,"mc":[{"id":"1.231545985","rc":[{"ltp":1.62,"id":26354928},{"ltp":2.58,"id":26354922}]}]}
{"op":"mcm","clk":"11804041762","pt":1723232248441,"mc":[{"id":"1.231545985","rc":[{"ltp":1.7,"id":26354928},{"ltp":2.42,"id":26354922}]}]}
{"op":"mcm","clk":"11804052772","pt":1723232308420,"mc":[{"id":"1.231545985","rc":[{"ltp":1.62,"id":26354928},{"ltp":2.6,"id":26354922}]}]}
{"op":"mcm","clk":"11804062474","pt":1723232368459,"mc":[{"id":"1.231545985","rc":[{"ltp":1.57,"id":26354928},{"ltp":2.76,"id":26354922}]}]}
{"op":"mcm","clk":"11804071754","pt":1723232428402,"mc":[{"id":"1.231545985","rc":[{"ltp":1.38,"id":26354928},{"ltp":3.65,"id":26354922}]}]}
{"op":"mcm","clk":"11804081128","pt":1723232488460,"mc":[{"id":"1.231545985","rc":[{"ltp":1.45,"id":26354928},{"ltp":3.05,"id":26354922}]}]}
{"op":"mcm","clk":"11804090484","pt":1723232548407,"mc":[{"id":"1.231545985","rc":[{"ltp":1.46,"id":26354928},{"ltp":3.15,"id":26354922}]}]}
{"op":"mcm","clk":"11804099651","pt":1723232608374,"mc":[{"id":"1.231545985","rc":[{"ltp":1.45,"id":26354928},{"ltp":3.2,"id":26354922}]}]}
{"op":"mcm","clk":"11804108871","pt":1723232668354,"mc":[{"id":"1.231545985","rc":[{"ltp":1.42,"id":26354928},{"ltp":3.35,"id":26354922}]}]}
{"op":"mcm","clk":"11804126728","pt":1723232788289,"mc":[{"id":"1.231545985","rc":[{"ltp":1.45,"id":26354928},{"ltp":3.2,"id":26354922}]}]}
{"op":"mcm","clk":"11804135439","pt":1723232848333,"mc":[{"id":"1.231545985","rc":[{"ltp":1.46,"id":26354928},{"ltp":3.15,"id":26354922}]}]}
{"op":"mcm","clk":"11804143789","pt":1723232908311,"mc":[{"id":"1.231545985","rc":[{"ltp":1.47,"id":26354928},{"ltp":3.05,"id":26354922}]}]}
{"op":"mcm","clk":"11804152314","pt":1723232968386,"mc":[{"id":"1.231545985","rc":[{"ltp":1.4,"id":26354928},{"ltp":3.55,"id":26354922}]}]}
{"op":"mcm","clk":"11804160536","pt":1723233028368,"mc":[{"id":"1.231545985","rc":[{"ltp":1.5,"id":26354928},{"ltp":3.0,"id":26354922}]}]}
{"op":"mcm","clk":"11804176735","pt":1723233148415,"mc":[{"id":"1.231545985","rc":[{"ltp":1.35,"id":26354928},{"ltp":3.85,"id":26354922}]}]}
{"op":"mcm","clk":"11804184353","pt":1723233208383,"mc":[{"id":"1.231545985","rc":[{"ltp":1.36,"id":26354928},{"ltp":4.0,"id":26354922}]}]}
{"op":"mcm","clk":"11804191711","pt":1723233268366,"mc":[{"id":"1.231545985","rc":[{"ltp":1.4,"id":26354928},{"ltp":3.4,"id":26354922}]}]}
{"op":"mcm","clk":"11804199243","pt":1723233328454,"mc":[{"id":"1.231545985","rc":[{"ltp":1.46,"id":26354928},{"ltp":3.2,"id":26354922}]}]}
{"op":"mcm","clk":"11804206467","pt":1723233388382,"mc":[{"id":"1.231545985","rc":[{"ltp":1.47,"id":26354928},{"ltp":3.1,"id":26354922}]}]}
{"op":"mcm","clk":"11804213281","pt":1723233448458,"mc":[{"id":"1.231545985","rc":[{"ltp":1.62,"id":26354928},{"ltp":2.6,"id":26354922}]}]}
{"op":"mcm","clk":"11804220563","pt":1723233508425,"mc":[{"id":"1.231545985","rc":[{"ltp":1.82,"id":26354928},{"ltp":2.2,"id":26354922}]}]}
{"op":"mcm","clk":"11804227567","pt":1723233568381,"mc":[{"id":"1.231545985","rc":[{"ltp":1.53,"id":26354928},{"ltp":2.88,"id":26354922}]}]}
{"op":"mcm","clk":"11804234845","pt":1723233628357,"mc":[{"id":"1.231545985","rc":[{"ltp":1.76,"id":26354928},{"ltp":2.28,"id":26354922}]}]}
{"op":"mcm","clk":"11804241605","pt":1723233688382,"mc":[{"id":"1.231545985","rc":[{"ltp":1.85,"id":26354928},{"ltp":2.16,"id":26354922}]}]}
{"op":"mcm","clk":"11804247804","pt":1723233748438,"mc":[{"id":"1.231545985","rc":[{"ltp":3.25,"id":26354928},{"ltp":1.44,"id":26354922}]}]}
{"op":"mcm","clk":"11804253832","pt":1723233808390,"mc":[{"id":"1.231545985","rc":[{"ltp":3.2,"id":26354928}]}]}
{"op":"mcm","clk":"11804259729","pt":1723233868448,"mc":[{"id":"1.231545985","rc":[{"ltp":3.6,"id":26354928},{"ltp":1.38,"id":26354922}]}]}
{"op":"mcm","clk":"11804265170","pt":1723233928437,"mc":[{"id":"1.231545985","rc":[{"ltp":4.2,"id":26354928},{"ltp":1.3,"id":26354922}]}]}
{"op":"mcm","clk":"11804270401","pt":1723233988406,"mc":[{"id":"1.231545985","rc":[{"ltp":4.3,"id":26354928}]}]}
{"op":"mcm","clk":"11804275900","pt":1723234048387,"mc":[{"id":"1.231545985","rc":[{"ltp":7.6,"id":26354928},{"ltp":1.15,"id":26354922}]}]}
{"op":"mcm","clk":"11804281701","pt":1723234108449,"mc":[{"id":"1.231545985","rc":[{"ltp":28.0,"id":26354928},{"ltp":1.03,"id":26354922}]}]}
{"op":"mcm","clk":"11804287073","pt":1723234168416,"mc":[{"id":"1.231545985","rc":[{"ltp":50.0,"id":26354928},{"ltp":1.02,"id":26354922}]}]}
{"op":"mcm","clk":"11804292634","pt":1723234228385,"mc":[{"id":"1.231545985","rc":[{"ltp":55.0,"id":26354928}]}]}
{"op":"mcm","clk":"11804298202","pt":1723234288369,"mc":[{"id":"1.231545985","rc":[{"ltp":70.0,"id":26354928}]}]}
{"op":"mcm","clk":"11804303869","pt":1723234348437,"mc":[{"id":"1.231545985","rc":[{"ltp":200.0,"id":26354928},{"ltp":1.01,"id":26354922}]}]}
{"op":"mcm","clk":"11804309283","pt":1723234407609,"mc":[{"id":"1.231545985","rc":[{"ltp":1000.0,"id":26354928}]}]}
{"op":"mcm","clk":"11804319136","pt":1723234525125,"mc":[{"id":"1.231545985","marketDefinition":{"bspMarket":false,"turnInPlayEnabled":true,"persistenceEnabled":true,"marketBaseRate":5.0,"eventId":"33475215","eventTypeId":"4","numberOfWinners":1,"bettingType":"ODDS","marketType":"MATCH_ODDS","marketTime":"2024-08-09T17:30:00.000Z","suspendTime":"2024-08-09T17:30:00.000Z","bspReconciled":false,"complete":true,"inPlay":true,"crossMatching":true,"runnersVoidable":false,"numberOfActiveRunners":2,"betDelay":5,"status":"SUSPENDED","runners":[{"status":"ACTIVE","sortPriority":1,"id":26354928,"name":"London Spirit"},{"status":"ACTIVE","sortPriority":2,"id":26354922,"name":"Manchester Originals"}],"regulators":["MR_INT"],"countryCode":"GB","discountAllowed":true,"timezone":"GMT","openDate":"2024-08-09T17:30:00.000Z","version":6064323838,"name":"Match Odds","eventName":"London Spirit v Manchester Originals"}}]}
{"op":"mcm","clk":"11804332912","pt":1723234691330,"mc":[{"id":"1.231545985","marketDefinition":{"bspMarket":false,"turnInPlayEnabled":true,"persistenceEnabled":true,"marketBaseRate":5.0,"eventId":"33475215","eventTypeId":"4","numberOfWinners":1,"bettingType":"ODDS","marketType":"MATCH_ODDS","marketTime":"2024-08-09T17:30:00.000Z","suspendTime":"2024-08-09T17:30:00.000Z","bspReconciled":false,"complete":true,"inPlay":true,"crossMatching":false,"runnersVoidable":false,"numberOfActiveRunners":0,"betDelay":5,"status":"CLOSED","settledTime":"2024-08-09T20:16:51.000Z","runners":[{"status":"LOSER","sortPriority":1,"id":26354928,"name":"London Spirit"},{"status":"WINNER","sortPriority":2,"id":26354922,"name":"Manchester Originals"}],"regulators":["MR_INT"],"countryCode":"GB","discountAllowed":true,"timezone":"GMT","openDate":"2024-08-09T17:30:00.000Z","version":6064328146,"name":"Match Odds","eventName":"London Spirit v Manchester Originals"}}]}
