{"op":"mcm","clk":"11760663484","pt":1722505387958,"mc":[{"id":"1.231314218","marketDefinition":{"bspMarket":false,"turnInPlayEnabled":true,"persistenceEnabled":true,"marketBaseRate":5.0,"eventId":"33460486","eventTypeId":"4","numberOfWinners":1,"bettingType":"ODDS","marketType":"MATCH_ODDS","marketTime":"2024-08-03T10:00:00.000Z","suspendTime":"2024-08-03T10:00:00.000Z","bspReconciled":false,"complete":true,"inPlay":false,"crossMatching":true,"runnersVoidable":false,"numberOfActiveRunners":2,"betDelay":0,"status":"OPEN","runners":[{"status":"ACTIVE","sortPriority":1,"id":40096575,"name":"Birmingham Phoenix Women"},{"status":"ACTIVE","sortPriority":2,"id":40096579,"name":"Southern Brave Women"}],"regulators":["MR_INT"],"countryCode":"GB","discountAllowed":true,"timezone":"GMT","openDate":"2024-08-03T10:00:00.000Z","version":6050174879,"name":"Match Odds","eventName":"Birmingham Phoenix Women v Southern Brave Women"}}]}
{"op":"mcm","clk":"11763017119","pt":1722534485892,"mc":[{"id":"1.231314218","rc":[{"ltp":2.48,"id":40096575},{"ltp":1.68,"id":40096579}]}]}
{"op":"mcm","clk":"11763019667","pt":1722534502826,"mc":[{"id":"1.231314218","rc":[{"ltp":2.4,"id":40096575},{"ltp":1.72,"id":40096579}]}]}
{"op":"mcm","clk":"11765479246","pt":1722581544217,"mc":[{"id":"1.231314218","rc":[{"ltp":1.68,"id":40096579}]}]}
{"op":"mcm","clk":"11765554990","pt":1722583576900,"mc":[{"id":"1.231314218","rc":[{"ltp":1.72,"id":40096579}]}]}
{"op":"mcm","clk":"11766291976","pt":1722604292957,"mc":[{"id":"1.231314218","rc":[{"ltp":1.7,"id":40096579}]}]}
{"op":"mcm","clk":"11766452549","pt":1722607815427,"mc":[{"id":"1.231314218","rc":[{"ltp":1.68,"id":40096579}]}]}
{"op":"mcm","clk":"11766673976","pt":1722611875835,"mc":[{"id":"1.231314218","rc":[{"ltp":1.69,"id":40096579}]}]}
{"op":"mcm","clk":"11766677022","pt":1722611931095,"mc":[{"id":"1.231314218","rc":[{"ltp":2.46,"id":40096575},{"ltp":1.77,"id":40096579}]}]}
{"op":"mcm","clk":"11766684776","pt":1722612065037,"mc":[{"id":"1.231314218","rc":[{"ltp":1.69,"id":40096579}]}]}
{"op":"mcm","clk":"11766690685","pt":1722612173334,"mc":[{"id":"1.231314218","rc":[{"ltp":1.77,"id":40096579}]}]}
{"op":"mcm","clk":"11766694259","pt":1722612238976,"mc":[{"id":"1.231314218","rc":[{"ltp":1.78,"id":40096579}]}]}
{"op":"mcm","clk":"11767258031","pt":1722617645928,"mc":[{"id":"1.231314218","rc":[{"ltp":2.28,"id":40096575}]}]}
{"op":"mcm","clk":"11768102195","pt":1722622937222,"mc":[{"id":"1.231314218","rc":[{"ltp":2.42,"id":40096575},{"ltp":1.71,"id":40096579}]}]}
{"op":"mcm","clk":"11768128422","pt":1722623074543,"mc":[{"id":"1.231314218","rc":[{"ltp":1.7,"id":40096579}]}]}
{"op":"mcm","clk":"11768638642","pt":1722626184919,"mc":[{"id":"1.231314218","rc":[{"ltp":1.69,"id":40096579}]}]}
{"op":"mcm","clk":"11769032214","pt":1722629415911,"mc":[{"id":"1.231314218","rc":[{"ltp":1.68,"id":40096579}]}]}
{"op":"mcm","clk":"11769079469","pt":1722629994798,"mc":[{"id":"1.231314218","rc":[{"ltp":1.69,"id":40096579}]}]}
{"op":"mcm","clk":"11769154067","pt":1722631194869,"mc":[{"id":"1.231314218","rc":[{"ltp":1.72,"id":40096579}]}]}
{"op":"mcm","clk":"11769157821","pt":1722631271990,"mc":[{"id":"1.231314218","rc":[{"ltp":2.38,"id":40096575}]}]}
{"op":"mcm","clk":"11769180387","pt":1722631800725,"mc":[{"id":"1.231314218","rc":[{"ltp":1.69,"id":40096579}]}]}
{"op":"mcm","clk":"11769182160","pt":1722631854959,"mc":[{"id":"1.231314218","rc":[{"ltp":2.4,"id":40096575},{"ltp":1.71,"id":40096579}]}]}
{"op":"mcm","clk":"11769183712","pt":1722631918444,"mc":[{"id":"1.231314218","rc":[{"ltp":2.38,"id":40096575},{"ltp":1.72,"id":40096579}]}]}
{"op":"mcm","clk":"11769186475","pt":1722632039537,"mc":[{"id":"1.231314218","rc":[{"ltp":2.4,"id":40096575},{"ltp":1.71,"id":40096579}]}]}
{"op":"mcm","clk":"11769208155","pt":1722632868018,"mc":[{"id":"1.231314218","rc":[{"ltp":1.69,"id":40096579}]}]}
{"op":"mcm","clk":"11769301821","pt":1722635572805,"mc":[{"id":"1.231314218","rc":[{"ltp":1.71,"id":40096579}]}]}
{"op":"mcm","clk":"11769317329","pt":1722636064600,"mc":[{"id":"1.231314218","rc":[{"ltp":2.44,"id":40096575},{"ltp":1.69,"id":40096579}]}]}
{"op":"mcm","clk":"11769319293","pt":1722636125089,"mc":[{"id":"1.231314218","rc":[{"ltp":2.42,"id":40096575},{"ltp":1.71,"id":40096579}]}]}
{"op":"mcm","clk":"11769374428","pt":1722638146512,"mc":[{"id":"1.231314218","rc":[{"ltp":1.7,"id":40096579}]}]}
{"op":"mcm","clk":"11769379291","pt":1722638280639,"mc":[{"id":"1.231314218","rc":[{"ltp":1.71,"id":40096579}]}]}
{"op":"mcm","clk":"11769381184","pt":1722638332774,"mc":[{"id":"1.231314218","rc":[{"ltp":1.7,"id":40096579}]}]}
{"op":"mcm","clk":"11769421599","pt":1722639093991,"mc":[{"id":"1.231314218","rc":[{"ltp":1.69,"id":40096579}]}]}
{"op":"mcm","clk":"11769466612","pt":1722640140974,"mc":[{"id":"1.231314218","rc":[{"ltp":2.44,"id":40096575}]}]}
{"op":"mcm","clk":"11769491840","pt":1722640725815,"mc":[{"id":"1.231314218","rc":[{"ltp":2.46,"id":40096575},{"ltp":1.67,"id":40096579}]}]}
{"op":"mcm","clk":"11769587248","pt":1722642840880,"mc":[{"id":"1.231314218","rc":[{"ltp":2.42,"id":40096575},{"ltp":1.7,"id":40096579}]}]}
{"op":"mcm","clk":"11769590020","pt":1722642898221,"mc":[{"id":"1.231314218","rc":[{"ltp":1.71,"id":40096579}]}]}
{"op":"mcm","clk":"11769856697","pt":1722646972448,"mc":[{"id":"1.231314218","rc":[{"ltp":1.7,"id":40096579}]}]}
{"op":"mcm","clk":"11769944473","pt":1722648060979,"mc":[{"id":"1.231314218","rc":[{"ltp":1.71,"id":40096579}]}]}
{"op":"mcm","clk":"11769993156","pt":1722648662623,"mc":[{"id":"1.231314218","rc":[{"ltp":1.7,"id":40096579}]}]}
{"op":"mcm","clk":"11770003266","pt":1722648783481,"mc":[{"id":"1.231314218","rc":[{"ltp":1.69,"id":40096579}]}]}
{"op":"mcm","clk":"11770110676","pt":1722650041143,"mc":[{"id":"1.231314218","rc":[{"ltp":1.7,"id":40096579}]}]}
{"op":"mcm","clk":"11770286041","pt":1722652377420,"mc":[{"id":"1.231314218","rc":[{"ltp":2.4,"id":40096575},{"ltp":1.71,"id":40096579}]}]}
{"op":"mcm","clk":"11770521710","pt":1722655996664,"mc":[{"id":"1.231314218","rc":[{"ltp":1.7,"id":40096579}]}]}
{"op":"mcm","clk":"11770527848","pt":1722656133236,"mc":[{"id":"1.231314218","rc":[{"ltp":2.44,"id":40096575},{"ltp":1.69,"id":40096579}]}]}
{"op":"mcm","clk":"11770540099","pt":1722656402734,"mc":[{"id":"1.231314218","rc":[{"ltp":1.7,"id":40096579}]}]}
{"op":"mcm","clk":"11770545653","pt":1722656525060,"mc":[{"id":"1.231314218","rc":[{"ltp":1.71,"id":40096579}]}]}
{"op":"mcm","clk":"11770553766","pt":1722656698268,"mc":[{"id":"1.231314218","rc":[{"ltp":1.7,"id":40096579}]}]}
{"op":"mcm","clk":"11770568234","pt":1722656979092,"mc":[{"id":"1.231314218","rc":[{"ltp":1.69,"id":40096579}]}]}
{"op":"mcm","clk":"11770575681","pt":1722657123201,"mc":[{"id":"1.231314218","rc":[{"ltp":1.7,"id":40096579}]}]}
{"op":"mcm","clk":"11770577254","pt":1722657157666,"mc":[{"id":"1.231314218","rc":[{"ltp":1.68,"id":40096579}]}]}
{"op":"mcm","clk":"11770590646","pt":1722657469004,"mc":[{"id":"1.231314218","rc":[{"ltp":1.71,"id":40096579}]}]}
{"op":"mcm","clk":"11770606681","pt":1722657761124,"mc":[{"id":"1.231314218","rc":[{"ltp":2.4,"id":40096575}]}]}
{"op":"mcm","clk":"11770667785","pt":1722658985918,"mc":[{"id":"1.231314218","rc":[{"ltp":1.7,"id":40096579}]}]}
{"op":"mcm","clk":"11770698364","pt":1722659710461,"mc":[{"id":"1.231314218","rc":[{"ltp":2.42,"id":40096575}]}]}
{"op":"mcm","clk":"11770704898","pt":1722659851976,"mc":[{"id":"1.231314218","rc":[{"ltp":1.69,"id":40096579}]}]}
{"op":"mcm","clk":"11770733403","pt":1722660233035,"mc":[{"id":"1.231314218","rc":[{"ltp":2.46,"id":40096575}]}]}
{"op":"mcm","clk":"11770739635","pt":1722660356284,"mc":[{"id":"1.231314218","rc":[{"ltp":2.44,"id":40096575}]}]}
{"op":"mcm","clk":"11770774395","pt":1722661139495,"mc":[{"id":"1.231314218","rc":[{"ltp":2.42,"id":40096575},{"ltp":1.7,"id":40096579}]}]}
{"op":"mcm","clk":"11770776417","pt":1722661187270,"mc":[{"id":"1.231314218","rc":[{"ltp":2.4,"id":40096575},{"ltp":1.71,"id":40096579}]}]}
{"op":"mcm","clk":"11770791654","pt":1722661538639,"mc":[{"id":"1.231314218","rc":[{"ltp":1.7,"id":40096579}]}]}
{"op":"mcm","clk":"11770825729","pt":1722662399210,"mc":[{"id":"1.231314218","rc":[{"ltp":1.69,"id":40096579}]}]}
{"op":"mcm","clk":"11770832916","pt":1722662569518,"mc":[{"id":"1.231314218","rc":[{"ltp":1.7,"id":40096579}]}]}
{"op":"mcm","clk":"11770834194","pt":1722662604617,"mc":[{"id":"1.231314218","rc":[{"ltp":2.44,"id":40096575},{"ltp":1.68,"id":40096579}]}]}
{"op":"mcm","clk":"11770862237","pt":1722663254342,"mc":[{"id":"1.231314218","rc":[{"ltp":2.42,"id":40096575}]}]}
{"op":"mcm","clk":"11770894934","pt":1722663900048,"mc":[{"id":"1.231314218","rc":[{"ltp":1.69,"id":40096579}]}]}
{"op":"mcm","clk":"11770900631","pt":1722664002644,"mc":[{"id":"1.231314218","rc":[{"ltp":1.68,"id":40096579}]}]}
{"op":"mcm","clk":"11770913068","pt":1722664318334,"mc":[{"id":"1.231314218","rc":[{"ltp":1.69,"id":40096579}]}]}
{"op":"mcm","clk":"11770917888","pt":1722664449507,"mc":[{"id":"1.231314218","rc":[{"ltp":1.68,"id":40096579}]}]}
{"op":"mcm","clk":"11770931349","pt":1722664792636,"mc":[{"id":"1.231314218","rc":[{"ltp":2.46,"id":40096575}]}]}
{"op":"mcm","clk":"11770949350","pt":1722665177932,"mc":[{"id":"1.231314218","rc":[{"ltp":2.44,"id":40096575}]}]}
{"op":"mcm","clk":"11770953642","pt":1722665270034,"mc":[{"id":"1.231314218","rc":[{"ltp":2.46,"id":40096575},{"ltp":1.69,"id":40096579}]}]}
{"op":"mcm","clk":"11770956155","pt":1722665320166,"mc":[{"id":"1.231314218","rc":[{"ltp":1.68,"id":40096579}]}]}
{"op":"mcm","clk":"11770966720","pt":1722665515367,"mc":[{"id":"1.231314218","rc":[{"ltp":2.44,"id":40096575}]}]}
{"op":"mcm","clk":"11771030226","pt":1722666696011,"mc":[{"id":"1.231314218","rc":[{"ltp":1.7,"id":40096579}]}]}
{"op":"mcm","clk":"11771063186","pt":1722667434502,"mc":[{"id":"1.231314218","rc":[{"ltp":1.71,"id":40096579}]}]}
{"op":"mcm","clk":"11771081794","pt":1722667846769,"mc":[{"id":"1.231314218","rc":[{"ltp":2.4,"id":40096575}]}]}
{"op":"mcm","clk":"11771090553","pt":1722668082437,"mc":[{"id":"1.231314218","rc":[{"ltp":1.7,"id":40096579}]}]}
{"op":"mcm","clk":"11771097598","pt":1722668278986,"mc":[{"id":"1.231314218","rc":[{"ltp":1.69,"id":40096579}]}]}
{"op":"mcm","clk":"11771108089","pt":1722668525572,"mc":[{"id":"1.231314218","rc":[{"ltp":2.42,"id":40096575}]}]}
{"op":"mcm","clk":"11771114612","pt":1722668676628,"mc":[{"id":"1.231314218","rc":[{"ltp":1.7,"id":40096579}]}]}
{"op":"mcm","clk":"11771129393","pt":1722669044371,"mc":[{"id":"1.231314218","rc":[{"ltp":1.69,"id":40096579}]}]}
{"op":"mcm","clk":"11771154495","pt":1722669720538,"mc":[{"id":"1.231314218","rc":[{"ltp":2.44,"id":40096575}]}]}
{"op":"mcm","clk":"11771156685","pt":1722669781317,"mc":[{"id":"1.231314218","rc":[{"ltp":2.42,"id":40096575},{"ltp":1.7,"id":40096579}]}]}
{"op":"mcm","clk":"11771179673","pt":1722670301486,"mc":[{"id":"1.231314218","rc":[{"ltp":1.69,"id":40096579}]}]}
{"op":"mcm","clk":"11771183369","pt":1722670364840,"mc":[{"id":"1.231314218","rc":[{"ltp":1.7,"id":40096579}]}]}
{"op":"mcm","clk":"11771190723","pt":1722670500497,"mc":[{"id":"1.231314218","rc":[{"ltp":1.69,"id":40096579}]}]}
{"op":"mcm","clk":"11771204047","pt":1722670734174,"mc":[{"id":"1.231314218","rc":[{"ltp":1.71,"id":40096579}]}]}
{"op":"mcm","clk":"11771215162","pt":1722670923657,"mc":[{"id":"1.231314218","rc":[{"ltp":1.72,"id":40096579}]}]}
{"op":"mcm","clk":"11771229924","pt":1722670975188,"mc":[{"id":"1.231314218","rc":[{"ltp":2.36,"id":40096575}]}]}
{"op":"mcm","clk":"11771237498","pt":1722671101878,"mc":[{"id":"1.231314218","rc":[{"ltp":1.73,"id":40096579}]}]}
{"op":"mcm","clk":"11771242988","pt":1722671195453,"mc":[{"id":"1.231314218","rc":[{"ltp":1.72,"id":40096579}]}]}
{"op":"mcm","clk":"11771248179","pt":1722671283603,"mc":[{"id":"1.231314218","rc":[{"ltp":2.4,"id":40096575},{"ltp":1.71,"id":40096579}]}]}
{"op":"mcm","clk":"11771260925","pt":1722671520970,"mc":[{"id":"1.231314218","rc":[{"ltp":2.44,"id":40096575},{"ltp":1.7,"id":40096579}]}]}
{"op":"mcm","clk":"11771281570","pt":1722671939983,"mc":[{"id":"1.231314218","rc":[{"ltp":1.71,"id":40096579}]}]}
{"op":"mcm","clk":"11771305220","pt":1722672294870,"mc":[{"id":"1.231314218","rc":[{"ltp":2.4,"id":40096575}]}]}
{"op":"mcm","clk":"11771309985","pt":1722672362010,"mc":[{"id":"1.231314218","rc":[{"ltp":2.38,"id":40096575}]}]}
{"op":"mcm","clk":"11771313673","pt":1722672415872,"mc":[{"id":"1.231314218","rc":[{"ltp":1.72,"id":40096579}]}]}
{"op":"mcm","clk":"11771322062","pt":1722672545009,"mc":[{"id":"1.231314218","rc":[{"ltp":1.71,"id":40096579}]}]}
{"op":"mcm","clk":"11771348332","pt":1722672965712,"mc":[{"id":"1.231314218","rc":[{"ltp":2.44,"id":40096575},{"ltp":1.68,"id":40096579}]}]}
{"op":"mcm","clk":"11771350757","pt":1722673010971,"mc":[{"id":"1.231314218","rc":[{"ltp":2.46,"id":40096575}]}]}
{"op":"mcm","clk":"11771355515","pt":1722673079761,"mc":[{"id":"1.231314218","rc":[{"ltp":1.7,"id":40096579}]}]}
{"op":"mcm","clk":"11771359106","pt":1722673132394,"mc":[{"id":"1.231314218","rc":[{"ltp":1.69,"id":40096579}]}]}
{"op":"mcm","clk":"11771370591","pt":1722673309290,"mc":[{"id":"1.231314218","rc":[{"ltp":2.42,"id":40096575},{"ltp":1.7,"id":40096579}]}]}
{"op":"mcm","clk":"11771374945","pt":1722673380152,"mc":[{"id":"1.231314218","rc":[{"ltp":1.69,"id":40096579}]}]}
{"op":"mcm","clk":"11771381655","pt":1722673498460,"mc":[{"id":"1.231314218","rc":[{"ltp":1.7,"id":40096579}]}]}
{"op":"mcm","clk":"11771384694","pt":1722673548437,"mc":[{"id":"1.231314218","rc":[{"ltp":1.71,"id":40096579}]}]}
{"op":"mcm","clk":"11771393858","pt":1722673716423,"mc":[{"id":"1.231314218","rc":[{"ltp":1.7,"id":40096579}]}]}
{"op":"mcm","clk":"11771401978","pt":1722673864445,"mc":[{"id":"1.231314218","rc":[{"ltp":2.4,"id":40096575}]}]}
{"op":"mcm","clk":"11771404829","pt":1722673918496,"mc":[{"id":"1.231314218","rc":[{"ltp":2.42,"id":40096575}]}]}
{"op":"mcm","clk":"11771440918","pt":1722674460538,"mc":[{"id":"1.231314218","rc":[{"ltp":2.4,"id":40096575}]}]}
{"op":"mcm","clk":"11771449816","pt":1722674581577,"mc":[{"id":"1.231314218","rc":[{"ltp":2.42,"id":40096575}]}]}
{"op":"mcm","clk":"11771464137","pt":1722674763192,"mc":[{"id":"1.231314218","rc":[{"ltp":1.71,"id":40096579}]}]}
{"op":"mcm","clk":"11771478298","pt":1722674943699,"mc":[{"id":"1.231314218","rc":[{"ltp":1.7,"id":40096579}]}]}
{"op":"mcm","clk":"11771556521","pt":1722675965640,"mc":[{"id":"1.231314218","rc":[{"ltp":1.71,"id":40096579}]}]}
{"op":"mcm","clk":"11771561081","pt":1722676025907,"mc":[{"id":"1.231314218","rc":[{"ltp":2.38,"id":40096575},{"ltp":1.72,"id":40096579}]}]}
{"op":"mcm","clk":"11771570390","pt":1722676145443,"mc":[{"id":"1.231314218","rc":[{"ltp":1.71,"id":40096579}]}]}
{"op":"mcm","clk":"11771575000","pt":1722676205800,"mc":[{"id":"1.231314218","rc":[{"ltp":1.72,"id":40096579}]}]}
{"op":"mcm","clk":"11771584037","pt":1722676323325,"mc":[{"id":"1.231314218","rc":[{"ltp":2.36,"id":40096575},{"ltp":1.75,"id":40096579}]}]}
{"op":"mcm","clk":"11771600057","pt":1722676376943,"mc":[{"id":"1.231314218","rc":[{"ltp":1.73,"id":40096579}]}]}
{"op":"mcm","clk":"11771605594","pt":1722676442923,"mc":[{"id":"1.231314218","rc":[{"ltp":1.74,"id":40096579}]}]}
{"op":"mcm","clk":"11771609745","pt":1722676498209,"mc":[{"id":"1.231314218","rc":[{"ltp":1.73,"id":40096579}]}]}
{"op":"mcm","clk":"11771615253","pt":1722676563291,"mc":[{"id":"1.231314218","rc":[{"ltp":2.38,"id":40096575},{"ltp":1.74,"id":40096579}]}]}
{"op":"mcm","clk":"11771619843","pt":1722676617207,"mc":[{"id":"1.231314218","rc":[{"ltp":2.34,"id":40096575}]}]}
{"op":"mcm","clk":"11771622610","pt":1722676646449,"mc":[{"id":"1.231314218","rc":[{"ltp":1.73,"id":40096579}]}]}
{"op":"mcm","clk":"11771631495","pt":1722676744380,"mc":[{"id":"1.231314218","rc":[{"ltp":1.74,"id":40096579}]}]}
{"op":"mcm","clk":"11771642666","pt":1722676864567,"mc":[{"id":"1.231314218","rc":[{"ltp":2.3,"id":40096575}]}]}
{"op":"mcm","clk":"11771646321","pt":1722676901925,"mc":[{"id":"1.231314218","rc":[{"ltp":1.76,"id":40096579}]}]}
{"op":"mcm","clk":"11771652438","pt":1722676966579,"mc":[{"id":"1.231314218","rc":[{"ltp":1.75,"id":40096579}]}]}
{"op":"mcm","clk":"11771659029","pt":1722677041426,"mc":[{"id":"1.231314218","rc":[{"ltp":1.77,"id":40096579}]}]}
{"op":"mcm","clk":"11771664253","pt":1722677099967,"mc":[{"id":"1.231314218","rc":[{"ltp":2.28,"id":40096575}]}]}
{"op":"mcm","clk":"11771669934","pt":1722677161943,"mc":[{"id":"1.231314218","rc":[{"ltp":2.3,"id":40096575},{"ltp":1.76,"id":40096579}]}]}
{"op":"mcm","clk":"11771686310","pt":1722677344598,"mc":[{"id":"1.231314218","rc":[{"ltp":2.26,"id":40096575},{"ltp":1.79,"id":40096579}]}]}
{"op":"mcm","clk":"11771696673","pt":1722677465330,"mc":[{"id":"1.231314218","rc":[{"ltp":2.28,"id":40096575},{"ltp":1.76,"id":40096579}]}]}
{"op":"mcm","clk":"11771701544","pt":1722677520891,"mc":[{"id":"1.231314218","rc":[{"ltp":1.77,"id":40096579}]}]}
{"op":"mcm","clk":"11771706827","pt":1722677583221,"mc":[{"id":"1.231314218","rc":[{"ltp":2.36,"id":40096575},{"ltp":1.73,"id":40096579}]}]}
{"op":"mcm","clk":"11771711501","pt":1722677645695,"mc":[{"id":"1.231314218","rc":[{"ltp":2.38,"id":40096575},{"ltp":1.71,"id":40096579}]}]}
{"op":"mcm","clk":"11771716264","pt":1722677705890,"mc":[{"id":"1.231314218","rc":[{"ltp":2.36,"id":40096575},{"ltp":1.74,"id":40096579}]}]}
{"op":"mcm","clk":"11771721214","pt":1722677765929,"mc":[{"id":"1.231314218","rc":[{"ltp":1.73,"id":40096579}]}]}
{"op":"mcm","clk":"11771725699","pt":1722677824799,"mc":[{"id":"1.231314218","rc":[{"ltp":2.34,"id":40096575},{"ltp":1.74,"id":40096579}]}]}
{"op":"mcm","clk":"11771730471","pt":1722677885863,"mc":[{"id":"1.231314218","rc":[{"ltp":1.73,"id":40096579}]}]}
{"op":"mcm","clk":"11771735253","pt":1722677945299,"mc":[{"id":"1.231314218","rc":[{"ltp":1.74,"id":40096579}]}]}
{"op":"mcm","clk":"11771740169","pt":1722678005870,"mc":[{"id":"1.231314218","rc":[{"ltp":1.73,"id":40096579}]}]}
{"op":"mcm","clk":"11771745016","pt":1722678065737,"mc":[{"id":"1.231314218","rc":[{"ltp":2.36,"id":40096575},{"ltp":1.74,"id":40096579}]}]}
{"op":"mcm","clk":"11771755168","pt":1722678185159,"mc":[{"id":"1.231314218","rc":[{"ltp":2.34,"id":40096575}]}]}
{"op":"mcm","clk":"11771760625","pt":1722678243533,"mc":[{"id":"1.231314218","rc":[{"ltp":1.75,"id":40096579}]}]}
{"op":"mcm","clk":"11771766516","pt":1722678305578,"mc":[{"id":"1.231314218","rc":[{"ltp":1.73,"id":40096579}]}]}
{"op":"mcm","clk":"11771777041","pt":1722678425179,"mc":[{"id":"1.231314218","rc":[{"ltp":1.74,"id":40096579}]}]}
{"op":"mcm","clk":"11771786956","pt":1722678545926,"mc":[{"id":"1.231314218","rc":[{"ltp":2.36,"id":40096575},{"ltp":1.73,"id":40096579}]}]}
{"op":"mcm","clk":"11771796456","pt":1722678664384,"mc":[{"id":"1.231314218","rc":[{"ltp":2.34,"id":40096575}]}]}
{"op":"mcm","clk":"11771801666","pt":1722678725935,"mc":[{"id":"1.231314218","rc":[{"ltp":2.36,"id":40096575},{"ltp":1.72,"id":40096579}]}]}
{"op":"mcm","clk":"11771807066","pt":1722678785887,"mc":[{"id":"1.231314218","rc":[{"ltp":2.4,"id":40096575}]}]}
{"op":"mcm","clk":"11771812289","pt":1722678845845,"mc":[{"id":"1.231314218","rc":[{"ltp":2.36,"id":40096575},{"ltp":1.73,"id":40096579}]}]}
{"op":"mcm","clk":"11771816903","pt":1722678905393,"mc":[{"id":"1.231314218","rc":[{"ltp":1.72,"id":40096579}]}]}
{"op":"mcm","clk":"11771822327","pt":1722678965293,"mc":[{"id":"1.231314218","rc":[{"ltp":1.73,"id":40096579}]}]}
{"op":"mcm","clk":"11771833651","pt":1722679085935,"mc":[{"id":"1.231314218","rc":[{"ltp":1.72,"id":40096579}]}]}
{"op":"mcm","clk":"11771838902","pt":1722679145938,"mc":[{"id":"1.231314218","rc":[{"ltp":1.73,"id":40096579}]}]}
{"op":"mcm","clk":"11771844322","pt":1722679205776,"mc":[{"id":"1.231314218","marketDefinition":{"bspMarket":false,"turnInPlayEnabled":true,"persistenceEnabled":true,"marketBaseRate":5.0,"eventId":"33460486","eventTypeId":"4","numberOfWinners":1,"bettingType":"ODDS","marketType":"MATCH_ODDS","marketTime":"2024-08-03T10:00:00.000Z","suspendTime":"2024-08-03T10:00:00.000Z","bspReconciled":false,"complete":true,"inPlay":true,"crossMatching":true,"runnersVoidable":false,"numberOfActiveRunners":2,"betDelay":5,"status":"OPEN","runners":[{"status":"ACTIVE","sortPriority":1,"id":40096575,"name":"Birmingham Phoenix Women"},{"status":"ACTIVE","sortPriority":2,"id":40096579,"name":"Southern Brave Women"}],"regulators":["MR_INT"],"countryCode":"GB","discountAllowed":true,"timezone":"GMT","openDate":"2024-08-03T10:00:00.000Z","version":6052960523,"name":"Match Odds","eventName":"Birmingham Phoenix Women v Southern Brave Women"}}]}
{"op":"mcm","clk":"11771851226","pt":1722679265849,"mc":[{"id":"1.231314218","rc":[{"ltp":2.42,"id":40096575},{"ltp":1.7,"id":40096579}]}]}
{"op":"mcm","clk":"11771857738","pt":1722679325834,"mc":[{"id":"1.231314218","rc":[{"ltp":2.24,"id":40096575},{"ltp":1.8,"id":40096579}]}]}
{"op":"mcm","clk":"11771864545","pt":1722679385901,"mc":[{"id":"1.231314218","rc":[{"ltp":2.22,"id":40096575},{"ltp":1.82,"id":40096579}]}]}
{"op":"mcm","clk":"11771871608","pt":1722679445877,"mc":[{"id":"1.231314218","rc":[{"ltp":2.18,"id":40096575},{"ltp":1.84,"id":40096579}]}]}
{"op":"mcm","clk":"11771878424","pt":1722679505936,"mc":[{"id":"1.231314218","rc":[{"ltp":2.2,"id":40096575},{"ltp":1.81,"id":40096579}]}]}
{"op":"mcm","clk":"11771884660","pt":1722679565887,"mc":[{"id":"1.231314218","rc":[{"ltp":2.18,"id":40096575},{"ltp":1.86,"id":40096579}]}]}
{"op":"mcm","clk":"11771890870","pt":1722679625881,"mc":[{"id":"1.231314218","rc":[{"ltp":2.24,"id":40096575},{"ltp":1.79,"id":40096579}]}]}
{"op":"mcm","clk":"11771897287","pt":1722679685812,"mc":[{"id":"1.231314218","rc":[{"ltp":1.8,"id":40096579}]}]}
{"op":"mcm","clk":"11771903885","pt":1722679745937,"mc":[{"id":"1.231314218","rc":[{"ltp":2.16,"id":40096575},{"ltp":1.88,"id":40096579}]}]}
{"op":"mcm","clk":"11771911174","pt":1722679805865,"mc":[{"id":"1.231314218","rc":[{"ltp":2.12,"id":40096575},{"ltp":1.9,"id":40096579}]}]}
{"op":"mcm","clk":"11771917662","pt":1722679865909,"mc":[{"id":"1.231314218","rc":[{"ltp":2.06,"id":40096575},{"ltp":1.97,"id":40096579}]}]}
{"op":"mcm","clk":"11771924240","pt":1722679925925,"mc":[{"id":"1.231314218","rc":[{"ltp":1.87,"id":40096575},{"ltp":2.14,"id":40096579}]}]}
{"op":"mcm","clk":"11771931077","pt":1722679985788,"mc":[{"id":"1.231314218","rc":[{"ltp":1.98,"id":40096575},{"ltp":2.02,"id":40096579}]}]}
{"op":"mcm","clk":"11771937474","pt":1722680045902,"mc":[{"id":"1.231314218","rc":[{"ltp":1.99,"id":40096575}]}]}
{"op":"mcm","clk":"11771944581","pt":1722680105875,"mc":[{"id":"1.231314218","rc":[{"ltp":2.32,"id":40096575},{"ltp":1.76,"id":40096579}]}]}
{"op":"mcm","clk":"11771951786","pt":1722680165922,"mc":[{"id":"1.231314218","rc":[{"ltp":2.36,"id":40096575},{"ltp":1.72,"id":40096579}]}]}
{"op":"mcm","clk":"11771959239","pt":1722680225888,"mc":[{"id":"1.231314218","rc":[{"ltp":2.4,"id":40096575},{"ltp":1.71,"id":40096579}]}]}
{"op":"mcm","clk":"11771966582","pt":1722680285850,"mc":[{"id":"1.231314218","rc":[{"ltp":2.34,"id":40096575},{"ltp":1.73,"id":40096579}]}]}
{"op":"mcm","clk":"11771974559","pt":1722680345918,"mc":[{"id":"1.231314218","rc":[{"ltp":2.42,"id":40096575},{"ltp":1.69,"id":40096579}]}]}
{"op":"mcm","clk":"11771982396","pt":1722680405895,"mc":[{"id":"1.231314218","rc":[{"ltp":2.46,"id":40096575}]}]}
{"op":"mcm","clk":"11771990173","pt":1722680465892,"mc":[{"id":"1.231314218","rc":[{"ltp":2.64,"id":40096575},{"ltp":1.61,"id":40096579}]}]}
{"op":"mcm","clk":"11771997697","pt":1722680525851,"mc":[{"id":"1.231314218","rc":[{"ltp":2.92,"id":40096575},{"ltp":1.51,"id":40096579}]}]}
{"op":"mcm","clk":"11772004764","pt":1722680585840,"mc":[{"id":"1.231314218","rc":[{"ltp":3.0,"id":40096575},{"ltp":1.5,"id":40096579}]}]}
{"op":"mcm","clk":"11772012111","pt":1722680645872,"mc":[{"id":"1.231314218","rc":[{"ltp":3.25,"id":40096575},{"ltp":1.44,"id":40096579}]}]}
{"op":"mcm","clk":"11772018251","pt":1722680705860,"mc":[{"id":"1.231314218","rc":[{"ltp":3.3,"id":40096575}]}]}
{"op":"mcm","clk":"11772024105","pt":1722680765800,"mc":[{"id":"1.231314218","rc":[{"ltp":3.05,"id":40096575},{"ltp":1.49,"id":40096579}]}]}
{"op":"mcm","clk":"11772029633","pt":1722680825866,"mc":[{"id":"1.231314218","rc":[{"ltp":3.1,"id":40096575},{"ltp":1.47,"id":40096579}]}]}
{"op":"mcm","clk":"11772035038","pt":1722680885935,"mc":[{"id":"1.231314218","rc":[{"ltp":2.94,"id":40096575},{"ltp":1.5,"id":40096579}]}]}
{"op":"mcm","clk":"11772040637","pt":1722680945858,"mc":[{"id":"1.231314218","rc":[{"ltp":2.78,"id":40096575},{"ltp":1.56,"id":40096579}]}]}
{"op":"mcm","clk":"11772046793","pt":1722681005926,"mc":[{"id":"1.231314218","rc":[{"ltp":2.84,"id":40096575},{"ltp":1.54,"id":40096579}]}]}
{"op":"mcm","clk":"11772052760","pt":1722681065877,"mc":[{"id":"1.231314218","rc":[{"ltp":2.8,"id":40096575},{"ltp":1.55,"id":40096579}]}]}
{"op":"mcm","clk":"11772058297","pt":1722681125668,"mc":[{"id":"1.231314218","rc":[{"ltp":2.62,"id":40096575},{"ltp":1.61,"id":40096579}]}]}
{"op":"mcm","clk":"11772063681","pt":1722681185884,"mc":[{"id":"1.231314218","rc":[{"ltp":2.68,"id":40096575},{"ltp":1.58,"id":40096579}]}]}
{"op":"mcm","clk":"11772069981","pt":1722681245862,"mc":[{"id":"1.231314218","rc":[{"ltp":2.46,"id":40096575},{"ltp":1.68,"id":40096579}]}]}
{"op":"mcm","clk":"11772076226","pt":1722681305931,"mc":[{"id":"1.231314218","rc":[{"ltp":2.56,"id":40096575},{"ltp":1.64,"id":40096579}]}]}
{"op":"mcm","clk":"11772082593","pt":1722681365923,"mc":[{"id":"1.231314218","rc":[{"ltp":3.4,"id":40096575},{"ltp":1.41,"id":40096579}]}]}
{"op":"mcm","clk":"11772088609","pt":1722681425873,"mc":[{"id":"1.231314218","rc":[{"ltp":1.42,"id":40096579}]}]}
{"op":"mcm","clk":"11772095120","pt":1722681485839,"mc":[{"id":"1.231314218","rc":[{"ltp":3.5,"id":40096575},{"ltp":1.4,"id":40096579}]}]}
{"op":"mcm","clk":"11772101047","pt":1722681545924,"mc":[{"id":"1.231314218","rc":[{"ltp":3.4,"id":40096575},{"ltp":1.41,"id":40096579}]}]}
{"op":"mcm","clk":"11772107339","pt":1722681605873,"mc":[{"id":"1.231314218","rc":[{"ltp":3.3,"id":40096575},{"ltp":1.43,"id":40096579}]}]}
{"op":"mcm","clk":"11772113142","pt":1722681665935,"mc":[{"id":"1.231314218","rc":[{"ltp":3.05,"id":40096575},{"ltp":1.49,"id":40096579}]}]}
{"op":"mcm","clk":"11772118800","pt":1722681725573,"mc":[{"id":"1.231314218","rc":[{"ltp":3.15,"id":40096575},{"ltp":1.46,"id":40096579}]}]}
{"op":"mcm","clk":"11772136796","pt":1722681785863,"mc":[{"id":"1.231314218","rc":[{"ltp":2.88,"id":40096575},{"ltp":1.53,"id":40096579}]}]}
{"op":"mcm","clk":"11772143008","pt":1722681845847,"mc":[{"id":"1.231314218","rc":[{"ltp":2.84,"id":40096575},{"ltp":1.55,"id":40096579}]}]}
{"op":"mcm","clk":"11772149603","pt":1722681905912,"mc":[{"id":"1.231314218","rc":[{"ltp":2.86,"id":40096575},{"ltp":1.53,"id":40096579}]}]}
{"op":"mcm","clk":"11772156299","pt":1722681965932,"mc":[{"id":"1.231314218","rc":[{"ltp":3.0,"id":40096575},{"ltp":1.49,"id":40096579}]}]}
{"op":"mcm","clk":"11772162998","pt":1722682025894,"mc":[{"id":"1.231314218","rc":[{"ltp":2.88,"id":40096575},{"ltp":1.55,"id":40096579}]}]}
{"op":"mcm","clk":"11772169619","pt":1722682085860,"mc":[{"id":"1.231314218","rc":[{"ltp":2.6,"id":40096575},{"ltp":1.63,"id":40096579}]}]}
{"op":"mcm","clk":"11772175904","pt":1722682145927,"mc":[{"id":"1.231314218","rc":[{"ltp":1.62,"id":40096579}]}]}
{"op":"mcm","clk":"11772188585","pt":1722682265882,"mc":[{"id":"1.231314218","rc":[{"ltp":2.68,"id":40096575},{"ltp":1.6,"id":40096579}]}]}
{"op":"mcm","clk":"11772194825","pt":1722682325905,"mc":[{"id":"1.231314218","rc":[{"ltp":3.5,"id":40096575},{"ltp":1.4,"id":40096579}]}]}
{"op":"mcm","clk":"11772201315","pt":1722682385864,"mc":[{"id":"1.231314218","rc":[{"ltp":3.35,"id":40096575},{"ltp":1.45,"id":40096579}]}]}
{"op":"mcm","clk":"11772207804","pt":1722682445823,"mc":[{"id":"1.231314218","rc":[{"ltp":3.25,"id":40096575},{"ltp":1.44,"id":40096579}]}]}
{"op":"mcm","clk":"11772219489","pt":1722682565924,"mc":[{"id":"1.231314218","rc":[{"ltp":3.35,"id":40096575},{"ltp":1.42,"id":40096579}]}]}
{"op":"mcm","clk":"11772224607","pt":1722682625804,"mc":[{"id":"1.231314218","rc":[{"ltp":3.45,"id":40096575},{"ltp":1.41,"id":40096579}]}]}
{"op":"mcm","clk":"11772229742","pt":1722682685878,"mc":[{"id":"1.231314218","rc":[{"ltp":3.3,"id":40096575},{"ltp":1.42,"id":40096579}]}]}
{"op":"mcm","clk":"11772235256","pt":1722682745912,"mc":[{"id":"1.231314218","rc":[{"ltp":4.0,"id":40096575},{"ltp":1.34,"id":40096579}]}]}
{"op":"mcm","clk":"11772240994","pt":1722682805922,"mc":[{"id":"1.231314218","rc":[{"ltp":3.9,"id":40096575}]}]}
{"op":"mcm","clk":"11772247699","pt":1722682865864,"mc":[{"id":"1.231314218","rc":[{"ltp":3.6,"id":40096575},{"ltp":1.37,"id":40096579}]}]}
{"op":"mcm","clk":"11772254130","pt":1722682925884,"mc":[{"id":"1.231314218","rc":[{"ltp":3.4,"id":40096575},{"ltp":1.42,"id":40096579}]}]}
{"op":"mcm","clk":"11772261017","pt":1722682985811,"mc":[{"id":"1.231314218","rc":[{"ltp":3.15,"id":40096575},{"ltp":1.46,"id":40096579}]}]}
{"op":"mcm","clk":"11772267713","pt":1722683045856,"mc":[{"id":"1.231314218","rc":[{"ltp":3.2,"id":40096575},{"ltp":1.45,"id":40096579}]}]}
{"op":"mcm","clk":"11772274485","pt":1722683105915,"mc":[{"id":"1.231314218","rc":[{"ltp":3.0,"id":40096575},{"ltp":1.49,"id":40096579}]}]}
{"op":"mcm","clk":"11772288795","pt":1722683225911,"mc":[{"id":"1.231314218","rc":[{"ltp":2.66,"id":40096575},{"ltp":1.6,"id":40096579}]}]}
{"op":"mcm","clk":"11772295973","pt":1722683285617,"mc":[{"id":"1.231314218","rc":[{"ltp":2.7,"id":40096575}]}]}
{"op":"mcm","clk":"11772303650","pt":1722683345869,"mc":[{"id":"1.231314218","rc":[{"ltp":2.44,"id":40096575},{"ltp":1.69,"id":40096579}]}]}
{"op":"mcm","clk":"11772311884","pt":1722683405881,"mc":[{"id":"1.231314218","rc":[{"ltp":2.22,"id":40096575},{"ltp":1.83,"id":40096579}]}]}
{"op":"mcm","clk":"11772320070","pt":1722683465901,"mc":[{"id":"1.231314218","rc":[{"ltp":1.81,"id":40096579}]}]}
{"op":"mcm","clk":"11772328432","pt":1722683525846,"mc":[{"id":"1.231314218","rc":[{"ltp":2.32,"id":40096575},{"ltp":1.76,"id":40096579}]}]}
{"op":"mcm","clk":"11772336177","pt":1722683585865,"mc":[{"id":"1.231314218","rc":[{"ltp":2.08,"id":40096575},{"ltp":1.94,"id":40096579}]}]}
{"op":"mcm","clk":"11772344230","pt":1722683645839,"mc":[{"id":"1.231314218","rc":[{"ltp":1.97,"id":40096575},{"ltp":2.02,"id":40096579}]}]}
{"op":"mcm","clk":"11772353145","pt":1722683705908,"mc":[{"id":"1.231314218","rc":[{"ltp":2.04,"id":40096575},{"ltp":1.97,"id":40096579}]}]}
{"op":"mcm","clk":"11772361608","pt":1722683765847,"mc":[{"id":"1.231314218","rc":[{"ltp":2.18,"id":40096575},{"ltp":1.86,"id":40096579}]}]}
{"op":"mcm","clk":"11772370885","pt":1722683825848,"mc":[{"id":"1.231314218","rc":[{"ltp":2.16,"id":40096575}]}]}
{"op":"mcm","clk":"11772380030","pt":1722683885921,"mc":[{"id":"1.231314218","rc":[{"ltp":2.22,"id":40096575},{"ltp":1.83,"id":40096579}]}]}
{"op":"mcm","clk":"11772388757","pt":1722683945581,"mc":[{"id":"1.231314218","rc":[{"ltp":2.2,"id":40096575},{"ltp":1.81,"id":40096579}]}]}
{"op":"mcm","clk":"11772397731","pt":1722684005916,"mc":[{"id":"1.231314218","rc":[{"ltp":2.22,"id":40096575},{"ltp":1.82,"id":40096579}]}]}
{"op":"mcm","clk":"11772406467","pt":1722684065618,"mc":[{"id":"1.231314218","rc":[{"ltp":2.26,"id":40096575},{"ltp":1.8,"id":40096579}]}]}
{"op":"mcm","clk":"11772430723","pt":1722684245591,"mc":[{"id":"1.231314218","rc":[{"ltp":2.24,"id":40096575}]}]}
{"op":"mcm","clk":"11772438633","pt":1722684305809,"mc":[{"id":"1.231314218","rc":[{"ltp":1.81,"id":40096579}]}]}
{"op":"mcm","clk":"11772446268","pt":1722684365774,"mc":[{"id":"1.231314218","rc":[{"ltp":2.22,"id":40096575},{"ltp":1.83,"id":40096579}]}]}
{"op":"mcm","clk":"11772453577","pt":1722684425855,"mc":[{"id":"1.231314218","rc":[{"ltp":1.81,"id":40096579}]}]}
{"op":"mcm","clk":"11772460668","pt":1722684485877,"mc":[{"id":"1.231314218","rc":[{"ltp":2.28,"id":40096575},{"ltp":1.79,"id":40096579}]}]}
{"op":"mcm","clk":"11772467742","pt":1722684545914,"mc":[{"id":"1.231314218","rc":[{"ltp":1.78,"id":40096579}]}]}
{"op":"mcm","clk":"11772475188","pt":1722684605908,"mc":[{"id":"1.231314218","rc":[{"ltp":1.77,"id":40096579}]}]}
{"op":"mcm","clk":"11772482100","pt":1722684665841,"mc":[{"id":"1.231314218","rc":[{"ltp":2.36,"id":40096575},{"ltp":1.73,"id":40096579}]}]}
{"op":"mcm","clk":"11772488929","pt":1722684725906,"mc":[{"id":"1.231314218","rc":[{"ltp":2.42,"id":40096575},{"ltp":1.7,"id":40096579}]}]}
{"op":"mcm","clk":"11772496806","pt":1722684785893,"mc":[{"id":"1.231314218","rc":[{"ltp":2.4,"id":40096575},{"ltp":1.71,"id":40096579}]}]}
{"op":"mcm","clk":"11772504493","pt":1722684845847,"mc":[{"id":"1.231314218","rc":[{"ltp":2.72,"id":40096575},{"ltp":1.58,"id":40096579}]}]}
{"op":"mcm","clk":"11772512052","pt":1722684905884,"mc":[{"id":"1.231314218","rc":[{"ltp":3.05,"id":40096575},{"ltp":1.48,"id":40096579}]}]}
{"op":"mcm","clk":"11772519779","pt":1722684965903,"mc":[{"id":"1.231314218","rc":[{"ltp":2.92,"id":40096575},{"ltp":1.53,"id":40096579}]}]}
{"op":"mcm","clk":"11772527659","pt":1722685025850,"mc":[{"id":"1.231314218","rc":[{"ltp":1.52,"id":40096579}]}]}
{"op":"mcm","clk":"11772535349","pt":1722685085860,"mc":[{"id":"1.231314218","rc":[{"ltp":2.4,"id":40096575},{"ltp":1.71,"id":40096579}]}]}
{"op":"mcm","clk":"11772543241","pt":1722685145882,"mc":[{"id":"1.231314218","rc":[{"ltp":2.26,"id":40096575},{"ltp":1.77,"id":40096579}]}]}
{"op":"mcm","clk":"11772550781","pt":1722685205903,"mc":[{"id":"1.231314218","rc":[{"ltp":1.97,"id":40096575},{"ltp":2.02,"id":40096579}]}]}
{"op":"mcm","clk":"11772558629","pt":1722685265844,"mc":[{"id":"1.231314218","rc":[{"ltp":1.63,"id":40096575},{"ltp":2.58,"id":40096579}]}]}
{"op":"mcm","clk":"11772566913","pt":1722685325868,"mc":[{"id":"1.231314218","rc":[{"ltp":1.47,"id":40096575},{"ltp":3.1,"id":40096579}]}]}
{"op":"mcm","clk":"11772574999","pt":1722685385930,"mc":[{"id":"1.231314218","rc":[{"ltp":1.43,"id":40096575},{"ltp":3.3,"id":40096579}]}]}
{"op":"mcm","clk":"11772583261","pt":1722685445864,"mc":[{"id":"1.231314218","rc":[{"ltp":1.47,"id":40096575},{"ltp":3.15,"id":40096579}]}]}
{"op":"mcm","clk":"11772591740","pt":1722685505872,"mc":[{"id":"1.231314218","rc":[{"ltp":1.32,"id":40096575},{"ltp":4.0,"id":40096579}]}]}
{"op":"mcm","clk":"11772600430","pt":1722685565919,"mc":[{"id":"1.231314218","rc":[{"ltp":1.25,"id":40096575},{"ltp":5.0,"id":40096579}]}]}
{"op":"mcm","clk":"11772608877","pt":1722685625871,"mc":[{"id":"1.231314218","rc":[{"ltp":1.26,"id":40096575},{"ltp":4.9,"id":40096579}]}]}
{"op":"mcm","clk":"11772616689","pt":1722685685931,"mc":[{"id":"1.231314218","rc":[{"ltp":1.29,"id":40096575},{"ltp":4.5,"id":40096579}]}]}
{"op":"mcm","clk":"11772624907","pt":1722685745838,"mc":[{"id":"1.231314218","rc":[{"ltp":1.33,"id":40096575},{"ltp":4.0,"id":40096579}]}]}
{"op":"mcm","clk":"11772632560","pt":1722685805906,"mc":[{"id":"1.231314218","rc":[{"ltp":1.32,"id":40096575}]}]}
{"op":"mcm","clk":"11772639976","pt":1722685865748,"mc":[{"id":"1.231314218","rc":[{"ltp":1.28,"id":40096575},{"ltp":4.5,"id":40096579}]}]}
{"op":"mcm","clk":"11772647364","pt":1722685925901,"mc":[{"id":"1.231314218","rc":[{"ltp":1.3,"id":40096575},{"ltp":4.6,"id":40096579}]}]}
{"op":"mcm","clk":"11772653552","pt":1722685985851,"mc":[{"id":"1.231314218","rc":[{"ltp":1.41,"id":40096575},{"ltp":3.45,"id":40096579}]}]}
{"op":"mcm","clk":"11772659972","pt":1722686045836,"mc":[{"id":"1.231314218","rc":[{"ltp":1.42,"id":40096575},{"ltp":3.35,"id":40096579}]}]}
{"op":"mcm","clk":"11772665911","pt":1722686105794,"mc":[{"id":"1.231314218","rc":[{"ltp":1.38,"id":40096575},{"ltp":3.55,"id":40096579}]}]}
{"op":"mcm","clk":"11772672276","pt":1722686165867,"mc":[{"id":"1.231314218","rc":[{"ltp":1.54,"id":40096575},{"ltp":2.86,"id":40096579}]}]}
{"op":"mcm","clk":"11772678043","pt":1722686225927,"mc":[{"id":"1.231314218","rc":[{"ltp":1.78,"id":40096575},{"ltp":2.28,"id":40096579}]}]}
{"op":"mcm","clk":"11772683663","pt":1722686285886,"mc":[{"id":"1.231314218","rc":[{"ltp":1.81,"id":40096575},{"ltp":2.22,"id":40096579}]}]}
{"op":"mcm","clk":"11772689612","pt":1722686345867,"mc":[{"id":"1.231314218","rc":[{"ltp":1.79,"id":40096575},{"ltp":2.28,"id":40096579}]}]}
{"op":"mcm","clk":"11772695663","pt":1722686405909,"mc":[{"id":"1.231314218","rc":[{"ltp":1.81,"id":40096575},{"ltp":2.24,"id":40096579}]}]}
{"op":"mcm","clk":"11772703202","pt":1722686465882,"mc":[{"id":"1.231314218","rc":[{"ltp":1.86,"id":40096575},{"ltp":2.16,"id":40096579}]}]}
{"op":"mcm","clk":"11772710601","pt":1722686525901,"mc":[{"id":"1.231314218","rc":[{"ltp":2.1,"id":40096575},{"ltp":1.95,"id":40096579}]}]}
{"op":"mcm","clk":"11772717775","pt":1722686585864,"mc":[{"id":"1.231314218","rc":[{"ltp":1.92,"id":40096575},{"ltp":2.1,"id":40096579}]}]}
{"op":"mcm","clk":"11772725737","pt":1722686645923,"mc":[{"id":"1.231314218","rc":[{"ltp":1.9,"id":40096575}]}]}
{"op":"mcm","clk":"11772733608","pt":1722686705897,"mc":[{"id":"1.231314218","rc":[{"ltp":1.77,"id":40096575},{"ltp":2.28,"id":40096579}]}]}
{"op":"mcm","clk":"11772741870","pt":1722686765858,"mc":[{"id":"1.231314218","rc":[{"ltp":1.92,"id":40096575},{"ltp":2.06,"id":40096579}]}]}
{"op":"mcm","clk":"11772750380","pt":1722686825927,"mc":[{"id":"1.231314218","rc":[{"ltp":1.93,"id":40096575},{"ltp":2.08,"id":40096579}]}]}
{"op":"mcm","clk":"11772758579","pt":1722686885880,"mc":[{"id":"1.231314218","rc":[{"ltp":2.36,"id":40096575},{"ltp":1.72,"id":40096579}]}]}
{"op":"mcm","clk":"11772767523","pt":1722686945876,"mc":[{"id":"1.231314218","rc":[{"ltp":2.38,"id":40096575}]}]}
{"op":"mcm","clk":"11772776683","pt":1722687005919,"mc":[{"id":"1.231314218","rc":[{"ltp":2.5,"id":40096575},{"ltp":1.67,"id":40096579}]}]}
{"op":"mcm","clk":"11772785878","pt":1722687065896,"mc":[{"id":"1.231314218","rc":[{"ltp":2.36,"id":40096575},{"ltp":1.75,"id":40096579}]}]}
{"op":"mcm","clk":"11772795184","pt":1722687125848,"mc":[{"id":"1.231314218","rc":[{"ltp":3.0,"id":40096575},{"ltp":1.49,"id":40096579}]}]}
{"op":"mcm","clk":"11772816061","pt":1722687185841,"mc":[{"id":"1.231314218","rc":[{"ltp":2.72,"id":40096575},{"ltp":1.58,"id":40096579}]}]}
{"op":"mcm","clk":"11772826032","pt":1722687245908,"mc":[{"id":"1.231314218","rc":[{"ltp":1.59,"id":40096579}]}]}
{"op":"mcm","clk":"11772835526","pt":1722687305928,"mc":[{"id":"1.231314218","rc":[{"ltp":2.68,"id":40096575}]}]}
{"op":"mcm","clk":"11772844804","pt":1722687365897,"mc":[{"id":"1.231314218","rc":[{"ltp":2.96,"id":40096575},{"ltp":1.5,"id":40096579}]}]}
{"op":"mcm","clk":"11772854299","pt":1722687425924,"mc":[{"id":"1.231314218","rc":[{"ltp":3.0,"id":40096575},{"ltp":1.49,"id":40096579}]}]}
{"op":"mcm","clk":"11772864026","pt":1722687485910,"mc":[{"id":"1.231314218","rc":[{"ltp":3.15,"id":40096575},{"ltp":1.46,"id":40096579}]}]}
{"op":"mcm","clk":"11772873574","pt":1722687545757,"mc":[{"id":"1.231314218","rc":[{"ltp":3.1,"id":40096575},{"ltp":1.47,"id":40096579}]}]}
{"op":"mcm","clk":"11772882884","pt":1722687605936,"mc":[{"id":"1.231314218","rc":[{"ltp":2.14,"id":40096575},{"ltp":1.87,"id":40096579}]}]}
{"op":"mcm","clk":"11772892626","pt":1722687665934,"mc":[{"id":"1.231314218","rc":[{"ltp":2.24,"id":40096575},{"ltp":1.8,"id":40096579}]}]}
{"op":"mcm","clk":"11772902346","pt":1722687725891,"mc":[{"id":"1.231314218","rc":[{"ltp":2.36,"id":40096575},{"ltp":1.74,"id":40096579}]}]}
{"op":"mcm","clk":"11772911904","pt":1722687785852,"mc":[{"id":"1.231314218","rc":[{"ltp":2.02,"id":40096575},{"ltp":1.98,"id":40096579}]}]}
{"op":"mcm","clk":"11772921271","pt":1722687845897,"mc":[{"id":"1.231314218","rc":[{"ltp":1.31,"id":40096575},{"ltp":4.2,"id":40096579}]}]}
{"op":"mcm","clk":"11772930980","pt":1722687905863,"mc":[{"id":"1.231314218","rc":[{"ltp":1.25,"id":40096575},{"ltp":5.0,"id":40096579}]}]}
{"op":"mcm","clk":"11772940778","pt":1722687965932,"mc":[{"id":"1.231314218","rc":[{"ltp":1.23,"id":40096575},{"ltp":5.3,"id":40096579}]}]}
{"op":"mcm","clk":"11772950142","pt":1722688025870,"mc":[{"id":"1.231314218","rc":[{"ltp":1.2,"id":40096575},{"ltp":6.0,"id":40096579}]}]}
{"op":"mcm","clk":"11772959595","pt":1722688085897,"mc":[{"id":"1.231314218","rc":[{"ltp":1.23,"id":40096575},{"ltp":5.5,"id":40096579}]}]}
{"op":"mcm","clk":"11772969618","pt":1722688145881,"mc":[{"id":"1.231314218","rc":[{"ltp":1.26,"id":40096575},{"ltp":4.8,"id":40096579}]}]}
{"op":"mcm","clk":"11772979741","pt":1722688205935,"mc":[{"id":"1.231314218","rc":[{"ltp":1.3,"id":40096575},{"ltp":4.3,"id":40096579}]}]}
{"op":"mcm","clk":"11772989992","pt":1722688265893,"mc":[{"id":"1.231314218","rc":[{"ltp":1.18,"id":40096575},{"ltp":6.4,"id":40096579}]}]}
{"op":"mcm","clk":"11773000023","pt":1722688325888,"mc":[{"id":"1.231314218","rc":[{"ltp":1.27,"id":40096575},{"ltp":4.7,"id":40096579}]}]}
{"op":"mcm","clk":"11773009953","pt":1722688385840,"mc":[{"id":"1.231314218","rc":[{"ltp":1.29,"id":40096575},{"ltp":4.3,"id":40096579}]}]}
{"op":"mcm","clk":"11773020089","pt":1722688445914,"mc":[{"id":"1.231314218","rc":[{"ltp":1.24,"id":40096575},{"ltp":5.3,"id":40096579}]}]}
{"op":"mcm","clk":"11773029579","pt":1722688505870,"mc":[{"id":"1.231314218","rc":[{"ltp":1.25,"id":40096575},{"ltp":5.0,"id":40096579}]}]}
{"op":"mcm","clk":"11773039516","pt":1722688565922,"mc":[{"id":"1.231314218","rc":[{"ltp":1.36,"id":40096575},{"ltp":3.7,"id":40096579}]}]}
{"op":"mcm","clk":"11773049029","pt":1722688625882,"mc":[{"id":"1.231314218","rc":[{"ltp":1.16,"id":40096575},{"ltp":7.4,"id":40096579}]}]}
{"op":"mcm","clk":"11773058483","pt":1722688685830,"mc":[{"id":"1.231314218","rc":[{"ltp":1.11,"id":40096575},{"ltp":10.5,"id":40096579}]}]}
{"op":"mcm","clk":"11773067998","pt":1722688745909,"mc":[{"id":"1.231314218","rc":[{"ltp":1.06,"id":40096575},{"ltp":17.5,"id":40096579}]}]}
{"op":"mcm","clk":"11773077465","pt":1722688805929,"mc":[{"id":"1.231314218","rc":[{"ltp":1.03,"id":40096575},{"ltp":34.0,"id":40096579}]}]}
{"op":"mcm","clk":"11773087126","pt":1722688865913,"mc":[{"id":"1.231314218","rc":[{"ltp":42.0,"id":40096579}]}]}
{"op":"mcm","clk":"11773096409","pt":1722688925874,"mc":[{"id":"1.231314218","rc":[{"ltp":36.0,"id":40096579}]}]}
{"op":"mcm","clk":"11773105980","pt":1722688985834,"mc":[{"id":"1.231314218","rc":[{"ltp":1.01,"id":40096575},{"ltp":100.0,"id":40096579}]}]}
{"op":"mcm","clk":"11773115340","pt":1722689045926,"mc":[{"id":"1.231314218","rc":[{"ltp":250.0,"id":40096579}]}]}
{"op":"mcm","clk":"11773124472","pt":1722689105921,"mc":[{"id":"1.231314218","rc":[{"ltp":240.0,"id":40096579}]}]}
{"op":"mcm","clk":"11773133367","pt":1722689165761,"mc":[{"id":"1.231314218","rc":[{"ltp":360.0,"id":40096579}]}]}
{"op":"mcm","clk":"11773141676","pt":1722689225620,"mc":[{"id":"1.231314218","rc":[{"ltp":1000.0,"id":40096579}]}]}
{"op":"mcm","clk":"11773149690","pt":1722689283667,"mc":[{"id":"1.231314218","marketDefinition":{"bspMarket":false,"turnInPlayEnabled":true,"persistenceEnabled":true,"marketBaseRate":5.0,"eventId":"33460486","eventTypeId":"4","numberOfWinners":1,"bettingType":"ODDS","marketType":"MATCH_ODDS","marketTime":"2024-08-03T10:00:00.000Z","suspendTime":"2024-08-03T10:00:00.000Z","bspReconciled":false,"complete":true,"inPlay":true,"crossMatching":true,"runnersVoidable":false,"numberOfActiveRunners":2,"betDelay":5,"status":"SUSPENDED","runners":[{"status":"ACTIVE","sortPriority":1,"id":40096575,"name":"Birmingham Phoenix Women"},{"status":"ACTIVE","sortPriority":2,"id":40096579,"name":"Southern Brave Women"}],"regulators":["MR_INT"],"countryCode":"GB","discountAllowed":true,"timezone":"GMT","openDate":"2024-08-03T10:00:00.000Z","version":6053371584,"name":"Match Odds","eventName":"Birmingham Phoenix Women v Southern Brave Women"}}]}
{"op":"mcm","clk":"11773172780","pt":1722689481765,"mc":[{"id":"1.231314218","marketDefinition":{"bspMarket":false,"turnInPlayEnabled":true,"persistenceEnabled":true,"marketBaseRate":5.0,"eventId":"33460486","eventTypeId":"4","numberOfWinners":1,"bettingType":"ODDS","marketType":"MATCH_ODDS","marketTime":"2024-08-03T10:00:00.000Z","suspendTime":"2024-08-03T10:00:00.000Z","bspReconciled":false,"complete":true,"inPlay":true,"crossMatching":false,"runnersVoidable":false,"numberOfActiveRunners":0,"betDelay":5,"status":"CLOSED","settledTime":"2024-08-03T12:49:33.000Z","runners":[{"status":"WINNER","sortPriority":1,"id":40096575,"name":"Birmingham Phoenix Women"},{"status":"LOSER","sortPriority":2,"id":40096579,"name":"Southern Brave Women"}],"regulators":["MR_INT"],"countryCode":"GB","discountAllowed":true,"timezone":"GMT","openDate":"2024-08-03T10:00:00.000Z","version":6053381560,"name":"Match Odds","eventName":"Birmingham Phoenix Women v Southern Brave Women"}}]}
