{"op":"mcm","clk":"11771954517","pt":1722764138125,"mc":[{"id":"1.231432440","marketDefinition":{"bspMarket":false,"turnInPlayEnabled":true,"persistenceEnabled":true,"marketBaseRate":5.0,"eventId":"33467052","eventTypeId":"4","numberOfWinners":1,"bettingType":"ODDS","marketType":"MATCH_ODDS","marketTime":"2024-08-06T17:30:00.000Z","suspendTime":"2024-08-06T17:30:00.000Z","bspReconciled":false,"complete":true,"inPlay":false,"crossMatching":true,"runnersVoidable":false,"numberOfActiveRunners":2,"betDelay":0,"status":"OPEN","runners":[{"status":"ACTIVE","sortPriority":1,"id":26354921,"name":"Birmingham Phoenix"},{"status":"ACTIVE","sortPriority":2,"id":26354924,"name":"Northern Superchargers"}],"regulators":["MR_INT"],"countryCode":"GB","discountAllowed":true,"timezone":"GMT","openDate":"2024-08-06T17:30:00.000Z","version":6056067789,"name":"Match Odds","eventName":"Birmingham Phoenix v Northern Superchargers"}}]}
{"op":"mcm","clk":"11779724341","pt":1722848785305,"mc":[{"id":"1.231432440","rc":[{"ltp":2.16,"id":26354921}]}]}
{"op":"mcm","clk":"11781202854","pt":1722879016400,"mc":[{"id":"1.231432440","rc":[{"ltp":2.18,"id":26354921}]}]}
{"op":"mcm","clk":"11781799827","pt":1722885997068,"mc":[{"id":"1.231432440","rc":[{"ltp":1.81,"id":26354924}]}]}
{"op":"mcm","clk":"11782016844","pt":1722889092181,"mc":[{"id":"1.231432440","rc":[{"ltp":1.77,"id":26354924}]}]}
{"op":"mcm","clk":"11782034823","pt":1722889377227,"mc":[{"id":"1.231432440","rc":[{"ltp":1.8,"id":26354924}]}]}
{"op":"mcm","clk":"11782046777","pt":1722889595464,"mc":[{"id":"1.231432440","rc":[{"ltp":2.24,"id":26354921}]}]}
{"op":"mcm","clk":"11782079255","pt":1722890195262,"mc":[{"id":"1.231432440","rc":[{"ltp":1.78,"id":26354924}]}]}
{"op":"mcm","clk":"11782247413","pt":1722893493744,"mc":[{"id":"1.231432440","rc":[{"ltp":1.79,"id":26354924}]}]}
{"op":"mcm","clk":"11782438208","pt":1722896795973,"mc":[{"id":"1.231432440","rc":[{"ltp":1.8,"id":26354924}]}]}
{"op":"mcm","clk":"11783127117","pt":1722912084650,"mc":[{"id":"1.231432440","rc":[{"ltp":1.79,"id":26354924}]}]}
{"op":"mcm","clk":"11783172872","pt":1722913492040,"mc":[{"id":"1.231432440","rc":[{"ltp":1.8,"id":26354924}]}]}
{"op":"mcm","clk":"11783181321","pt":1722913861024,"mc":[{"id":"1.231432440","rc":[{"ltp":1.81,"id":26354924}]}]}
{"op":"mcm","clk":"11783277173","pt":1722918113823,"mc":[{"id":"1.231432440","rc":[{"ltp":1.79,"id":26354924}]}]}
{"op":"mcm","clk":"11783311512","pt":1722919383322,"mc":[{"id":"1.231432440","rc":[{"ltp":1.78,"id":26354924}]}]}
{"op":"mcm","clk":"11783350435","pt":1722920848978,"mc":[{"id":"1.231432440","rc":[{"ltp":1.8,"id":26354924}]}]}
{"op":"mcm","clk":"11783393228","pt":1722922130450,"mc":[{"id":"1.231432440","rc":[{"ltp":1.78,"id":26354924}]}]}
{"op":"mcm","clk":"11783488919","pt":1722924792594,"mc":[{"id":"1.231432440","rc":[{"ltp":1.81,"id":26354924}]}]}
{"op":"mcm","clk":"11783499012","pt":1722925166135,"mc":[{"id":"1.231432440","rc":[{"ltp":1.8,"id":26354924}]}]}
{"op":"mcm","clk":"11783502058","pt":1722925291984,"mc":[{"id":"1.231432440","rc":[{"ltp":1.81,"id":26354924}]}]}
{"op":"mcm","clk":"11783506147","pt":1722925470032,"mc":[{"id":"1.231432440","rc":[{"ltp":1.8,"id":26354924}]}]}
{"op":"mcm","clk":"11783540874","pt":1722926480957,"mc":[{"id":"1.231432440","rc":[{"ltp":1.81,"id":26354924}]}]}
{"op":"mcm","clk":"11783541688","pt":1722926504818,"mc":[{"id":"1.231432440","rc":[{"ltp":1.8,"id":26354924}]}]}
{"op":"mcm","clk":"11783549657","pt":1722926762198,"mc":[{"id":"1.231432440","rc":[{"ltp":1.81,"id":26354924}]}]}
{"op":"mcm","clk":"11783557629","pt":1722927026550,"mc":[{"id":"1.231432440","rc":[{"ltp":1.8,"id":26354924}]}]}
{"op":"mcm","clk":"11783682504","pt":1722930775758,"mc":[{"id":"1.231432440","rc":[{"ltp":1.79,"id":26354924}]}]}
{"op":"mcm","clk":"11783684774","pt":1722930829540,"mc":[{"id":"1.231432440","rc":[{"ltp":1.8,"id":26354924}]}]}
{"op":"mcm","clk":"11783708488","pt":1722931714107,"mc":[{"id":"1.231432440","rc":[{"ltp":1.79,"id":26354924}]}]}
{"op":"mcm","clk":"11783724982","pt":1722932251680,"mc":[{"id":"1.231432440","rc":[{"ltp":1.8,"id":26354924}]}]}
{"op":"mcm","clk":"11783778328","pt":1722934054069,"mc":[{"id":"1.231432440","rc":[{"ltp":2.26,"id":26354921}]}]}
{"op":"mcm","clk":"11783789529","pt":1722934480781,"mc":[{"id":"1.231432440","rc":[{"ltp":2.24,"id":26354921}]}]}
{"op":"mcm","clk":"11783803821","pt":1722935028309,"mc":[{"id":"1.231432440","rc":[{"ltp":1.79,"id":26354924}]}]}
{"op":"mcm","clk":"11783819222","pt":1722935590438,"mc":[{"id":"1.231432440","rc":[{"ltp":1.8,"id":26354924}]}]}
{"op":"mcm","clk":"11783828489","pt":1722935937594,"mc":[{"id":"1.231432440","rc":[{"ltp":1.81,"id":26354924},{"ltp":2.22,"id":26354921}]}]}
{"op":"mcm","clk":"11783838353","pt":1722936150895,"mc":[{"id":"1.231432440","rc":[{"ltp":2.24,"id":26354921}]}]}
{"op":"mcm","clk":"11783879174","pt":1722937107753,"mc":[{"id":"1.231432440","rc":[{"ltp":1.79,"id":26354924}]}]}
{"op":"mcm","clk":"11784011531","pt":1722939993221,"mc":[{"id":"1.231432440","rc":[{"ltp":1.8,"id":26354924}]}]}
{"op":"mcm","clk":"11784071327","pt":1722941426839,"mc":[{"id":"1.231432440","rc":[{"ltp":1.81,"id":26354924}]}]}
{"op":"mcm","clk":"11784072321","pt":1722941457074,"mc":[{"id":"1.231432440","rc":[{"ltp":2.2,"id":26354921}]}]}
{"op":"mcm","clk":"11784091700","pt":1722941910858,"mc":[{"id":"1.231432440","rc":[{"ltp":1.82,"id":26354924}]}]}
{"op":"mcm","clk":"11784154605","pt":1722943295749,"mc":[{"id":"1.231432440","rc":[{"ltp":1.81,"id":26354924}]}]}
{"op":"mcm","clk":"11784168341","pt":1722943594467,"mc":[{"id":"1.231432440","rc":[{"ltp":1.82,"id":26354924}]}]}
{"op":"mcm","clk":"11784193139","pt":1722944224914,"mc":[{"id":"1.231432440","rc":[{"ltp":1.81,"id":26354924}]}]}
{"op":"mcm","clk":"11784255985","pt":1722945565952,"mc":[{"id":"1.231432440","rc":[{"ltp":2.22,"id":26354921}]}]}
{"op":"mcm","clk":"11784259528","pt":1722945630631,"mc":[{"id":"1.231432440","rc":[{"ltp":2.2,"id":26354921}]}]}
{"op":"mcm","clk":"11784376217","pt":1722947914943,"mc":[{"id":"1.231432440","rc":[{"ltp":2.22,"id":26354921}]}]}
{"op":"mcm","clk":"11784401569","pt":1722948395275,"mc":[{"id":"1.231432440","rc":[{"ltp":1.8,"id":26354924},{"ltp":2.24,"id":26354921}]}]}
{"op":"mcm","clk":"11784427881","pt":1722948923990,"mc":[{"id":"1.231432440","rc":[{"ltp":1.78,"id":26354924},{"ltp":2.26,"id":26354921}]}]}
{"op":"mcm","clk":"11784434246","pt":1722949052641,"mc":[{"id":"1.231432440","rc":[{"ltp":1.79,"id":26354924}]}]}
{"op":"mcm","clk":"11784481005","pt":1722949876450,"mc":[{"id":"1.231432440","rc":[{"ltp":1.8,"id":26354924}]}]}
{"op":"mcm","clk":"11784484132","pt":1722949932213,"mc":[{"id":"1.231432440","rc":[{"ltp":1.79,"id":26354924}]}]}
{"op":"mcm","clk":"11784558094","pt":1722951181466,"mc":[{"id":"1.231432440","rc":[{"ltp":2.24,"id":26354921}]}]}
{"op":"mcm","clk":"11784573338","pt":1722951442411,"mc":[{"id":"1.231432440","rc":[{"ltp":2.22,"id":26354921}]}]}
{"op":"mcm","clk":"11784592699","pt":1722951839880,"mc":[{"id":"1.231432440","rc":[{"ltp":2.24,"id":26354921}]}]}
{"op":"mcm","clk":"11784600200","pt":1722951994195,"mc":[{"id":"1.231432440","rc":[{"ltp":1.81,"id":26354924},{"ltp":2.22,"id":26354921}]}]}
{"op":"mcm","clk":"11784605470","pt":1722952096397,"mc":[{"id":"1.231432440","rc":[{"ltp":1.82,"id":26354924}]}]}
{"op":"mcm","clk":"11784619814","pt":1722952330186,"mc":[{"id":"1.231432440","rc":[{"ltp":1.79,"id":26354924},{"ltp":2.24,"id":26354921}]}]}
{"op":"mcm","clk":"11784629053","pt":1722952482489,"mc":[{"id":"1.231432440","rc":[{"ltp":2.22,"id":26354921}]}]}
{"op":"mcm","clk":"11784694401","pt":1722953479744,"mc":[{"id":"1.231432440","rc":[{"ltp":1.8,"id":26354924}]}]}
{"op":"mcm","clk":"11784738312","pt":1722954075160,"mc":[{"id":"1.231432440","rc":[{"ltp":2.2,"id":26354921}]}]}
{"op":"mcm","clk":"11784773838","pt":1722954562202,"mc":[{"id":"1.231432440","rc":[{"ltp":1.82,"id":26354924}]}]}
{"op":"mcm","clk":"11784802872","pt":1722954929994,"mc":[{"id":"1.231432440","rc":[{"ltp":1.8,"id":26354924}]}]}
{"op":"mcm","clk":"11784807587","pt":1722954993908,"mc":[{"id":"1.231432440","rc":[{"ltp":1.84,"id":26354924}]}]}
{"op":"mcm","clk":"11784821520","pt":1722955173757,"mc":[{"id":"1.231432440","rc":[{"ltp":1.83,"id":26354924}]}]}
{"op":"mcm","clk":"11784826947","pt":1722955235306,"mc":[{"id":"1.231432440","rc":[{"ltp":2.18,"id":26354921}]}]}
{"op":"mcm","clk":"11784845277","pt":1722955396386,"mc":[{"id":"1.231432440","rc":[{"ltp":1.82,"id":26354924}]}]}
{"op":"mcm","clk":"11784874903","pt":1722955775438,"mc":[{"id":"1.231432440","rc":[{"ltp":1.84,"id":26354924}]}]}
{"op":"mcm","clk":"11784879643","pt":1722955835493,"mc":[{"id":"1.231432440","rc":[{"ltp":1.82,"id":26354924}]}]}
{"op":"mcm","clk":"11784884735","pt":1722955894969,"mc":[{"id":"1.231432440","rc":[{"ltp":2.22,"id":26354921}]}]}
{"op":"mcm","clk":"11784887140","pt":1722955928110,"mc":[{"id":"1.231432440","rc":[{"ltp":1.84,"id":26354924}]}]}
{"op":"mcm","clk":"11784911834","pt":1722956244790,"mc":[{"id":"1.231432440","rc":[{"ltp":1.83,"id":26354924}]}]}
{"op":"mcm","clk":"11784982857","pt":1722957016460,"mc":[{"id":"1.231432440","rc":[{"ltp":2.2,"id":26354921}]}]}
{"op":"mcm","clk":"11785015074","pt":1722957332102,"mc":[{"id":"1.231432440","rc":[{"ltp":1.82,"id":26354924}]}]}
{"op":"mcm","clk":"11785058102","pt":1722957739206,"mc":[{"id":"1.231432440","rc":[{"ltp":1.83,"id":26354924}]}]}
{"op":"mcm","clk":"11785073003","pt":1722957875578,"mc":[{"id":"1.231432440","rc":[{"ltp":1.8,"id":26354924},{"ltp":2.22,"id":26354921}]}]}
{"op":"mcm","clk":"11785086162","pt":1722957993308,"mc":[{"id":"1.231432440","rc":[{"ltp":1.79,"id":26354924},{"ltp":2.24,"id":26354921}]}]}
{"op":"mcm","clk":"11785092582","pt":1722958049756,"mc":[{"id":"1.231432440","rc":[{"ltp":1.8,"id":26354924},{"ltp":2.26,"id":26354921}]}]}
{"op":"mcm","clk":"11785105819","pt":1722958164015,"mc":[{"id":"1.231432440","rc":[{"ltp":2.24,"id":26354921}]}]}
{"op":"mcm","clk":"11785119778","pt":1722958279776,"mc":[{"id":"1.231432440","rc":[{"ltp":1.82,"id":26354924}]}]}
{"op":"mcm","clk":"11785128208","pt":1722958356035,"mc":[{"id":"1.231432440","rc":[{"ltp":1.79,"id":26354924}]}]}
{"op":"mcm","clk":"11785134361","pt":1722958409991,"mc":[{"id":"1.231432440","rc":[{"ltp":1.8,"id":26354924}]}]}
{"op":"mcm","clk":"11785156878","pt":1722958592267,"mc":[{"id":"1.231432440","rc":[{"ltp":1.81,"id":26354924},{"ltp":2.22,"id":26354921}]}]}
{"op":"mcm","clk":"11785168768","pt":1722958695956,"mc":[{"id":"1.231432440","rc":[{"ltp":2.24,"id":26354921}]}]}
{"op":"mcm","clk":"11785188739","pt":1722958889998,"mc":[{"id":"1.231432440","rc":[{"ltp":1.8,"id":26354924}]}]}
{"op":"mcm","clk":"11785209084","pt":1722959074721,"mc":[{"id":"1.231432440","rc":[{"ltp":1.81,"id":26354924}]}]}
{"op":"mcm","clk":"11785223699","pt":1722959195028,"mc":[{"id":"1.231432440","rc":[{"ltp":2.2,"id":26354921}]}]}
{"op":"mcm","clk":"11785229447","pt":1722959245392,"mc":[{"id":"1.231432440","rc":[{"ltp":1.8,"id":26354924}]}]}
{"op":"mcm","clk":"11785241796","pt":1722959355094,"mc":[{"id":"1.231432440","rc":[{"ltp":1.82,"id":26354924}]}]}
{"op":"mcm","clk":"11785284814","pt":1722959778433,"mc":[{"id":"1.231432440","rc":[{"ltp":1.8,"id":26354924},{"ltp":2.24,"id":26354921}]}]}
{"op":"mcm","clk":"11785319930","pt":1722960153703,"mc":[{"id":"1.231432440","rc":[{"ltp":2.2,"id":26354921}]}]}
{"op":"mcm","clk":"11785333312","pt":1722960267854,"mc":[{"id":"1.231432440","rc":[{"ltp":2.22,"id":26354921}]}]}
{"op":"mcm","clk":"11785341263","pt":1722960335729,"mc":[{"id":"1.231432440","rc":[{"ltp":2.24,"id":26354921}]}]}
{"op":"mcm","clk":"11785347911","pt":1722960394021,"mc":[{"id":"1.231432440","rc":[{"ltp":1.79,"id":26354924},{"ltp":2.28,"id":26354921}]}]}
{"op":"mcm","clk":"11785362179","pt":1722960516056,"mc":[{"id":"1.231432440","rc":[{"ltp":2.24,"id":26354921}]}]}
{"op":"mcm","clk":"11785367719","pt":1722960561903,"mc":[{"id":"1.231432440","rc":[{"ltp":1.78,"id":26354924}]}]}
{"op":"mcm","clk":"11785406177","pt":1722960814344,"mc":[{"id":"1.231432440","rc":[{"ltp":1.8,"id":26354924},{"ltp":2.22,"id":26354921}]}]}
{"op":"mcm","clk":"11785453013","pt":1722961228249,"mc":[{"id":"1.231432440","rc":[{"ltp":1.81,"id":26354924}]}]}
{"op":"mcm","clk":"11785465330","pt":1722961339087,"mc":[{"id":"1.231432440","rc":[{"ltp":2.2,"id":26354921}]}]}
{"op":"mcm","clk":"11785474515","pt":1722961414457,"mc":[{"id":"1.231432440","rc":[{"ltp":1.82,"id":26354924}]}]}
{"op":"mcm","clk":"11785496110","pt":1722961592588,"mc":[{"id":"1.231432440","rc":[{"ltp":1.81,"id":26354924}]}]}
{"op":"mcm","clk":"11785525255","pt":1722961834820,"mc":[{"id":"1.231432440","rc":[{"ltp":1.8,"id":26354924}]}]}
{"op":"mcm","clk":"11785546568","pt":1722962015532,"mc":[{"id":"1.231432440","rc":[{"ltp":1.79,"id":26354924},{"ltp":2.26,"id":26354921}]}]}
{"op":"mcm","clk":"11785565072","pt":1722962177505,"mc":[{"id":"1.231432440","rc":[{"ltp":1.78,"id":26354924}]}]}
{"op":"mcm","clk":"11785573832","pt":1722962251311,"mc":[{"id":"1.231432440","rc":[{"ltp":2.28,"id":26354921}]}]}
{"op":"mcm","clk":"11785580978","pt":1722962315724,"mc":[{"id":"1.231432440","rc":[{"ltp":1.79,"id":26354924}]}]}
{"op":"mcm","clk":"11785584124","pt":1722962342065,"mc":[{"id":"1.231432440","rc":[{"ltp":1.78,"id":26354924}]}]}
{"op":"mcm","clk":"11785594475","pt":1722962424358,"mc":[{"id":"1.231432440","rc":[{"ltp":1.79,"id":26354924}]}]}
{"op":"mcm","clk":"11785602754","pt":1722962489538,"mc":[{"id":"1.231432440","rc":[{"ltp":1.78,"id":26354924}]}]}
{"op":"mcm","clk":"11785610078","pt":1722962550330,"mc":[{"id":"1.231432440","rc":[{"ltp":1.79,"id":26354924}]}]}
{"op":"mcm","clk":"11785617689","pt":1722962614591,"mc":[{"id":"1.231432440","rc":[{"ltp":1.8,"id":26354924}]}]}
{"op":"mcm","clk":"11785622403","pt":1722962653853,"mc":[{"id":"1.231432440","rc":[{"ltp":1.81,"id":26354924},{"ltp":2.24,"id":26354921}]}]}
{"op":"mcm","clk":"11785632289","pt":1722962731173,"mc":[{"id":"1.231432440","rc":[{"ltp":1.82,"id":26354924},{"ltp":2.22,"id":26354921}]}]}
{"op":"mcm","clk":"11785647669","pt":1722962855588,"mc":[{"id":"1.231432440","rc":[{"ltp":1.81,"id":26354924}]}]}
{"op":"mcm","clk":"11785654327","pt":1722962915715,"mc":[{"id":"1.231432440","rc":[{"ltp":1.78,"id":26354924},{"ltp":2.26,"id":26354921}]}]}
{"op":"mcm","clk":"11785661286","pt":1722962975806,"mc":[{"id":"1.231432440","rc":[{"ltp":1.79,"id":26354924}]}]}
{"op":"mcm","clk":"11785667580","pt":1722963035970,"mc":[{"id":"1.231432440","rc":[{"ltp":1.77,"id":26354924},{"ltp":2.3,"id":26354921}]}]}
{"op":"mcm","clk":"11785674977","pt":1722963096049,"mc":[{"id":"1.231432440","rc":[{"ltp":1.78,"id":26354924}]}]}
{"op":"mcm","clk":"11785681526","pt":1722963155705,"mc":[{"id":"1.231432440","rc":[{"ltp":2.28,"id":26354921}]}]}
{"op":"mcm","clk":"11785687178","pt":1722963213975,"mc":[{"id":"1.231432440","rc":[{"ltp":2.26,"id":26354921}]}]}
{"op":"mcm","clk":"11785693352","pt":1722963273310,"mc":[{"id":"1.231432440","rc":[{"ltp":2.3,"id":26354921}]}]}
{"op":"mcm","clk":"11785700066","pt":1722963335604,"mc":[{"id":"1.231432440","rc":[{"ltp":1.77,"id":26354924}]}]}
{"op":"mcm","clk":"11785712324","pt":1722963454787,"mc":[{"id":"1.231432440","rc":[{"ltp":1.76,"id":26354924}]}]}
{"op":"mcm","clk":"11785718282","pt":1722963513399,"mc":[{"id":"1.231432440","rc":[{"ltp":1.77,"id":26354924}]}]}
{"op":"mcm","clk":"11785724061","pt":1722963569334,"mc":[{"id":"1.231432440","rc":[{"ltp":1.75,"id":26354924}]}]}
{"op":"mcm","clk":"11785731478","pt":1722963635126,"mc":[{"id":"1.231432440","rc":[{"ltp":1.76,"id":26354924}]}]}
{"op":"mcm","clk":"11785738446","pt":1722963694991,"mc":[{"id":"1.231432440","rc":[{"ltp":1.73,"id":26354924},{"ltp":2.36,"id":26354921}]}]}
{"op":"mcm","clk":"11785745159","pt":1722963756051,"mc":[{"id":"1.231432440","rc":[{"ltp":1.74,"id":26354924}]}]}
{"op":"mcm","clk":"11785751423","pt":1722963815643,"mc":[{"id":"1.231432440","rc":[{"ltp":1.76,"id":26354924},{"ltp":2.3,"id":26354921}]}]}
{"op":"mcm","clk":"11785765108","pt":1722963936071,"mc":[{"id":"1.231432440","rc":[{"ltp":1.81,"id":26354924},{"ltp":2.24,"id":26354921}]}]}
{"op":"mcm","clk":"11785779104","pt":1722964056020,"mc":[{"id":"1.231432440","rc":[{"ltp":1.8,"id":26354924},{"ltp":2.22,"id":26354921}]}]}
{"op":"mcm","clk":"11785786145","pt":1722964115398,"mc":[{"id":"1.231432440","rc":[{"ltp":1.81,"id":26354924},{"ltp":2.24,"id":26354921}]}]}
{"op":"mcm","clk":"11785793528","pt":1722964176052,"mc":[{"id":"1.231432440","rc":[{"ltp":1.75,"id":26354924},{"ltp":2.32,"id":26354921}]}]}
{"op":"mcm","clk":"11785801048","pt":1722964236038,"mc":[{"id":"1.231432440","rc":[{"ltp":1.78,"id":26354924},{"ltp":2.28,"id":26354921}]}]}
{"op":"mcm","clk":"11785808635","pt":1722964295808,"mc":[{"id":"1.231432440","rc":[{"ltp":2.26,"id":26354921}]}]}
{"op":"mcm","clk":"11785816664","pt":1722964355938,"mc":[{"id":"1.231432440","rc":[{"ltp":1.77,"id":26354924},{"ltp":2.28,"id":26354921}]}]}
{"op":"mcm","clk":"11785831694","pt":1722964476059,"mc":[{"id":"1.231432440","rc":[{"ltp":1.78,"id":26354924}]}]}
{"op":"mcm","clk":"11785839922","pt":1722964536094,"mc":[{"id":"1.231432440","rc":[{"ltp":1.77,"id":26354924}]}]}
{"op":"mcm","clk":"11785847971","pt":1722964595960,"mc":[{"id":"1.231432440","rc":[{"ltp":1.76,"id":26354924},{"ltp":2.3,"id":26354921}]}]}
{"op":"mcm","clk":"11785855483","pt":1722964656100,"mc":[{"id":"1.231432440","rc":[{"ltp":1.75,"id":26354924}]}]}
{"op":"mcm","clk":"11785862110","pt":1722964715742,"mc":[{"id":"1.231432440","rc":[{"ltp":2.32,"id":26354921}]}]}
{"op":"mcm","clk":"11785869297","pt":1722964776013,"mc":[{"id":"1.231432440","rc":[{"ltp":2.3,"id":26354921}]}]}
{"op":"mcm","clk":"11785876568","pt":1722964836067,"mc":[{"id":"1.231432440","rc":[{"ltp":1.76,"id":26354924}]}]}
{"op":"mcm","clk":"11785883950","pt":1722964896003,"mc":[{"id":"1.231432440","rc":[{"ltp":1.77,"id":26354924},{"ltp":2.28,"id":26354921}]}]}
{"op":"mcm","clk":"11785891804","pt":1722964955646,"mc":[{"id":"1.231432440","rc":[{"ltp":1.79,"id":26354924},{"ltp":2.26,"id":26354921}]}]}
{"op":"mcm","clk":"11785899249","pt":1722965016035,"mc":[{"id":"1.231432440","rc":[{"ltp":1.8,"id":26354924},{"ltp":2.22,"id":26354921}]}]}
{"op":"mcm","clk":"11785906665","pt":1722965075668,"mc":[{"id":"1.231432440","rc":[{"ltp":2.24,"id":26354921}]}]}
{"op":"mcm","clk":"11785914449","pt":1722965136068,"mc":[{"id":"1.231432440","rc":[{"ltp":1.81,"id":26354924}]}]}
{"op":"mcm","clk":"11785922275","pt":1722965195868,"mc":[{"id":"1.231432440","rc":[{"ltp":2.22,"id":26354921}]}]}
{"op":"mcm","clk":"11785929994","pt":1722965256079,"mc":[{"id":"1.231432440","rc":[{"ltp":1.84,"id":26354924},{"ltp":2.18,"id":26354921}]}]}
{"op":"mcm","clk":"11785946533","pt":1722965376021,"mc":[{"id":"1.231432440","rc":[{"ltp":1.85,"id":26354924}]}]}
{"op":"mcm","clk":"11785955409","pt":1722965435998,"mc":[{"id":"1.231432440","marketDefinition":{"bspMarket":false,"turnInPlayEnabled":true,"persistenceEnabled":true,"marketBaseRate":5.0,"eventId":"33467052","eventTypeId":"4","numberOfWinners":1,"bettingType":"ODDS","marketType":"MATCH_ODDS","marketTime":"2024-08-06T17:30:00.000Z","suspendTime":"2024-08-06T17:30:00.000Z","bspReconciled":false,"complete":true,"inPlay":true,"crossMatching":true,"runnersVoidable":false,"numberOfActiveRunners":2,"betDelay":5,"status":"OPEN","runners":[{"status":"ACTIVE","sortPriority":1,"id":26354921,"name":"Birmingham Phoenix"},{"status":"ACTIVE","sortPriority":2,"id":26354924,"name":"Northern Superchargers"}],"regulators":["MR_INT"],"countryCode":"GB","discountAllowed":true,"timezone":"GMT","openDate":"2024-08-06T17:30:00.000Z","version":6059800939,"name":"Match Odds","eventName":"Birmingham Phoenix v Northern Superchargers"},"rc":[{"ltp":1.88,"id":26354924},{"ltp":2.12,"id":26354921}]}]}
{"op":"mcm","clk":"11785963816","pt":1722965496087,"mc":[{"id":"1.231432440","rc":[{"ltp":1.85,"id":26354924},{"ltp":2.18,"id":26354921}]}]}
{"op":"mcm","clk":"11785972378","pt":1722965556066,"mc":[{"id":"1.231432440","rc":[{"ltp":1.86,"id":26354924},{"ltp":2.16,"id":26354921}]}]}
{"op":"mcm","clk":"11785981077","pt":1722965616054,"mc":[{"id":"1.231432440","rc":[{"ltp":2.2,"id":26354924},{"ltp":1.82,"id":26354921}]}]}
{"op":"mcm","clk":"11785989763","pt":1722965676034,"mc":[{"id":"1.231432440","rc":[{"ltp":2.34,"id":26354924},{"ltp":1.74,"id":26354921}]}]}
{"op":"mcm","clk":"11785998413","pt":1722965736017,"mc":[{"id":"1.231432440","rc":[{"ltp":2.42,"id":26354924},{"ltp":1.7,"id":26354921}]}]}
{"op":"mcm","clk":"11786007630","pt":1722965796059,"mc":[{"id":"1.231432440","rc":[{"ltp":2.48,"id":26354924},{"ltp":1.66,"id":26354921}]}]}
{"op":"mcm","clk":"11786016958","pt":1722965856009,"mc":[{"id":"1.231432440","rc":[{"ltp":2.36,"id":26354924},{"ltp":1.72,"id":26354921}]}]}
{"op":"mcm","clk":"11786026554","pt":1722965916067,"mc":[{"id":"1.231432440","rc":[{"ltp":2.38,"id":26354924},{"ltp":1.71,"id":26354921}]}]}
{"op":"mcm","clk":"11786035039","pt":1722965976037,"mc":[{"id":"1.231432440","rc":[{"ltp":2.56,"id":26354924},{"ltp":1.64,"id":26354921}]}]}
{"op":"mcm","clk":"11786043112","pt":1722966036058,"mc":[{"id":"1.231432440","rc":[{"ltp":2.44,"id":26354924},{"ltp":1.7,"id":26354921}]}]}
{"op":"mcm","clk":"11786051496","pt":1722966096045,"mc":[{"id":"1.231432440","rc":[{"ltp":2.28,"id":26354924},{"ltp":1.78,"id":26354921}]}]}
{"op":"mcm","clk":"11786059935","pt":1722966156074,"mc":[{"id":"1.231432440","rc":[{"ltp":2.62,"id":26354924},{"ltp":1.59,"id":26354921}]}]}
{"op":"mcm","clk":"11786076876","pt":1722966216091,"mc":[{"id":"1.231432440","rc":[{"ltp":3.15,"id":26354924},{"ltp":1.46,"id":26354921}]}]}
{"op":"mcm","clk":"11786086050","pt":1722966276042,"mc":[{"id":"1.231432440","rc":[{"ltp":3.0,"id":26354924},{"ltp":1.5,"id":26354921}]}]}
{"op":"mcm","clk":"11786095139","pt":1722966336060,"mc":[{"id":"1.231432440","rc":[{"ltp":1.49,"id":26354921}]}]}
{"op":"mcm","clk":"11786104488","pt":1722966396042,"mc":[{"id":"1.231432440","rc":[{"ltp":4.2,"id":26354924},{"ltp":1.31,"id":26354921}]}]}
{"op":"mcm","clk":"11786113594","pt":1722966456032,"mc":[{"id":"1.231432440","rc":[{"ltp":4.3,"id":26354924}]}]}
{"op":"mcm","clk":"11786122703","pt":1722966516084,"mc":[{"id":"1.231432440","rc":[{"ltp":3.85,"id":26354924},{"ltp":1.36,"id":26354921}]}]}
{"op":"mcm","clk":"11786132091","pt":1722966576058,"mc":[{"id":"1.231432440","rc":[{"ltp":3.7,"id":26354924},{"ltp":1.37,"id":26354921}]}]}
{"op":"mcm","clk":"11786140765","pt":1722966636018,"mc":[{"id":"1.231432440","rc":[{"ltp":3.8,"id":26354924},{"ltp":1.36,"id":26354921}]}]}
{"op":"mcm","clk":"11786149931","pt":1722966696060,"mc":[{"id":"1.231432440","rc":[{"ltp":3.85,"id":26354924}]}]}
{"op":"mcm","clk":"11786159056","pt":1722966755949,"mc":[{"id":"1.231432440","rc":[{"ltp":4.0,"id":26354924},{"ltp":1.32,"id":26354921}]}]}
{"op":"mcm","clk":"11786167437","pt":1722966816095,"mc":[{"id":"1.231432440","rc":[{"ltp":4.2,"id":26354924},{"ltp":1.31,"id":26354921}]}]}
{"op":"mcm","clk":"11786174799","pt":1722966876066,"mc":[{"id":"1.231432440","rc":[{"ltp":3.8,"id":26354924},{"ltp":1.36,"id":26354921}]}]}
{"op":"mcm","clk":"11786182689","pt":1722966936026,"mc":[{"id":"1.231432440","rc":[{"ltp":3.85,"id":26354924},{"ltp":1.35,"id":26354921}]}]}
{"op":"mcm","clk":"11786190629","pt":1722966996026,"mc":[{"id":"1.231432440","rc":[{"ltp":4.0,"id":26354924},{"ltp":1.33,"id":26354921}]}]}
{"op":"mcm","clk":"11786205213","pt":1722967115920,"mc":[{"id":"1.231432440","rc":[{"ltp":3.95,"id":26354924},{"ltp":1.34,"id":26354921}]}]}
{"op":"mcm","clk":"11786212356","pt":1722967175828,"mc":[{"id":"1.231432440","rc":[{"ltp":4.0,"id":26354924},{"ltp":1.33,"id":26354921}]}]}
{"op":"mcm","clk":"11786220097","pt":1722967236019,"mc":[{"id":"1.231432440","rc":[{"ltp":4.1,"id":26354924},{"ltp":1.32,"id":26354921}]}]}
{"op":"mcm","clk":"11786227644","pt":1722967296080,"mc":[{"id":"1.231432440","rc":[{"ltp":4.4,"id":26354924},{"ltp":1.28,"id":26354921}]}]}
{"op":"mcm","clk":"11786235333","pt":1722967356039,"mc":[{"id":"1.231432440","rc":[{"ltp":4.7,"id":26354924},{"ltp":1.27,"id":26354921}]}]}
{"op":"mcm","clk":"11786242583","pt":1722967416057,"mc":[{"id":"1.231432440","rc":[{"ltp":5.5,"id":26354924},{"ltp":1.22,"id":26354921}]}]}
{"op":"mcm","clk":"11786250238","pt":1722967476079,"mc":[{"id":"1.231432440","rc":[{"ltp":7.8,"id":26354924},{"ltp":1.15,"id":26354921}]}]}
{"op":"mcm","clk":"11786258084","pt":1722967536057,"mc":[{"id":"1.231432440","rc":[{"ltp":7.4,"id":26354924}]}]}
{"op":"mcm","clk":"11786266562","pt":1722967596042,"mc":[{"id":"1.231432440","rc":[{"ltp":7.6,"id":26354924}]}]}
{"op":"mcm","clk":"11786275193","pt":1722967656009,"mc":[{"id":"1.231432440","rc":[{"ltp":1.16,"id":26354921}]}]}
{"op":"mcm","clk":"11786283072","pt":1722967716089,"mc":[{"id":"1.231432440","rc":[{"ltp":1.14,"id":26354921}]}]}
{"op":"mcm","clk":"11786290883","pt":1722967775956,"mc":[{"id":"1.231432440","rc":[{"ltp":1.15,"id":26354921}]}]}
{"op":"mcm","clk":"11786306381","pt":1722967896008,"mc":[{"id":"1.231432440","rc":[{"ltp":7.8,"id":26354924}]}]}
{"op":"mcm","clk":"11786313382","pt":1722967955875,"mc":[{"id":"1.231432440","rc":[{"ltp":7.6,"id":26354924}]}]}
{"op":"mcm","clk":"11786327973","pt":1722968076083,"mc":[{"id":"1.231432440","rc":[{"ltp":11.0,"id":26354924},{"ltp":1.1,"id":26354921}]}]}
{"op":"mcm","clk":"11786336134","pt":1722968136001,"mc":[{"id":"1.231432440","rc":[{"ltp":12.5,"id":26354924},{"ltp":1.09,"id":26354921}]}]}
{"op":"mcm","clk":"11786344737","pt":1722968196093,"mc":[{"id":"1.231432440","rc":[{"ltp":12.0,"id":26354924}]}]}
{"op":"mcm","clk":"11786353243","pt":1722968256091,"mc":[{"id":"1.231432440","rc":[{"ltp":13.5,"id":26354924},{"ltp":1.08,"id":26354921}]}]}
{"op":"mcm","clk":"11786361626","pt":1722968316070,"mc":[{"id":"1.231432440","rc":[{"ltp":13.0,"id":26354924},{"ltp":1.09,"id":26354921}]}]}
{"op":"mcm","clk":"11786370486","pt":1722968376043,"mc":[{"id":"1.231432440","rc":[{"ltp":12.0,"id":26354924}]}]}
{"op":"mcm","clk":"11786378996","pt":1722968436062,"mc":[{"id":"1.231432440","rc":[{"ltp":19.0,"id":26354924},{"ltp":1.06,"id":26354921}]}]}
{"op":"mcm","clk":"11786388121","pt":1722968495939,"mc":[{"id":"1.231432440","rc":[{"ltp":18.5,"id":26354924},{"ltp":1.05,"id":26354921}]}]}
{"op":"mcm","clk":"11786397093","pt":1722968556034,"mc":[{"id":"1.231432440","rc":[{"ltp":17.5,"id":26354924},{"ltp":1.06,"id":26354921}]}]}
{"op":"mcm","clk":"11786405956","pt":1722968616035,"mc":[{"id":"1.231432440","rc":[{"ltp":15.5,"id":26354924}]}]}
{"op":"mcm","clk":"11786414927","pt":1722968676001,"mc":[{"id":"1.231432440","rc":[{"ltp":15.0,"id":26354924},{"ltp":1.08,"id":26354921}]}]}
{"op":"mcm","clk":"11786424158","pt":1722968735907,"mc":[{"id":"1.231432440","rc":[{"ltp":1.07,"id":26354921}]}]}
{"op":"mcm","clk":"11786433231","pt":1722968796074,"mc":[{"id":"1.231432440","rc":[{"ltp":16.0,"id":26354924}]}]}
{"op":"mcm","clk":"11786450635","pt":1722968916035,"mc":[{"id":"1.231432440","rc":[{"ltp":15.0,"id":26354924},{"ltp":1.06,"id":26354921}]}]}
{"op":"mcm","clk":"11786459172","pt":1722968976097,"mc":[{"id":"1.231432440","rc":[{"ltp":21.0,"id":26354924},{"ltp":1.05,"id":26354921}]}]}
{"op":"mcm","clk":"11786467829","pt":1722969036084,"mc":[{"id":"1.231432440","rc":[{"ltp":15.0,"id":26354924},{"ltp":1.07,"id":26354921}]}]}
{"op":"mcm","clk":"11786476267","pt":1722969096056,"mc":[{"id":"1.231432440","rc":[{"ltp":16.0,"id":26354924}]}]}
{"op":"mcm","clk":"11786484201","pt":1722969156045,"mc":[{"id":"1.231432440","rc":[{"ltp":15.5,"id":26354924}]}]}
{"op":"mcm","clk":"11786492892","pt":1722969216017,"mc":[{"id":"1.231432440","rc":[{"ltp":21.0,"id":26354924},{"ltp":1.04,"id":26354921}]}]}
{"op":"mcm","clk":"11786501924","pt":1722969276049,"mc":[{"id":"1.231432440","rc":[{"ltp":19.0,"id":26354924},{"ltp":1.06,"id":26354921}]}]}
{"op":"mcm","clk":"11786510868","pt":1722969336017,"mc":[{"id":"1.231432440","rc":[{"ltp":17.0,"id":26354924},{"ltp":1.07,"id":26354921}]}]}
{"op":"mcm","clk":"11786519647","pt":1722969396081,"mc":[{"id":"1.231432440","rc":[{"ltp":17.5,"id":26354924}]}]}
{"op":"mcm","clk":"11786537502","pt":1722969516100,"mc":[{"id":"1.231432440","rc":[{"ltp":22.0,"id":26354924},{"ltp":1.05,"id":26354921}]}]}
{"op":"mcm","clk":"11786555951","pt":1722969635800,"mc":[{"id":"1.231432440","rc":[{"ltp":26.0,"id":26354924},{"ltp":1.04,"id":26354921}]}]}
{"op":"mcm","clk":"11786565732","pt":1722969696017,"mc":[{"id":"1.231432440","rc":[{"ltp":24.0,"id":26354924},{"ltp":1.05,"id":26354921}]}]}
{"op":"mcm","clk":"11786575237","pt":1722969756101,"mc":[{"id":"1.231432440","rc":[{"ltp":1.04,"id":26354921}]}]}
{"op":"mcm","clk":"11786584747","pt":1722969816086,"mc":[{"id":"1.231432440","rc":[{"ltp":25.0,"id":26354924},{"ltp":1.05,"id":26354921}]}]}
{"op":"mcm","clk":"11786593654","pt":1722969876028,"mc":[{"id":"1.231432440","rc":[{"ltp":24.0,"id":26354924}]}]}
{"op":"mcm","clk":"11786602113","pt":1722969935722,"mc":[{"id":"1.231432440","rc":[{"ltp":1.04,"id":26354921}]}]}
{"op":"mcm","clk":"11786610720","pt":1722969995988,"mc":[{"id":"1.231432440","rc":[{"ltp":23.0,"id":26354924},{"ltp":1.05,"id":26354921}]}]}
{"op":"mcm","clk":"11786619382","pt":1722970056078,"mc":[{"id":"1.231432440","rc":[{"ltp":24.0,"id":26354924}]}]}
{"op":"mcm","clk":"11786628195","pt":1722970115874,"mc":[{"id":"1.231432440","rc":[{"ltp":26.0,"id":26354924},{"ltp":1.04,"id":26354921}]}]}
{"op":"mcm","clk":"11786636937","pt":1722970176015,"mc":[{"id":"1.231432440","rc":[{"ltp":29.0,"id":26354924}]}]}
{"op":"mcm","clk":"11786645508","pt":1722970235813,"mc":[{"id":"1.231432440","rc":[{"ltp":30.0,"id":26354924}]}]}
{"op":"mcm","clk":"11786670055","pt":1722970415408,"mc":[{"id":"1.231432440","rc":[{"ltp":32.0,"id":26354924}]}]}
{"op":"mcm","clk":"11786678164","pt":1722970476059,"mc":[{"id":"1.231432440","rc":[{"ltp":30.0,"id":26354924}]}]}
{"op":"mcm","clk":"11786685537","pt":1722970535973,"mc":[{"id":"1.231432440","rc":[{"ltp":38.0,"id":26354924},{"ltp":1.02,"id":26354921}]}]}
{"op":"mcm","clk":"11786693593","pt":1722970596022,"mc":[{"id":"1.231432440","rc":[{"ltp":42.0,"id":26354924},{"ltp":1.03,"id":26354921}]}]}
{"op":"mcm","clk":"11786701990","pt":1722970656065,"mc":[{"id":"1.231432440","rc":[{"ltp":44.0,"id":26354924}]}]}
{"op":"mcm","clk":"11786709920","pt":1722970715993,"mc":[{"id":"1.231432440","rc":[{"ltp":55.0,"id":26354924},{"ltp":1.02,"id":26354921}]}]}
{"op":"mcm","clk":"11786717889","pt":1722970776047,"mc":[{"id":"1.231432440","rc":[{"ltp":90.0,"id":26354924},{"ltp":1.01,"id":26354921}]}]}
{"op":"mcm","clk":"11786725845","pt":1722970836092,"mc":[{"id":"1.231432440","rc":[{"ltp":70.0,"id":26354924},{"ltp":1.02,"id":26354921}]}]}
{"op":"mcm","clk":"11786741422","pt":1722970956057,"mc":[{"id":"1.231432440","rc":[{"ltp":75.0,"id":26354924}]}]}
{"op":"mcm","clk":"11786749102","pt":1722971016020,"mc":[{"id":"1.231432440","rc":[{"ltp":85.0,"id":26354924},{"ltp":1.01,"id":26354921}]}]}
{"op":"mcm","clk":"11786756536","pt":1722971075969,"mc":[{"id":"1.231432440","rc":[{"ltp":160.0,"id":26354924}]}]}
{"op":"mcm","clk":"11786763898","pt":1722971135863,"mc":[{"id":"1.231432440","rc":[{"ltp":210.0,"id":26354924}]}]}
{"op":"mcm","clk":"11786771288","pt":1722971194864,"mc":[{"id":"1.231432440","rc":[{"ltp":300.0,"id":26354924}]}]}
{"op":"mcm","clk":"11786778716","pt":1722971255970,"mc":[{"id":"1.231432440","rc":[{"ltp":330.0,"id":26354924}]}]}
{"op":"mcm","clk":"11786792848","pt":1722971375599,"mc":[{"id":"1.231432440","rc":[{"ltp":310.0,"id":26354924}]}]}
{"op":"mcm","clk":"11786800080","pt":1722971435856,"mc":[{"id":"1.231432440","rc":[{"ltp":120.0,"id":26354924}]}]}
{"op":"mcm","clk":"11786806959","pt":1722971496082,"mc":[{"id":"1.231432440","rc":[{"ltp":1000.0,"id":26354924}]}]}
{"op":"mcm","clk":"11786891191","pt":1722972152738,"mc":[{"id":"1.231432440","marketDefinition":{"bspMarket":false,"turnInPlayEnabled":true,"persistenceEnabled":true,"marketBaseRate":5.0,"eventId":"33467052","eventTypeId":"4","numberOfWinners":1,"bettingType":"ODDS","marketType":"MATCH_ODDS","marketTime":"2024-08-06T17:30:00.000Z","suspendTime":"2024-08-06T17:30:00.000Z","bspReconciled":false,"complete":true,"inPlay":true,"crossMatching":true,"runnersVoidable":false,"numberOfActiveRunners":2,"betDelay":5,"status":"SUSPENDED","runners":[{"status":"ACTIVE","sortPriority":1,"id":26354921,"name":"Birmingham Phoenix"},{"status":"ACTIVE","sortPriority":2,"id":26354924,"name":"Northern Superchargers"}],"regulators":["MR_INT"],"countryCode":"GB","discountAllowed":true,"timezone":"GMT","openDate":"2024-08-06T17:30:00.000Z","version":6059990437,"name":"Match Odds","eventName":"Birmingham Phoenix v Northern Superchargers"}}]}
{"op":"mcm","clk":"11786909621","pt":1722972325209,"mc":[{"id":"1.231432440","marketDefinition":{"bspMarket":false,"turnInPlayEnabled":true,"persistenceEnabled":true,"marketBaseRate":5.0,"eventId":"33467052","eventTypeId":"4","numberOfWinners":1,"bettingType":"ODDS","marketType":"MATCH_ODDS","marketTime":"2024-08-06T17:30:00.000Z","suspendTime":"2024-08-06T17:30:00.000Z","bspReconciled":false,"complete":true,"inPlay":true,"crossMatching":false,"runnersVoidable":false,"numberOfActiveRunners":0,"betDelay":5,"status":"CLOSED","settledTime":"2024-08-06T19:24:39.000Z","runners":[{"status":"WINNER","sortPriority":1,"id":26354921,"name":"Birmingham Phoenix"},{"status":"LOSER","sortPriority":2,"id":26354924,"name":"Northern Superchargers"}],"regulators":["MR_INT"],"countryCode":"GB","discountAllowed":true,"timezone":"GMT","openDate":"2024-08-06T17:30:00.000Z","version":6059994388,"name":"Match Odds","eventName":"Birmingham Phoenix v Northern Superchargers"}}]}
