{"op":"mcm","clk":"11784068154","pt":1722941343242,"mc":[{"id":"1.231501844","marketDefinition":{"bspMarket":false,"turnInPlayEnabled":true,"persistenceEnabled":true,"marketBaseRate":5.0,"eventId":"33472590","eventTypeId":"4","numberOfWinners":1,"bettingType":"ODDS","marketType":"MATCH_ODDS","marketTime":"2024-08-08T14:00:00.000Z","suspendTime":"2024-08-08T14:00:00.000Z","bspReconciled":false,"complete":true,"inPlay":false,"crossMatching":true,"runnersVoidable":false,"numberOfActiveRunners":2,"betDelay":0,"status":"OPEN","runners":[{"status":"ACTIVE","sortPriority":1,"id":40096582,"name":"Oval Invincibles Women"},{"status":"ACTIVE","sortPriority":2,"id":40096579,"name":"Southern Brave Women"}],"regulators":["MR_INT"],"countryCode":"GB","discountAllowed":true,"timezone":"GMT","openDate":"2024-08-08T14:00:00.000Z","version":6059505756,"name":"Match Odds","eventName":"Oval Invincibles Women v Southern Brave Women"}}]}
{"op":"mcm","clk":"11789185779","pt":1723017995088,"mc":[{"id":"1.231501844","rc":[{"ltp":1.79,"id":40096582}]}]}
{"op":"mcm","clk":"11790887715","pt":1723043230939,"mc":[{"id":"1.231501844","rc":[{"ltp":2.28,"id":40096579}]}]}
{"op":"mcm","clk":"11793035110","pt":1723061531958,"mc":[{"id":"1.231501844","rc":[{"ltp":1.75,"id":40096582}]}]}
{"op":"mcm","clk":"11793190891","pt":1723065180875,"mc":[{"id":"1.231501844","rc":[{"ltp":1.74,"id":40096582}]}]}
{"op":"mcm","clk":"11793203049","pt":1723065506171,"mc":[{"id":"1.231501844","rc":[{"ltp":1.75,"id":40096582}]}]}
{"op":"mcm","clk":"11793454906","pt":1723070911458,"mc":[{"id":"1.231501844","rc":[{"ltp":1.74,"id":40096582}]}]}
{"op":"mcm","clk":"11793785024","pt":1723076634221,"mc":[{"id":"1.231501844","rc":[{"ltp":1.75,"id":40096582}]}]}
{"op":"mcm","clk":"11793815930","pt":1723077154232,"mc":[{"id":"1.231501844","rc":[{"ltp":2.32,"id":40096579}]}]}
{"op":"mcm","clk":"11793947331","pt":1723079528865,"mc":[{"id":"1.231501844","rc":[{"ltp":1.76,"id":40096582}]}]}
{"op":"mcm","clk":"11793982843","pt":1723079938997,"mc":[{"id":"1.231501844","rc":[{"ltp":1.75,"id":40096582}]}]}
{"op":"mcm","clk":"11794122233","pt":1723082745388,"mc":[{"id":"1.231501844","rc":[{"ltp":1.76,"id":40096582}]}]}
{"op":"mcm","clk":"11794254310","pt":1723086433526,"mc":[{"id":"1.231501844","rc":[{"ltp":2.3,"id":40096579}]}]}
{"op":"mcm","clk":"11794299112","pt":1723087791013,"mc":[{"id":"1.231501844","rc":[{"ltp":1.77,"id":40096582}]}]}
{"op":"mcm","clk":"11794301514","pt":1723087860671,"mc":[{"id":"1.231501844","rc":[{"ltp":1.79,"id":40096582}]}]}
{"op":"mcm","clk":"11794307655","pt":1723088035627,"mc":[{"id":"1.231501844","rc":[{"ltp":1.78,"id":40096582}]}]}
{"op":"mcm","clk":"11794317405","pt":1723088334028,"mc":[{"id":"1.231501844","rc":[{"ltp":2.28,"id":40096579}]}]}
{"op":"mcm","clk":"11794484632","pt":1723092881964,"mc":[{"id":"1.231501844","rc":[{"ltp":2.26,"id":40096579}]}]}
{"op":"mcm","clk":"11794545398","pt":1723094437210,"mc":[{"id":"1.231501844","rc":[{"ltp":1.79,"id":40096582}]}]}
{"op":"mcm","clk":"11794566778","pt":1723095113229,"mc":[{"id":"1.231501844","rc":[{"ltp":1.77,"id":40096582}]}]}
{"op":"mcm","clk":"11794567752","pt":1723095143981,"mc":[{"id":"1.231501844","rc":[{"ltp":1.79,"id":40096582}]}]}
{"op":"mcm","clk":"11794732055","pt":1723099305037,"mc":[{"id":"1.231501844","rc":[{"ltp":1.8,"id":40096582}]}]}
{"op":"mcm","clk":"11794781717","pt":1723100550547,"mc":[{"id":"1.231501844","rc":[{"ltp":2.24,"id":40096579}]}]}
{"op":"mcm","clk":"11794785920","pt":1723100658357,"mc":[{"id":"1.231501844","rc":[{"ltp":1.79,"id":40096582}]}]}
{"op":"mcm","clk":"11794819451","pt":1723101232997,"mc":[{"id":"1.231501844","rc":[{"ltp":1.8,"id":40096582}]}]}
{"op":"mcm","clk":"11794824976","pt":1723101354286,"mc":[{"id":"1.231501844","rc":[{"ltp":1.79,"id":40096582}]}]}
{"op":"mcm","clk":"11794949873","pt":1723104351467,"mc":[{"id":"1.231501844","rc":[{"ltp":1.8,"id":40096582}]}]}
{"op":"mcm","clk":"11794961690","pt":1723104586033,"mc":[{"id":"1.231501844","rc":[{"ltp":1.79,"id":40096582}]}]}
{"op":"mcm","clk":"11794994846","pt":1723105432208,"mc":[{"id":"1.231501844","rc":[{"ltp":1.78,"id":40096582}]}]}
{"op":"mcm","clk":"11795027123","pt":1723106245108,"mc":[{"id":"1.231501844","rc":[{"ltp":2.28,"id":40096579}]}]}
{"op":"mcm","clk":"11795037150","pt":1723106489213,"mc":[{"id":"1.231501844","rc":[{"ltp":2.26,"id":40096579}]}]}
{"op":"mcm","clk":"11795068147","pt":1723107121047,"mc":[{"id":"1.231501844","rc":[{"ltp":1.79,"id":40096582}]}]}
{"op":"mcm","clk":"11795167519","pt":1723109454522,"mc":[{"id":"1.231501844","rc":[{"ltp":1.78,"id":40096582}]}]}
{"op":"mcm","clk":"11795202381","pt":1723110116623,"mc":[{"id":"1.231501844","rc":[{"ltp":1.79,"id":40096582}]}]}
{"op":"mcm","clk":"11795213393","pt":1723110335953,"mc":[{"id":"1.231501844","rc":[{"ltp":2.28,"id":40096579},{"ltp":1.78,"id":40096582}]}]}
{"op":"mcm","clk":"11795426715","pt":1723113780475,"mc":[{"id":"1.231501844","rc":[{"ltp":1.79,"id":40096582}]}]}
{"op":"mcm","clk":"11795470046","pt":1723114532343,"mc":[{"id":"1.231501844","rc":[{"ltp":1.78,"id":40096582}]}]}
{"op":"mcm","clk":"11795521778","pt":1723115512659,"mc":[{"id":"1.231501844","rc":[{"ltp":1.79,"id":40096582}]}]}
{"op":"mcm","clk":"11795538227","pt":1723115866987,"mc":[{"id":"1.231501844","rc":[{"ltp":1.78,"id":40096582}]}]}
{"op":"mcm","clk":"11795541295","pt":1723115939352,"mc":[{"id":"1.231501844","rc":[{"ltp":2.26,"id":40096579}]}]}
{"op":"mcm","clk":"11795571106","pt":1723116535251,"mc":[{"id":"1.231501844","rc":[{"ltp":1.79,"id":40096582}]}]}
{"op":"mcm","clk":"11795583952","pt":1723116822755,"mc":[{"id":"1.231501844","rc":[{"ltp":1.78,"id":40096582}]}]}
{"op":"mcm","clk":"11795594902","pt":1723117059191,"mc":[{"id":"1.231501844","rc":[{"ltp":1.79,"id":40096582}]}]}
{"op":"mcm","clk":"11795676643","pt":1723118609907,"mc":[{"id":"1.231501844","rc":[{"ltp":1.78,"id":40096582}]}]}
{"op":"mcm","clk":"11795680284","pt":1723118695296,"mc":[{"id":"1.231501844","rc":[{"ltp":1.79,"id":40096582}]}]}
{"op":"mcm","clk":"11795691427","pt":1723118940281,"mc":[{"id":"1.231501844","rc":[{"ltp":2.24,"id":40096579},{"ltp":1.8,"id":40096582}]}]}
{"op":"mcm","clk":"11795699065","pt":1723119099351,"mc":[{"id":"1.231501844","rc":[{"ltp":1.79,"id":40096582}]}]}
{"op":"mcm","clk":"11795703309","pt":1723119173664,"mc":[{"id":"1.231501844","rc":[{"ltp":1.8,"id":40096582}]}]}
{"op":"mcm","clk":"11795707642","pt":1723119241150,"mc":[{"id":"1.231501844","rc":[{"ltp":2.26,"id":40096579}]}]}
{"op":"mcm","clk":"11795710928","pt":1723119298190,"mc":[{"id":"1.231501844","rc":[{"ltp":1.78,"id":40096582}]}]}
{"op":"mcm","clk":"11795714270","pt":1723119353349,"mc":[{"id":"1.231501844","rc":[{"ltp":2.24,"id":40096579},{"ltp":1.8,"id":40096582}]}]}
{"op":"mcm","clk":"11795723215","pt":1723119537537,"mc":[{"id":"1.231501844","rc":[{"ltp":2.26,"id":40096579}]}]}
{"op":"mcm","clk":"11795725065","pt":1723119599678,"mc":[{"id":"1.231501844","rc":[{"ltp":1.79,"id":40096582}]}]}
{"op":"mcm","clk":"11795728376","pt":1723119690719,"mc":[{"id":"1.231501844","rc":[{"ltp":1.8,"id":40096582}]}]}
{"op":"mcm","clk":"11795734138","pt":1723119831951,"mc":[{"id":"1.231501844","rc":[{"ltp":1.78,"id":40096582}]}]}
{"op":"mcm","clk":"11795742272","pt":1723120008323,"mc":[{"id":"1.231501844","rc":[{"ltp":2.24,"id":40096579},{"ltp":1.79,"id":40096582}]}]}
{"op":"mcm","clk":"11795761730","pt":1723120359774,"mc":[{"id":"1.231501844","rc":[{"ltp":1.8,"id":40096582}]}]}
{"op":"mcm","clk":"11795768282","pt":1723120482702,"mc":[{"id":"1.231501844","rc":[{"ltp":1.79,"id":40096582}]}]}
{"op":"mcm","clk":"11795806191","pt":1723121336308,"mc":[{"id":"1.231501844","rc":[{"ltp":2.3,"id":40096579},{"ltp":1.78,"id":40096582}]}]}
{"op":"mcm","clk":"11795809535","pt":1723121399367,"mc":[{"id":"1.231501844","rc":[{"ltp":1.8,"id":40096582}]}]}
{"op":"mcm","clk":"11795820290","pt":1723121692349,"mc":[{"id":"1.231501844","rc":[{"ltp":1.79,"id":40096582}]}]}
{"op":"mcm","clk":"11795821735","pt":1723121743498,"mc":[{"id":"1.231501844","rc":[{"ltp":1.78,"id":40096582}]}]}
{"op":"mcm","clk":"11795837885","pt":1723122114929,"mc":[{"id":"1.231501844","rc":[{"ltp":1.8,"id":40096582}]}]}
{"op":"mcm","clk":"11795845358","pt":1723122261974,"mc":[{"id":"1.231501844","rc":[{"ltp":2.24,"id":40096579}]}]}
{"op":"mcm","clk":"11795850447","pt":1723122358308,"mc":[{"id":"1.231501844","rc":[{"ltp":1.78,"id":40096582}]}]}
{"op":"mcm","clk":"11795853738","pt":1723122413760,"mc":[{"id":"1.231501844","rc":[{"ltp":2.26,"id":40096579},{"ltp":1.79,"id":40096582}]}]}
{"op":"mcm","clk":"11795859030","pt":1723122537465,"mc":[{"id":"1.231501844","rc":[{"ltp":2.24,"id":40096579},{"ltp":1.8,"id":40096582}]}]}
{"op":"mcm","clk":"11795861555","pt":1723122598624,"mc":[{"id":"1.231501844","rc":[{"ltp":2.22,"id":40096579},{"ltp":1.81,"id":40096582}]}]}
{"op":"mcm","clk":"11795869199","pt":1723122767430,"mc":[{"id":"1.231501844","rc":[{"ltp":2.2,"id":40096579}]}]}
{"op":"mcm","clk":"11795885788","pt":1723122893889,"mc":[{"id":"1.231501844","rc":[{"ltp":1.82,"id":40096582}]}]}
{"op":"mcm","clk":"11795893995","pt":1723123072952,"mc":[{"id":"1.231501844","rc":[{"ltp":1.83,"id":40096582}]}]}
{"op":"mcm","clk":"11795897057","pt":1723123140924,"mc":[{"id":"1.231501844","rc":[{"ltp":2.18,"id":40096579},{"ltp":1.84,"id":40096582}]}]}
{"op":"mcm","clk":"11795902602","pt":1723123259652,"mc":[{"id":"1.231501844","rc":[{"ltp":1.85,"id":40096582}]}]}
{"op":"mcm","clk":"11795910715","pt":1723123435459,"mc":[{"id":"1.231501844","rc":[{"ltp":1.83,"id":40096582}]}]}
{"op":"mcm","clk":"11795916024","pt":1723123560291,"mc":[{"id":"1.231501844","rc":[{"ltp":1.84,"id":40096582}]}]}
{"op":"mcm","clk":"11795918531","pt":1723123621002,"mc":[{"id":"1.231501844","rc":[{"ltp":2.2,"id":40096579},{"ltp":1.83,"id":40096582}]}]}
{"op":"mcm","clk":"11795920635","pt":1723123679715,"mc":[{"id":"1.231501844","rc":[{"ltp":2.22,"id":40096579}]}]}
{"op":"mcm","clk":"11795922676","pt":1723123737686,"mc":[{"id":"1.231501844","rc":[{"ltp":1.81,"id":40096582}]}]}
{"op":"mcm","clk":"11795924539","pt":1723123797249,"mc":[{"id":"1.231501844","rc":[{"ltp":1.82,"id":40096582}]}]}
{"op":"mcm","clk":"11795931441","pt":1723123980331,"mc":[{"id":"1.231501844","rc":[{"ltp":2.14,"id":40096579}]}]}
{"op":"mcm","clk":"11795933918","pt":1723124038680,"mc":[{"id":"1.231501844","rc":[{"ltp":2.06,"id":40096579},{"ltp":1.95,"id":40096582}]}]}
{"op":"mcm","clk":"11795936363","pt":1723124099937,"mc":[{"id":"1.231501844","rc":[{"ltp":2.12,"id":40096579},{"ltp":1.9,"id":40096582}]}]}
{"op":"mcm","clk":"11795938862","pt":1723124161056,"mc":[{"id":"1.231501844","rc":[{"ltp":2.06,"id":40096579},{"ltp":1.95,"id":40096582}]}]}
{"op":"mcm","clk":"11795944308","pt":1723124280340,"mc":[{"id":"1.231501844","rc":[{"ltp":1.99,"id":40096579},{"ltp":2.0,"id":40096582}]}]}
{"op":"mcm","clk":"11795947310","pt":1723124340932,"mc":[{"id":"1.231501844","rc":[{"ltp":1.98,"id":40096579},{"ltp":2.02,"id":40096582}]}]}
{"op":"mcm","clk":"11795953090","pt":1723124461111,"mc":[{"id":"1.231501844","rc":[{"ltp":1.96,"id":40096579},{"ltp":2.04,"id":40096582}]}]}
{"op":"mcm","clk":"11795955440","pt":1723124521063,"mc":[{"id":"1.231501844","rc":[{"ltp":1.95,"id":40096579}]}]}
{"op":"mcm","clk":"11795958350","pt":1723124580812,"mc":[{"id":"1.231501844","rc":[{"ltp":1.98,"id":40096579},{"ltp":2.02,"id":40096582}]}]}
{"op":"mcm","clk":"11795961093","pt":1723124639170,"mc":[{"id":"1.231501844","rc":[{"ltp":1.96,"id":40096579}]}]}
{"op":"mcm","clk":"11795964062","pt":1723124699622,"mc":[{"id":"1.231501844","rc":[{"ltp":2.04,"id":40096582}]}]}
{"op":"mcm","clk":"11795969189","pt":1723124819620,"mc":[{"id":"1.231501844","rc":[{"ltp":2.02,"id":40096582}]}]}
{"op":"mcm","clk":"11795971732","pt":1723124881155,"mc":[{"id":"1.231501844","rc":[{"ltp":1.97,"id":40096579},{"ltp":2.0,"id":40096582}]}]}
{"op":"mcm","clk":"11795974083","pt":1723124941224,"mc":[{"id":"1.231501844","rc":[{"ltp":1.98,"id":40096579},{"ltp":2.02,"id":40096582}]}]}
{"op":"mcm","clk":"11795976506","pt":1723125001010,"mc":[{"id":"1.231501844","rc":[{"ltp":1.96,"id":40096579},{"ltp":2.04,"id":40096582}]}]}
{"op":"mcm","clk":"11795978884","pt":1723125061200,"mc":[{"id":"1.231501844","rc":[{"ltp":1.97,"id":40096579},{"ltp":2.02,"id":40096582}]}]}
{"op":"mcm","clk":"11795984115","pt":1723125181082,"mc":[{"id":"1.231501844","rc":[{"ltp":1.94,"id":40096579},{"ltp":2.06,"id":40096582}]}]}
{"op":"mcm","clk":"11795986556","pt":1723125241068,"mc":[{"id":"1.231501844","rc":[{"ltp":1.93,"id":40096579},{"ltp":2.08,"id":40096582}]}]}
{"op":"mcm","clk":"11795988933","pt":1723125300762,"mc":[{"id":"1.231501844","rc":[{"ltp":1.92,"id":40096579}]}]}
{"op":"mcm","clk":"11795991959","pt":1723125360220,"mc":[{"id":"1.231501844","rc":[{"ltp":1.89,"id":40096579},{"ltp":2.12,"id":40096582}]}]}
{"op":"mcm","clk":"11795995134","pt":1723125420687,"mc":[{"id":"1.231501844","rc":[{"ltp":1.88,"id":40096579}]}]}
{"op":"mcm","clk":"11795998170","pt":1723125481158,"mc":[{"id":"1.231501844","rc":[{"ltp":1.89,"id":40096579}]}]}
{"op":"mcm","clk":"11796001099","pt":1723125540836,"mc":[{"id":"1.231501844","rc":[{"ltp":1.92,"id":40096579},{"ltp":2.08,"id":40096582}]}]}
{"op":"mcm","clk":"11796004101","pt":1723125600110,"mc":[{"id":"1.231501844","marketDefinition":{"bspMarket":false,"turnInPlayEnabled":true,"persistenceEnabled":true,"marketBaseRate":5.0,"eventId":"33472590","eventTypeId":"4","numberOfWinners":1,"bettingType":"ODDS","marketType":"MATCH_ODDS","marketTime":"2024-08-08T14:00:00.000Z","suspendTime":"2024-08-08T14:00:00.000Z","bspReconciled":false,"complete":true,"inPlay":true,"crossMatching":true,"runnersVoidable":false,"numberOfActiveRunners":2,"betDelay":5,"status":"OPEN","runners":[{"status":"ACTIVE","sortPriority":1,"id":40096582,"name":"Oval Invincibles Women"},{"status":"ACTIVE","sortPriority":2,"id":40096579,"name":"Southern Brave Women"}],"regulators":["MR_INT"],"countryCode":"GB","discountAllowed":true,"timezone":"GMT","openDate":"2024-08-08T14:00:00.000Z","version":6061823965,"name":"Match Odds","eventName":"Oval Invincibles Women v Southern Brave Women"},"rc":[{"ltp":1.9,"id":40096579},{"ltp":2.1,"id":40096582}]}]}
{"op":"mcm","clk":"11796007880","pt":1723125661165,"mc":[{"id":"1.231501844","rc":[{"ltp":1.85,"id":40096579},{"ltp":2.16,"id":40096582}]}]}
{"op":"mcm","clk":"11796012501","pt":1723125721218,"mc":[{"id":"1.231501844","rc":[{"ltp":1.57,"id":40096579},{"ltp":2.74,"id":40096582}]}]}
{"op":"mcm","clk":"11796015536","pt":1723125781183,"mc":[{"id":"1.231501844","rc":[{"ltp":1.49,"id":40096579},{"ltp":3.0,"id":40096582}]}]}
{"op":"mcm","clk":"11796019163","pt":1723125841180,"mc":[{"id":"1.231501844","rc":[{"ltp":1.48,"id":40096579}]}]}
{"op":"mcm","clk":"11796022739","pt":1723125901205,"mc":[{"id":"1.231501844","rc":[{"ltp":1.55,"id":40096579},{"ltp":2.86,"id":40096582}]}]}
{"op":"mcm","clk":"11796026081","pt":1723125961179,"mc":[{"id":"1.231501844","rc":[{"ltp":1.67,"id":40096579},{"ltp":2.52,"id":40096582}]}]}
{"op":"mcm","clk":"11796029341","pt":1723126021131,"mc":[{"id":"1.231501844","rc":[{"ltp":1.56,"id":40096579},{"ltp":2.78,"id":40096582}]}]}
{"op":"mcm","clk":"11796032613","pt":1723126081160,"mc":[{"id":"1.231501844","rc":[{"ltp":1.57,"id":40096579},{"ltp":2.74,"id":40096582}]}]}
{"op":"mcm","clk":"11796035969","pt":1723126141211,"mc":[{"id":"1.231501844","rc":[{"ltp":1.5,"id":40096579},{"ltp":3.0,"id":40096582}]}]}
{"op":"mcm","clk":"11796039399","pt":1723126201171,"mc":[{"id":"1.231501844","rc":[{"ltp":1.48,"id":40096579},{"ltp":3.05,"id":40096582}]}]}
{"op":"mcm","clk":"11796042849","pt":1723126261225,"mc":[{"id":"1.231501844","rc":[{"ltp":1.45,"id":40096579},{"ltp":3.2,"id":40096582}]}]}
{"op":"mcm","clk":"11796046160","pt":1723126321205,"mc":[{"id":"1.231501844","rc":[{"ltp":1.44,"id":40096579},{"ltp":3.25,"id":40096582}]}]}
{"op":"mcm","clk":"11796049595","pt":1723126381049,"mc":[{"id":"1.231501844","rc":[{"ltp":1.47,"id":40096579},{"ltp":3.1,"id":40096582}]}]}
{"op":"mcm","clk":"11796053343","pt":1723126441136,"mc":[{"id":"1.231501844","rc":[{"ltp":1.45,"id":40096579},{"ltp":3.25,"id":40096582}]}]}
{"op":"mcm","clk":"11796057277","pt":1723126501202,"mc":[{"id":"1.231501844","rc":[{"ltp":1.5,"id":40096579},{"ltp":3.0,"id":40096582}]}]}
{"op":"mcm","clk":"11796061331","pt":1723126561170,"mc":[{"id":"1.231501844","rc":[{"ltp":2.98,"id":40096582}]}]}
{"op":"mcm","clk":"11796064787","pt":1723126621134,"mc":[{"id":"1.231501844","rc":[{"ltp":1.61,"id":40096579},{"ltp":2.8,"id":40096582}]}]}
{"op":"mcm","clk":"11796068351","pt":1723126681159,"mc":[{"id":"1.231501844","rc":[{"ltp":1.38,"id":40096579},{"ltp":3.55,"id":40096582}]}]}
{"op":"mcm","clk":"11796071991","pt":1723126741138,"mc":[{"id":"1.231501844","rc":[{"ltp":1.42,"id":40096579},{"ltp":3.35,"id":40096582}]}]}
{"op":"mcm","clk":"11796075154","pt":1723126801170,"mc":[{"id":"1.231501844","rc":[{"ltp":1.38,"id":40096579},{"ltp":3.55,"id":40096582}]}]}
{"op":"mcm","clk":"11796078204","pt":1723126861160,"mc":[{"id":"1.231501844","rc":[{"ltp":1.37,"id":40096579},{"ltp":3.65,"id":40096582}]}]}
{"op":"mcm","clk":"11796081412","pt":1723126921221,"mc":[{"id":"1.231501844","rc":[{"ltp":1.4,"id":40096579},{"ltp":3.5,"id":40096582}]}]}
{"op":"mcm","clk":"11796084612","pt":1723126981192,"mc":[{"id":"1.231501844","rc":[{"ltp":1.39,"id":40096579},{"ltp":3.6,"id":40096582}]}]}
{"op":"mcm","clk":"11796087887","pt":1723127041138,"mc":[{"id":"1.231501844","rc":[{"ltp":1.44,"id":40096579},{"ltp":3.25,"id":40096582}]}]}
{"op":"mcm","clk":"11796091126","pt":1723127101127,"mc":[{"id":"1.231501844","rc":[{"ltp":1.41,"id":40096579},{"ltp":3.35,"id":40096582}]}]}
{"op":"mcm","clk":"11796094476","pt":1723127161167,"mc":[{"id":"1.231501844","rc":[{"ltp":1.43,"id":40096579},{"ltp":3.3,"id":40096582}]}]}
{"op":"mcm","clk":"11796098350","pt":1723127221135,"mc":[{"id":"1.231501844","rc":[{"ltp":1.41,"id":40096579},{"ltp":3.35,"id":40096582}]}]}
{"op":"mcm","clk":"11796101603","pt":1723127281225,"mc":[{"id":"1.231501844","rc":[{"ltp":1.37,"id":40096579},{"ltp":3.75,"id":40096582}]}]}
{"op":"mcm","clk":"11796104695","pt":1723127341169,"mc":[{"id":"1.231501844","rc":[{"ltp":3.6,"id":40096582}]}]}
{"op":"mcm","clk":"11796107727","pt":1723127401030,"mc":[{"id":"1.231501844","rc":[{"ltp":1.38,"id":40096579}]}]}
{"op":"mcm","clk":"11796114376","pt":1723127520727,"mc":[{"id":"1.231501844","rc":[{"ltp":1.39,"id":40096579},{"ltp":3.55,"id":40096582}]}]}
{"op":"mcm","clk":"11796117921","pt":1723127581085,"mc":[{"id":"1.231501844","rc":[{"ltp":1.38,"id":40096579}]}]}
{"op":"mcm","clk":"11796125070","pt":1723127701089,"mc":[{"id":"1.231501844","rc":[{"ltp":1.39,"id":40096579}]}]}
{"op":"mcm","clk":"11796132467","pt":1723127819536,"mc":[{"id":"1.231501844","rc":[{"ltp":1.37,"id":40096579},{"ltp":3.6,"id":40096582}]}]}
{"op":"mcm","clk":"11796136121","pt":1723127879880,"mc":[{"id":"1.231501844","rc":[{"ltp":3.75,"id":40096582}]}]}
{"op":"mcm","clk":"11796139311","pt":1723127940827,"mc":[{"id":"1.231501844","rc":[{"ltp":1.35,"id":40096579},{"ltp":3.7,"id":40096582}]}]}
{"op":"mcm","clk":"11796142700","pt":1723128000514,"mc":[{"id":"1.231501844","rc":[{"ltp":1.37,"id":40096579}]}]}
{"op":"mcm","clk":"11796146560","pt":1723128060976,"mc":[{"id":"1.231501844","rc":[{"ltp":1.36,"id":40096579},{"ltp":3.75,"id":40096582}]}]}
{"op":"mcm","clk":"11796168142","pt":1723128240864,"mc":[{"id":"1.231501844","rc":[{"ltp":1.37,"id":40096579},{"ltp":3.7,"id":40096582}]}]}
{"op":"mcm","clk":"11796171243","pt":1723128301025,"mc":[{"id":"1.231501844","rc":[{"ltp":3.75,"id":40096582}]}]}
{"op":"mcm","clk":"11796182455","pt":1723128539682,"mc":[{"id":"1.231501844","rc":[{"ltp":1.38,"id":40096579},{"ltp":3.6,"id":40096582}]}]}
{"op":"mcm","clk":"11796185574","pt":1723128597944,"mc":[{"id":"1.231501844","rc":[{"ltp":1.39,"id":40096579},{"ltp":3.55,"id":40096582}]}]}
{"op":"mcm","clk":"11796188700","pt":1723128660805,"mc":[{"id":"1.231501844","rc":[{"ltp":1.38,"id":40096579},{"ltp":3.6,"id":40096582}]}]}
{"op":"mcm","clk":"11796191529","pt":1723128721218,"mc":[{"id":"1.231501844","rc":[{"ltp":1.37,"id":40096579}]}]}
{"op":"mcm","clk":"11796194756","pt":1723128780893,"mc":[{"id":"1.231501844","rc":[{"ltp":1.38,"id":40096579},{"ltp":3.7,"id":40096582}]}]}
{"op":"mcm","clk":"11796198163","pt":1723128840871,"mc":[{"id":"1.231501844","rc":[{"ltp":1.37,"id":40096579},{"ltp":3.65,"id":40096582}]}]}
{"op":"mcm","clk":"11796201351","pt":1723128899532,"mc":[{"id":"1.231501844","rc":[{"ltp":3.7,"id":40096582}]}]}
{"op":"mcm","clk":"11796204798","pt":1723128960983,"mc":[{"id":"1.231501844","rc":[{"ltp":1.38,"id":40096579},{"ltp":3.6,"id":40096582}]}]}
{"op":"mcm","clk":"11796207812","pt":1723129019662,"mc":[{"id":"1.231501844","rc":[{"ltp":1.37,"id":40096579}]}]}
{"op":"mcm","clk":"11796210670","pt":1723129080241,"mc":[{"id":"1.231501844","rc":[{"ltp":3.65,"id":40096582}]}]}
{"op":"mcm","clk":"11796216441","pt":1723129200356,"mc":[{"id":"1.231501844","rc":[{"ltp":1.38,"id":40096579}]}]}
{"op":"mcm","clk":"11796224026","pt":1723129319728,"mc":[{"id":"1.231501844","rc":[{"ltp":1.37,"id":40096579},{"ltp":3.75,"id":40096582}]}]}
{"op":"mcm","clk":"11796227911","pt":1723129381227,"mc":[{"id":"1.231501844","rc":[{"ltp":3.65,"id":40096582}]}]}
{"op":"mcm","clk":"11796231551","pt":1723129440501,"mc":[{"id":"1.231501844","rc":[{"ltp":1.38,"id":40096579}]}]}
{"op":"mcm","clk":"11796235156","pt":1723129499946,"mc":[{"id":"1.231501844","rc":[{"ltp":1.37,"id":40096579}]}]}
{"op":"mcm","clk":"11796238919","pt":1723129561190,"mc":[{"id":"1.231501844","rc":[{"ltp":1.38,"id":40096579}]}]}
{"op":"mcm","clk":"11796242922","pt":1723129620711,"mc":[{"id":"1.231501844","rc":[{"ltp":1.37,"id":40096579}]}]}
{"op":"mcm","clk":"11796247032","pt":1723129679398,"mc":[{"id":"1.231501844","rc":[{"ltp":1.38,"id":40096579}]}]}
{"op":"mcm","clk":"11796256052","pt":1723129800665,"mc":[{"id":"1.231501844","rc":[{"ltp":3.6,"id":40096582}]}]}
{"op":"mcm","clk":"11796270341","pt":1723129981124,"mc":[{"id":"1.231501844","rc":[{"ltp":1.36,"id":40096579},{"ltp":3.75,"id":40096582}]}]}
{"op":"mcm","clk":"11796274958","pt":1723130040815,"mc":[{"id":"1.231501844","rc":[{"ltp":1.37,"id":40096579},{"ltp":3.7,"id":40096582}]}]}
{"op":"mcm","clk":"11796280191","pt":1723130100693,"mc":[{"id":"1.231501844","rc":[{"ltp":3.6,"id":40096582}]}]}
{"op":"mcm","clk":"11796285622","pt":1723130160556,"mc":[{"id":"1.231501844","rc":[{"ltp":1.38,"id":40096579}]}]}
{"op":"mcm","clk":"11796289789","pt":1723130217482,"mc":[{"id":"1.231501844","rc":[{"ltp":1.37,"id":40096579},{"ltp":3.65,"id":40096582}]}]}
{"op":"mcm","clk":"11796293940","pt":1723130279380,"mc":[{"id":"1.231501844","rc":[{"ltp":1.38,"id":40096579}]}]}
{"op":"mcm","clk":"11796298040","pt":1723130340427,"mc":[{"id":"1.231501844","rc":[{"ltp":1.37,"id":40096579},{"ltp":3.6,"id":40096582}]}]}
{"op":"mcm","clk":"11796301963","pt":1723130399481,"mc":[{"id":"1.231501844","rc":[{"ltp":1.38,"id":40096579}]}]}
{"op":"mcm","clk":"11796309430","pt":1723130519699,"mc":[{"id":"1.231501844","rc":[{"ltp":1.37,"id":40096579}]}]}
{"op":"mcm","clk":"11796317518","pt":1723130640687,"mc":[{"id":"1.231501844","rc":[{"ltp":1.38,"id":40096579},{"ltp":3.75,"id":40096582}]}]}
{"op":"mcm","clk":"11796321635","pt":1723130701223,"mc":[{"id":"1.231501844","rc":[{"ltp":1.37,"id":40096579}]}]}
{"op":"mcm","clk":"11796325568","pt":1723130761027,"mc":[{"id":"1.231501844","rc":[{"ltp":1.38,"id":40096579},{"ltp":3.55,"id":40096582}]}]}
{"op":"mcm","clk":"11796329250","pt":1723130817182,"mc":[{"id":"1.231501844","rc":[{"ltp":1.39,"id":40096579}]}]}
{"op":"mcm","clk":"11796337944","pt":1723130940509,"mc":[{"id":"1.231501844","rc":[{"ltp":1.38,"id":40096579},{"ltp":3.6,"id":40096582}]}]}
{"op":"mcm","clk":"11796360066","pt":1723131240384,"mc":[{"id":"1.231501844","rc":[{"ltp":1.37,"id":40096579}]}]}
{"op":"mcm","clk":"11796364368","pt":1723131300464,"mc":[{"id":"1.231501844","rc":[{"ltp":3.7,"id":40096582}]}]}
{"op":"mcm","clk":"11796368622","pt":1723131357883,"mc":[{"id":"1.231501844","rc":[{"ltp":1.38,"id":40096579},{"ltp":3.6,"id":40096582}]}]}
{"op":"mcm","clk":"11796379724","pt":1723131481181,"mc":[{"id":"1.231501844","rc":[{"ltp":1.39,"id":40096579},{"ltp":3.55,"id":40096582}]}]}
{"op":"mcm","clk":"11796384134","pt":1723131538448,"mc":[{"id":"1.231501844","rc":[{"ltp":1.37,"id":40096579},{"ltp":3.6,"id":40096582}]}]}
{"op":"mcm","clk":"11796393841","pt":1723131661189,"mc":[{"id":"1.231501844","rc":[{"ltp":1.38,"id":40096579},{"ltp":3.55,"id":40096582}]}]}
{"op":"mcm","clk":"11796398567","pt":1723131721114,"mc":[{"id":"1.231501844","rc":[{"ltp":1.4,"id":40096579},{"ltp":3.5,"id":40096582}]}]}
{"op":"mcm","clk":"11796402960","pt":1723131779183,"mc":[{"id":"1.231501844","rc":[{"ltp":1.39,"id":40096579},{"ltp":3.55,"id":40096582}]}]}
{"op":"mcm","clk":"11796422117","pt":1723132021104,"mc":[{"id":"1.231501844","rc":[{"ltp":1.4,"id":40096579},{"ltp":3.5,"id":40096582}]}]}
{"op":"mcm","clk":"11796426277","pt":1723132080064,"mc":[{"id":"1.231501844","rc":[{"ltp":1.39,"id":40096579},{"ltp":3.55,"id":40096582}]}]}
{"op":"mcm","clk":"11796430860","pt":1723132139039,"mc":[{"id":"1.231501844","rc":[{"ltp":1.38,"id":40096579},{"ltp":3.6,"id":40096582}]}]}
{"op":"mcm","clk":"11796435649","pt":1723132200577,"mc":[{"id":"1.231501844","rc":[{"ltp":1.37,"id":40096579},{"ltp":3.7,"id":40096582}]}]}
{"op":"mcm","clk":"11796440145","pt":1723132260846,"mc":[{"id":"1.231501844","rc":[{"ltp":1.39,"id":40096579},{"ltp":3.6,"id":40096582}]}]}
{"op":"mcm","clk":"11796444612","pt":1723132320444,"mc":[{"id":"1.231501844","rc":[{"ltp":1.37,"id":40096579}]}]}
{"op":"mcm","clk":"11796453760","pt":1723132441130,"mc":[{"id":"1.231501844","rc":[{"ltp":1.4,"id":40096579}]}]}
{"op":"mcm","clk":"11796457939","pt":1723132501212,"mc":[{"id":"1.231501844","rc":[{"ltp":1.43,"id":40096579},{"ltp":3.35,"id":40096582}]}]}
{"op":"mcm","clk":"11796462613","pt":1723132561167,"mc":[{"id":"1.231501844","rc":[{"ltp":1.51,"id":40096579},{"ltp":2.92,"id":40096582}]}]}
{"op":"mcm","clk":"11796467172","pt":1723132621043,"mc":[{"id":"1.231501844","rc":[{"ltp":1.52,"id":40096579}]}]}
{"op":"mcm","clk":"11796471721","pt":1723132680874,"mc":[{"id":"1.231501844","rc":[{"ltp":1.53,"id":40096579},{"ltp":2.9,"id":40096582}]}]}
{"op":"mcm","clk":"11796476374","pt":1723132741144,"mc":[{"id":"1.231501844","rc":[{"ltp":1.45,"id":40096579},{"ltp":3.2,"id":40096582}]}]}
{"op":"mcm","clk":"11796481247","pt":1723132801100,"mc":[{"id":"1.231501844","rc":[{"ltp":1.42,"id":40096579},{"ltp":3.35,"id":40096582}]}]}
{"op":"mcm","clk":"11796486443","pt":1723132861156,"mc":[{"id":"1.231501844","rc":[{"ltp":1.38,"id":40096579},{"ltp":3.55,"id":40096582}]}]}
{"op":"mcm","clk":"11796491674","pt":1723132921100,"mc":[{"id":"1.231501844","rc":[{"ltp":1.31,"id":40096579},{"ltp":4.2,"id":40096582}]}]}
{"op":"mcm","clk":"11796497537","pt":1723132981160,"mc":[{"id":"1.231501844","rc":[{"ltp":1.23,"id":40096579},{"ltp":5.3,"id":40096582}]}]}
{"op":"mcm","clk":"11796503604","pt":1723133041159,"mc":[{"id":"1.231501844","rc":[{"ltp":1.25,"id":40096579},{"ltp":4.8,"id":40096582}]}]}
{"op":"mcm","clk":"11796509357","pt":1723133101187,"mc":[{"id":"1.231501844","rc":[{"ltp":1.26,"id":40096579},{"ltp":4.9,"id":40096582}]}]}
{"op":"mcm","clk":"11796514723","pt":1723133161169,"mc":[{"id":"1.231501844","rc":[{"ltp":1.22,"id":40096579},{"ltp":5.5,"id":40096582}]}]}
{"op":"mcm","clk":"11796520347","pt":1723133221202,"mc":[{"id":"1.231501844","rc":[{"ltp":1.24,"id":40096579},{"ltp":5.3,"id":40096582}]}]}
{"op":"mcm","clk":"11796525932","pt":1723133281158,"mc":[{"id":"1.231501844","rc":[{"ltp":1.22,"id":40096579}]}]}
{"op":"mcm","clk":"11796531235","pt":1723133341222,"mc":[{"id":"1.231501844","rc":[{"ltp":1.23,"id":40096579}]}]}
{"op":"mcm","clk":"11796536843","pt":1723133401112,"mc":[{"id":"1.231501844","rc":[{"ltp":1.26,"id":40096579},{"ltp":4.9,"id":40096582}]}]}
{"op":"mcm","clk":"11796542440","pt":1723133461123,"mc":[{"id":"1.231501844","rc":[{"ltp":4.8,"id":40096582}]}]}
{"op":"mcm","clk":"11796547962","pt":1723133521186,"mc":[{"id":"1.231501844","rc":[{"ltp":1.28,"id":40096579},{"ltp":4.7,"id":40096582}]}]}
{"op":"mcm","clk":"11796564982","pt":1723133581211,"mc":[{"id":"1.231501844","rc":[{"ltp":4.5,"id":40096582}]}]}
{"op":"mcm","clk":"11796569922","pt":1723133640783,"mc":[{"id":"1.231501844","rc":[{"ltp":1.25,"id":40096579},{"ltp":4.8,"id":40096582}]}]}
{"op":"mcm","clk":"11796575065","pt":1723133701065,"mc":[{"id":"1.231501844","rc":[{"ltp":1.29,"id":40096579},{"ltp":4.5,"id":40096582}]}]}
{"op":"mcm","clk":"11796580791","pt":1723133760975,"mc":[{"id":"1.231501844","rc":[{"ltp":1.28,"id":40096579},{"ltp":4.6,"id":40096582}]}]}
{"op":"mcm","clk":"11796586519","pt":1723133821123,"mc":[{"id":"1.231501844","rc":[{"ltp":1.29,"id":40096579},{"ltp":4.5,"id":40096582}]}]}
{"op":"mcm","clk":"11796592004","pt":1723133881069,"mc":[{"id":"1.231501844","rc":[{"ltp":1.28,"id":40096579}]}]}
{"op":"mcm","clk":"11796603310","pt":1723134001202,"mc":[{"id":"1.231501844","rc":[{"ltp":1.29,"id":40096579}]}]}
{"op":"mcm","clk":"11796608856","pt":1723134061102,"mc":[{"id":"1.231501844","rc":[{"ltp":1.28,"id":40096579}]}]}
{"op":"mcm","clk":"11796614574","pt":1723134121212,"mc":[{"id":"1.231501844","rc":[{"ltp":1.27,"id":40096579}]}]}
{"op":"mcm","clk":"11796619860","pt":1723134181023,"mc":[{"id":"1.231501844","rc":[{"ltp":1.28,"id":40096579}]}]}
{"op":"mcm","clk":"11796625553","pt":1723134241170,"mc":[{"id":"1.231501844","rc":[{"ltp":4.6,"id":40096582}]}]}
{"op":"mcm","clk":"11796631172","pt":1723134301064,"mc":[{"id":"1.231501844","rc":[{"ltp":1.27,"id":40096579},{"ltp":4.7,"id":40096582}]}]}
{"op":"mcm","clk":"11796642368","pt":1723134421215,"mc":[{"id":"1.231501844","rc":[{"ltp":1.22,"id":40096579},{"ltp":5.7,"id":40096582}]}]}
{"op":"mcm","clk":"11796648298","pt":1723134481161,"mc":[{"id":"1.231501844","rc":[{"ltp":1.24,"id":40096579},{"ltp":5.4,"id":40096582}]}]}
{"op":"mcm","clk":"11796654003","pt":1723134541223,"mc":[{"id":"1.231501844","rc":[{"ltp":5.2,"id":40096582}]}]}
{"op":"mcm","clk":"11796660091","pt":1723134601230,"mc":[{"id":"1.231501844","rc":[{"ltp":5.1,"id":40096582}]}]}
{"op":"mcm","clk":"11796666560","pt":1723134661156,"mc":[{"id":"1.231501844","rc":[{"ltp":1.17,"id":40096579},{"ltp":7.4,"id":40096582}]}]}
{"op":"mcm","clk":"11796672315","pt":1723134721187,"mc":[{"id":"1.231501844","rc":[{"ltp":6.4,"id":40096582}]}]}
{"op":"mcm","clk":"11796678065","pt":1723134781172,"mc":[{"id":"1.231501844","rc":[{"ltp":1.18,"id":40096579},{"ltp":6.8,"id":40096582}]}]}
{"op":"mcm","clk":"11796683617","pt":1723134841129,"mc":[{"id":"1.231501844","rc":[{"ltp":1.17,"id":40096579}]}]}
{"op":"mcm","clk":"11796688842","pt":1723134901130,"mc":[{"id":"1.231501844","rc":[{"ltp":1.28,"id":40096579},{"ltp":4.5,"id":40096582}]}]}
{"op":"mcm","clk":"11796694369","pt":1723134961157,"mc":[{"id":"1.231501844","rc":[{"ltp":1.3,"id":40096579},{"ltp":4.3,"id":40096582}]}]}
{"op":"mcm","clk":"11796700449","pt":1723135021154,"mc":[{"id":"1.231501844","rc":[{"ltp":1.34,"id":40096579},{"ltp":3.95,"id":40096582}]}]}
{"op":"mcm","clk":"11796706631","pt":1723135081173,"mc":[{"id":"1.231501844","rc":[{"ltp":1.4,"id":40096579},{"ltp":3.5,"id":40096582}]}]}
{"op":"mcm","clk":"11796712476","pt":1723135141229,"mc":[{"id":"1.231501844","rc":[{"ltp":1.3,"id":40096579},{"ltp":4.2,"id":40096582}]}]}
{"op":"mcm","clk":"11796718213","pt":1723135201174,"mc":[{"id":"1.231501844","rc":[{"ltp":1.24,"id":40096579},{"ltp":5.1,"id":40096582}]}]}
{"op":"mcm","clk":"11796724440","pt":1723135261181,"mc":[{"id":"1.231501844","rc":[{"ltp":1.23,"id":40096579}]}]}
{"op":"mcm","clk":"11796730958","pt":1723135321128,"mc":[{"id":"1.231501844","rc":[{"ltp":1.25,"id":40096579},{"ltp":4.8,"id":40096582}]}]}
{"op":"mcm","clk":"11796737011","pt":1723135381232,"mc":[{"id":"1.231501844","rc":[{"ltp":1.26,"id":40096579},{"ltp":4.7,"id":40096582}]}]}
{"op":"mcm","clk":"11796743464","pt":1723135441216,"mc":[{"id":"1.231501844","rc":[{"ltp":1.16,"id":40096579},{"ltp":6.8,"id":40096582}]}]}
{"op":"mcm","clk":"11796750012","pt":1723135501145,"mc":[{"id":"1.231501844","rc":[{"ltp":1.1,"id":40096579},{"ltp":10.0,"id":40096582}]}]}
{"op":"mcm","clk":"11796756819","pt":1723135561215,"mc":[{"id":"1.231501844","rc":[{"ltp":1.13,"id":40096579},{"ltp":8.2,"id":40096582}]}]}
{"op":"mcm","clk":"11796763344","pt":1723135621169,"mc":[{"id":"1.231501844","rc":[{"ltp":1.21,"id":40096579},{"ltp":5.5,"id":40096582}]}]}
{"op":"mcm","clk":"11796769367","pt":1723135681199,"mc":[{"id":"1.231501844","rc":[{"ltp":1.2,"id":40096579},{"ltp":6.0,"id":40096582}]}]}
{"op":"mcm","clk":"11796775913","pt":1723135741167,"mc":[{"id":"1.231501844","rc":[{"ltp":1.27,"id":40096579},{"ltp":4.5,"id":40096582}]}]}
{"op":"mcm","clk":"11796781863","pt":1723135801201,"mc":[{"id":"1.231501844","rc":[{"ltp":4.6,"id":40096582}]}]}
{"op":"mcm","clk":"11796787616","pt":1723135861198,"mc":[{"id":"1.231501844","rc":[{"ltp":4.5,"id":40096582}]}]}
{"op":"mcm","clk":"11796793102","pt":1723135920932,"mc":[{"id":"1.231501844","rc":[{"ltp":1.29,"id":40096579},{"ltp":4.4,"id":40096582}]}]}
{"op":"mcm","clk":"11796798277","pt":1723135981217,"mc":[{"id":"1.231501844","rc":[{"ltp":1.3,"id":40096579},{"ltp":4.3,"id":40096582}]}]}
{"op":"mcm","clk":"11796803086","pt":1723136041223,"mc":[{"id":"1.231501844","rc":[{"ltp":1.26,"id":40096579},{"ltp":4.7,"id":40096582}]}]}
{"op":"mcm","clk":"11796807464","pt":1723136100991,"mc":[{"id":"1.231501844","rc":[{"ltp":1.31,"id":40096579},{"ltp":4.3,"id":40096582}]}]}
{"op":"mcm","clk":"11796812029","pt":1723136161170,"mc":[{"id":"1.231501844","rc":[{"ltp":1.55,"id":40096579},{"ltp":2.8,"id":40096582}]}]}
{"op":"mcm","clk":"11796816459","pt":1723136221194,"mc":[{"id":"1.231501844","rc":[{"ltp":1.6,"id":40096579},{"ltp":2.66,"id":40096582}]}]}
{"op":"mcm","clk":"11796821348","pt":1723136281171,"mc":[{"id":"1.231501844","rc":[{"ltp":1.25,"id":40096579},{"ltp":5.0,"id":40096582}]}]}
{"op":"mcm","clk":"11796826078","pt":1723136341151,"mc":[{"id":"1.231501844","rc":[{"ltp":1.21,"id":40096579},{"ltp":5.6,"id":40096582}]}]}
{"op":"mcm","clk":"11796830903","pt":1723136401194,"mc":[{"id":"1.231501844","rc":[{"ltp":1.13,"id":40096579},{"ltp":8.6,"id":40096582}]}]}
{"op":"mcm","clk":"11796836652","pt":1723136461127,"mc":[{"id":"1.231501844","rc":[{"ltp":1.17,"id":40096579},{"ltp":6.8,"id":40096582}]}]}
{"op":"mcm","clk":"11796842569","pt":1723136521213,"mc":[{"id":"1.231501844","rc":[{"ltp":1.18,"id":40096579},{"ltp":6.4,"id":40096582}]}]}
{"op":"mcm","clk":"11796848868","pt":1723136581203,"mc":[{"id":"1.231501844","rc":[{"ltp":1.16,"id":40096579},{"ltp":7.2,"id":40096582}]}]}
{"op":"mcm","clk":"11796855262","pt":1723136641200,"mc":[{"id":"1.231501844","rc":[{"ltp":1.17,"id":40096579},{"ltp":6.2,"id":40096582}]}]}
{"op":"mcm","clk":"11796861595","pt":1723136701178,"mc":[{"id":"1.231501844","rc":[{"ltp":1.1,"id":40096579},{"ltp":11.0,"id":40096582}]}]}
{"op":"mcm","clk":"11796874360","pt":1723136821202,"mc":[{"id":"1.231501844","rc":[{"ltp":1.11,"id":40096579},{"ltp":10.0,"id":40096582}]}]}
{"op":"mcm","clk":"11796881058","pt":1723136881149,"mc":[{"id":"1.231501844","rc":[{"ltp":1.07,"id":40096579},{"ltp":13.5,"id":40096582}]}]}
{"op":"mcm","clk":"11796887984","pt":1723136941163,"mc":[{"id":"1.231501844","rc":[{"ltp":1.02,"id":40096579},{"ltp":55.0,"id":40096582}]}]}
{"op":"mcm","clk":"11796895228","pt":1723137001206,"mc":[{"id":"1.231501844","rc":[{"ltp":50.0,"id":40096582}]}]}
{"op":"mcm","clk":"11796909951","pt":1723137121153,"mc":[{"id":"1.231501844","rc":[{"ltp":1.03,"id":40096579},{"ltp":36.0,"id":40096582}]}]}
{"op":"mcm","clk":"11796917543","pt":1723137181124,"mc":[{"id":"1.231501844","rc":[{"ltp":1.1,"id":40096579},{"ltp":12.0,"id":40096582}]}]}
{"op":"mcm","clk":"11796925219","pt":1723137241212,"mc":[{"id":"1.231501844","rc":[{"ltp":1.12,"id":40096579},{"ltp":9.2,"id":40096582}]}]}
{"op":"mcm","clk":"11796932081","pt":1723137301145,"mc":[{"id":"1.231501844","rc":[{"ltp":1.17,"id":40096579},{"ltp":7.0,"id":40096582}]}]}
{"op":"mcm","clk":"11796938567","pt":1723137361201,"mc":[{"id":"1.231501844","rc":[{"ltp":1.15,"id":40096579},{"ltp":7.6,"id":40096582}]}]}
{"op":"mcm","clk":"11796945021","pt":1723137421169,"mc":[{"id":"1.231501844","rc":[{"ltp":1.36,"id":40096579},{"ltp":3.8,"id":40096582}]}]}
{"op":"mcm","clk":"11796951518","pt":1723137481228,"mc":[{"id":"1.231501844","rc":[{"ltp":1.58,"id":40096579},{"ltp":2.74,"id":40096582}]}]}
{"op":"mcm","clk":"11796957725","pt":1723137541133,"mc":[{"id":"1.231501844","rc":[{"ltp":1.01,"id":40096579},{"ltp":1000.0,"id":40096582}]}]}
{"op":"mcm","clk":"11796963112","pt":1723137600293,"mc":[{"id":"1.231501844","marketDefinition":{"bspMarket":false,"turnInPlayEnabled":true,"persistenceEnabled":true,"marketBaseRate":5.0,"eventId":"33472590","eventTypeId":"4","numberOfWinners":1,"bettingType":"ODDS","marketType":"MATCH_ODDS","marketTime":"2024-08-08T14:00:00.000Z","suspendTime":"2024-08-08T14:00:00.000Z","bspReconciled":false,"complete":true,"inPlay":true,"crossMatching":true,"runnersVoidable":false,"numberOfActiveRunners":2,"betDelay":5,"status":"SUSPENDED","runners":[{"status":"ACTIVE","sortPriority":1,"id":40096582,"name":"Oval Invincibles Women"},{"status":"ACTIVE","sortPriority":2,"id":40096579,"name":"Southern Brave Women"}],"regulators":["MR_INT"],"countryCode":"GB","discountAllowed":true,"timezone":"GMT","openDate":"2024-08-08T14:00:00.000Z","version":6062034902,"name":"Match Odds","eventName":"Oval Invincibles Women v Southern Brave Women"}}]}
{"op":"mcm","clk":"11796977276","pt":1723137753028,"mc":[{"id":"1.231501844","marketDefinition":{"bspMarket":false,"turnInPlayEnabled":true,"persistenceEnabled":true,"marketBaseRate":5.0,"eventId":"33472590","eventTypeId":"4","numberOfWinners":1,"bettingType":"ODDS","marketType":"MATCH_ODDS","marketTime":"2024-08-08T14:00:00.000Z","suspendTime":"2024-08-08T14:00:00.000Z","bspReconciled":false,"complete":true,"inPlay":true,"crossMatching":false,"runnersVoidable":false,"numberOfActiveRunners":0,"betDelay":5,"status":"CLOSED","settledTime":"2024-08-08T17:21:21.000Z","runners":[{"status":"LOSER","sortPriority":1,"id":40096582,"name":"Oval Invincibles Women"},{"status":"WINNER","sortPriority":2,"id":40096579,"name":"Southern Brave Women"}],"regulators":["MR_INT"],"countryCode":"GB","discountAllowed":true,"timezone":"GMT","openDate":"2024-08-08T14:00:00.000Z","version":6062039990,"name":"Match Odds","eventName":"Oval Invincibles Women v Southern Brave Women"}}]}
