{"op":"mcm","clk":"11907170511","pt":1723973640395,"mc":[{"id":"1.231956621","marketDefinition":{"bspMarket":false,"turnInPlayEnabled":true,"persistenceEnabled":true,"marketBaseRate":5.0,"eventId":"33504815","eventTypeId":"4","numberOfWinners":1,"bettingType":"ODDS","marketType":"MATCH_ODDS","marketTime":"2024-08-23T19:00:00.000Z","suspendTime":"2024-08-23T19:00:00.000Z","bspReconciled":false,"complete":true,"inPlay":false,"crossMatching":true,"runnersVoidable":false,"numberOfActiveRunners":2,"betDelay":0,"status":"OPEN","runners":[{"status":"ACTIVE","sortPriority":1,"id":235,"name":"West Indies"},{"status":"ACTIVE","sortPriority":2,"id":349,"name":"South Africa"}],"regulators":["MR_INT"],"countryCode":"GB","discountAllowed":true,"timezone":"GMT","openDate":"2024-08-23T19:00:00.000Z","version":6083120639,"name":"Match Odds","eventName":"West Indies v South Africa"}}]}
{"op":"mcm","clk":"11913369750","pt":1724013047013,"mc":[{"id":"1.231956621","rc":[{"ltp":1.74,"id":349}]}]}
{"op":"mcm","clk":"11913377677","pt":1724013116643,"mc":[{"id":"1.231956621","rc":[{"ltp":1.84,"id":235}]}]}
{"op":"mcm","clk":"11913405744","pt":1724013342580,"mc":[{"id":"1.231956621","rc":[{"ltp":1.85,"id":235}]}]}
{"op":"mcm","clk":"11914412599","pt":1724031115960,"mc":[{"id":"1.231956621","rc":[{"ltp":2.2,"id":349},{"ltp":1.86,"id":235}]}]}
{"op":"mcm","clk":"11914423622","pt":1724031646980,"mc":[{"id":"1.231956621","rc":[{"ltp":1.82,"id":349}]}]}
{"op":"mcm","clk":"11914435478","pt":1724032205526,"mc":[{"id":"1.231956621","rc":[{"ltp":2.18,"id":349}]}]}
{"op":"mcm","clk":"11914455545","pt":1724032989987,"mc":[{"id":"1.231956621","rc":[{"ltp":1.82,"id":349}]}]}
{"op":"mcm","clk":"11914485197","pt":1724033594815,"mc":[{"id":"1.231956621","rc":[{"ltp":2.18,"id":349}]}]}
{"op":"mcm","clk":"11914788062","pt":1724043733530,"mc":[{"id":"1.231956621","rc":[{"ltp":1.88,"id":235}]}]}
{"op":"mcm","clk":"11915222697","pt":1724053049692,"mc":[{"id":"1.231956621","rc":[{"ltp":2.08,"id":349},{"ltp":1.93,"id":235}]}]}
{"op":"mcm","clk":"11915514627","pt":1724059675481,"mc":[{"id":"1.231956621","rc":[{"ltp":1.88,"id":235}]}]}
{"op":"mcm","clk":"11915520512","pt":1724059857617,"mc":[{"id":"1.231956621","rc":[{"ltp":1.96,"id":349},{"ltp":2.04,"id":235}]}]}
{"op":"mcm","clk":"11915529738","pt":1724060154939,"mc":[{"id":"1.231956621","rc":[{"ltp":1.95,"id":349}]}]}
{"op":"mcm","clk":"11915531830","pt":1724060216224,"mc":[{"id":"1.231956621","rc":[{"ltp":1.9,"id":235}]}]}
{"op":"mcm","clk":"11915622482","pt":1724062251428,"mc":[{"id":"1.231956621","rc":[{"ltp":1.97,"id":235}]}]}
{"op":"mcm","clk":"11915632551","pt":1724062496911,"mc":[{"id":"1.231956621","rc":[{"ltp":2.06,"id":349},{"ltp":1.95,"id":235}]}]}
{"op":"mcm","clk":"11915638336","pt":1724062617227,"mc":[{"id":"1.231956621","rc":[{"ltp":1.93,"id":235}]}]}
{"op":"mcm","clk":"11915641328","pt":1724062677408,"mc":[{"id":"1.231956621","rc":[{"ltp":2.08,"id":349}]}]}
{"op":"mcm","clk":"11915720222","pt":1724064568723,"mc":[{"id":"1.231956621","rc":[{"ltp":1.92,"id":235}]}]}
{"op":"mcm","clk":"11915762940","pt":1724065676836,"mc":[{"id":"1.231956621","rc":[{"ltp":1.93,"id":235}]}]}
{"op":"mcm","clk":"11915807656","pt":1724066617738,"mc":[{"id":"1.231956621","rc":[{"ltp":1.94,"id":235}]}]}
{"op":"mcm","clk":"11915831094","pt":1724067335483,"mc":[{"id":"1.231956621","rc":[{"ltp":1.91,"id":235}]}]}
{"op":"mcm","clk":"11915886986","pt":1724068915458,"mc":[{"id":"1.231956621","rc":[{"ltp":1.92,"id":235}]}]}
{"op":"mcm","clk":"11916248374","pt":1724074978276,"mc":[{"id":"1.231956621","rc":[{"ltp":1.9,"id":235}]}]}
{"op":"mcm","clk":"11916326326","pt":1724076237960,"mc":[{"id":"1.231956621","rc":[{"ltp":2.1,"id":349},{"ltp":1.91,"id":235}]}]}
{"op":"mcm","clk":"11916421360","pt":1724077687158,"mc":[{"id":"1.231956621","rc":[{"ltp":1.9,"id":235}]}]}
{"op":"mcm","clk":"11916992169","pt":1724083846054,"mc":[{"id":"1.231956621","rc":[{"ltp":2.14,"id":349},{"ltp":1.88,"id":235}]}]}
{"op":"mcm","clk":"11920136076","pt":1724118852167,"mc":[{"id":"1.231956621","rc":[{"ltp":1.89,"id":235}]}]}
{"op":"mcm","clk":"11920300941","pt":1724122797402,"mc":[{"id":"1.231956621","rc":[{"ltp":1.85,"id":235}]}]}
{"op":"mcm","clk":"11920535497","pt":1724129875707,"mc":[{"id":"1.231956621","rc":[{"ltp":1.84,"id":235}]}]}
{"op":"mcm","clk":"11920691220","pt":1724133872089,"mc":[{"id":"1.231956621","rc":[{"ltp":2.18,"id":349}]}]}
{"op":"mcm","clk":"11920794373","pt":1724137080696,"mc":[{"id":"1.231956621","rc":[{"ltp":1.82,"id":235}]}]}
{"op":"mcm","clk":"11920849240","pt":1724138672118,"mc":[{"id":"1.231956621","rc":[{"ltp":2.24,"id":349},{"ltp":1.81,"id":235}]}]}
{"op":"mcm","clk":"11920861302","pt":1724139076525,"mc":[{"id":"1.231956621","rc":[{"ltp":1.83,"id":235}]}]}
{"op":"mcm","clk":"11920862743","pt":1724139120978,"mc":[{"id":"1.231956621","rc":[{"ltp":1.81,"id":235}]}]}
{"op":"mcm","clk":"11920869375","pt":1724139335559,"mc":[{"id":"1.231956621","rc":[{"ltp":1.83,"id":235}]}]}
{"op":"mcm","clk":"11920881950","pt":1724139773446,"mc":[{"id":"1.231956621","rc":[{"ltp":1.84,"id":235}]}]}
{"op":"mcm","clk":"11920991195","pt":1724143168497,"mc":[{"id":"1.231956621","rc":[{"ltp":1.83,"id":235}]}]}
{"op":"mcm","clk":"11920999411","pt":1724143375058,"mc":[{"id":"1.231956621","rc":[{"ltp":1.84,"id":235}]}]}
{"op":"mcm","clk":"11921000470","pt":1724143411835,"mc":[{"id":"1.231956621","rc":[{"ltp":2.18,"id":349}]}]}
{"op":"mcm","clk":"11921001515","pt":1724143445281,"mc":[{"id":"1.231956621","rc":[{"ltp":1.83,"id":235}]}]}
{"op":"mcm","clk":"11921465124","pt":1724153990846,"mc":[{"id":"1.231956621","rc":[{"ltp":2.24,"id":349},{"ltp":1.8,"id":235}]}]}
{"op":"mcm","clk":"11921828774","pt":1724161070595,"mc":[{"id":"1.231956621","rc":[{"ltp":1.83,"id":235}]}]}
{"op":"mcm","clk":"11921841710","pt":1724161307191,"mc":[{"id":"1.231956621","rc":[{"ltp":2.32,"id":349}]}]}
{"op":"mcm","clk":"11922572379","pt":1724171141423,"mc":[{"id":"1.231956621","rc":[{"ltp":1.77,"id":235}]}]}
{"op":"mcm","clk":"11922613930","pt":1724171563891,"mc":[{"id":"1.231956621","rc":[{"ltp":1.8,"id":235}]}]}
{"op":"mcm","clk":"11922638531","pt":1724171780894,"mc":[{"id":"1.231956621","rc":[{"ltp":1.83,"id":235}]}]}
{"op":"mcm","clk":"11923369057","pt":1724178139491,"mc":[{"id":"1.231956621","rc":[{"ltp":2.2,"id":349}]}]}
{"op":"mcm","clk":"11925843187","pt":1724209523678,"mc":[{"id":"1.231956621","rc":[{"ltp":1.84,"id":235}]}]}
{"op":"mcm","clk":"11926555406","pt":1724227200054,"mc":[{"id":"1.231956621","rc":[{"ltp":2.22,"id":349},{"ltp":1.82,"id":235}]}]}
{"op":"mcm","clk":"11926976078","pt":1724234238668,"mc":[{"id":"1.231956621","rc":[{"ltp":1.84,"id":235}]}]}
{"op":"mcm","clk":"11927098537","pt":1724235569063,"mc":[{"id":"1.231956621","rc":[{"ltp":2.18,"id":349}]}]}
{"op":"mcm","clk":"11927774223","pt":1724243171229,"mc":[{"id":"1.231956621","rc":[{"ltp":2.3,"id":349},{"ltp":1.77,"id":235}]}]}
{"op":"mcm","clk":"11928012310","pt":1724246703705,"mc":[{"id":"1.231956621","rc":[{"ltp":1.84,"id":235}]}]}
{"op":"mcm","clk":"11928257216","pt":1724250446674,"mc":[{"id":"1.231956621","rc":[{"ltp":2.16,"id":349},{"ltp":1.87,"id":235}]}]}
{"op":"mcm","clk":"11930862557","pt":1724269857964,"mc":[{"id":"1.231956621","rc":[{"ltp":1.8,"id":235}]}]}
{"op":"mcm","clk":"11931089265","pt":1724272077449,"mc":[{"id":"1.231956621","rc":[{"ltp":2.26,"id":349}]}]}
{"op":"mcm","clk":"11931172176","pt":1724273037407,"mc":[{"id":"1.231956621","rc":[{"ltp":2.18,"id":349},{"ltp":1.85,"id":235}]}]}
{"op":"mcm","clk":"11931766517","pt":1724281436997,"mc":[{"id":"1.231956621","rc":[{"ltp":2.2,"id":349},{"ltp":1.84,"id":235}]}]}
{"op":"mcm","clk":"11933242491","pt":1724303741107,"mc":[{"id":"1.231956621","rc":[{"ltp":1.81,"id":235}]}]}
{"op":"mcm","clk":"11933251799","pt":1724303939522,"mc":[{"id":"1.231956621","rc":[{"ltp":1.83,"id":235}]}]}
{"op":"mcm","clk":"11934266726","pt":1724326889420,"mc":[{"id":"1.231956621","rc":[{"ltp":1.82,"id":235}]}]}
{"op":"mcm","clk":"11934331675","pt":1724328083612,"mc":[{"id":"1.231956621","rc":[{"ltp":1.83,"id":235}]}]}
{"op":"mcm","clk":"11934556803","pt":1724332331547,"mc":[{"id":"1.231956621","rc":[{"ltp":1.82,"id":235}]}]}
{"op":"mcm","clk":"11934916644","pt":1724337175715,"mc":[{"id":"1.231956621","rc":[{"ltp":1.81,"id":235}]}]}
{"op":"mcm","clk":"11935000969","pt":1724338233067,"mc":[{"id":"1.231956621","rc":[{"ltp":1.82,"id":235}]}]}
{"op":"mcm","clk":"11936099670","pt":1724346824816,"mc":[{"id":"1.231956621","rc":[{"ltp":1.83,"id":235}]}]}
{"op":"mcm","clk":"11936851056","pt":1724351672805,"mc":[{"id":"1.231956621","rc":[{"ltp":1.82,"id":235}]}]}
{"op":"mcm","clk":"11937554412","pt":1724358132769,"mc":[{"id":"1.231956621","rc":[{"ltp":1.83,"id":235}]}]}
{"op":"mcm","clk":"11937642650","pt":1724359460091,"mc":[{"id":"1.231956621","rc":[{"ltp":1.82,"id":235}]}]}
{"op":"mcm","clk":"11937774844","pt":1724361893896,"mc":[{"id":"1.231956621","rc":[{"ltp":1.83,"id":235}]}]}
{"op":"mcm","clk":"11937776584","pt":1724361922011,"mc":[{"id":"1.231956621","rc":[{"ltp":1.82,"id":235}]}]}
{"op":"mcm","clk":"11937806144","pt":1724362464178,"mc":[{"id":"1.231956621","rc":[{"ltp":1.83,"id":235}]}]}
{"op":"mcm","clk":"11938283877","pt":1724370767987,"mc":[{"id":"1.231956621","rc":[{"ltp":1.81,"id":235}]}]}
{"op":"mcm","clk":"11938387306","pt":1724372272506,"mc":[{"id":"1.231956621","rc":[{"ltp":2.22,"id":349}]}]}
{"op":"mcm","clk":"11938403434","pt":1724372458254,"mc":[{"id":"1.231956621","rc":[{"ltp":1.8,"id":235}]}]}
{"op":"mcm","clk":"11938546187","pt":1724374185507,"mc":[{"id":"1.231956621","rc":[{"ltp":1.81,"id":235}]}]}
{"op":"mcm","clk":"11938800088","pt":1724379277753,"mc":[{"id":"1.231956621","rc":[{"ltp":1.8,"id":235}]}]}
{"op":"mcm","clk":"11938813873","pt":1724379712319,"mc":[{"id":"1.231956621","rc":[{"ltp":1.81,"id":235}]}]}
{"op":"mcm","clk":"11938829875","pt":1724380255227,"mc":[{"id":"1.231956621","rc":[{"ltp":1.8,"id":235}]}]}
{"op":"mcm","clk":"11938833569","pt":1724380378076,"mc":[{"id":"1.231956621","rc":[{"ltp":2.24,"id":349}]}]}
{"op":"mcm","clk":"11938834488","pt":1724380408328,"mc":[{"id":"1.231956621","rc":[{"ltp":2.3,"id":349},{"ltp":1.77,"id":235}]}]}
{"op":"mcm","clk":"11938840088","pt":1724380604715,"mc":[{"id":"1.231956621","rc":[{"ltp":1.79,"id":235}]}]}
{"op":"mcm","clk":"11938845713","pt":1724380779355,"mc":[{"id":"1.231956621","rc":[{"ltp":1.8,"id":235}]}]}
{"op":"mcm","clk":"11938910913","pt":1724384010720,"mc":[{"id":"1.231956621","rc":[{"ltp":1.79,"id":235}]}]}
{"op":"mcm","clk":"11938969908","pt":1724385941183,"mc":[{"id":"1.231956621","rc":[{"ltp":2.28,"id":349},{"ltp":1.78,"id":235}]}]}
{"op":"mcm","clk":"11938972856","pt":1724386056305,"mc":[{"id":"1.231956621","rc":[{"ltp":1.77,"id":235}]}]}
{"op":"mcm","clk":"11938979011","pt":1724386372462,"mc":[{"id":"1.231956621","rc":[{"ltp":1.79,"id":235}]}]}
{"op":"mcm","clk":"11938979655","pt":1724386401836,"mc":[{"id":"1.231956621","rc":[{"ltp":1.8,"id":235}]}]}
{"op":"mcm","clk":"11938980764","pt":1724386462751,"mc":[{"id":"1.231956621","rc":[{"ltp":1.78,"id":235}]}]}
{"op":"mcm","clk":"11939043030","pt":1724389192238,"mc":[{"id":"1.231956621","rc":[{"ltp":1.8,"id":235}]}]}
{"op":"mcm","clk":"11939045203","pt":1724389258037,"mc":[{"id":"1.231956621","rc":[{"ltp":2.26,"id":349}]}]}
{"op":"mcm","clk":"11939225111","pt":1724393617832,"mc":[{"id":"1.231956621","rc":[{"ltp":1.81,"id":235}]}]}
{"op":"mcm","clk":"11939258501","pt":1724394357159,"mc":[{"id":"1.231956621","rc":[{"ltp":2.22,"id":349}]}]}
{"op":"mcm","clk":"11939319949","pt":1724395404630,"mc":[{"id":"1.231956621","rc":[{"ltp":1.82,"id":235}]}]}
{"op":"mcm","clk":"11939340772","pt":1724395898059,"mc":[{"id":"1.231956621","rc":[{"ltp":1.81,"id":235}]}]}
{"op":"mcm","clk":"11939353041","pt":1724396128378,"mc":[{"id":"1.231956621","rc":[{"ltp":1.82,"id":235}]}]}
{"op":"mcm","clk":"11939474925","pt":1724398361092,"mc":[{"id":"1.231956621","rc":[{"ltp":1.81,"id":235}]}]}
{"op":"mcm","clk":"11939499425","pt":1724398843736,"mc":[{"id":"1.231956621","rc":[{"ltp":1.82,"id":235}]}]}
{"op":"mcm","clk":"11939514858","pt":1724399156605,"mc":[{"id":"1.231956621","rc":[{"ltp":2.24,"id":349},{"ltp":1.8,"id":235}]}]}
{"op":"mcm","clk":"11939518214","pt":1724399215477,"mc":[{"id":"1.231956621","rc":[{"ltp":2.28,"id":349},{"ltp":1.79,"id":235}]}]}
{"op":"mcm","clk":"11939524647","pt":1724399323832,"mc":[{"id":"1.231956621","rc":[{"ltp":2.26,"id":349}]}]}
{"op":"mcm","clk":"11939673283","pt":1724401344437,"mc":[{"id":"1.231956621","rc":[{"ltp":1.8,"id":235}]}]}
{"op":"mcm","clk":"11939691077","pt":1724401598029,"mc":[{"id":"1.231956621","rc":[{"ltp":1.78,"id":235}]}]}
{"op":"mcm","clk":"11939712890","pt":1724401935652,"mc":[{"id":"1.231956621","rc":[{"ltp":2.24,"id":349}]}]}
{"op":"mcm","clk":"11939828488","pt":1724403518207,"mc":[{"id":"1.231956621","rc":[{"ltp":1.79,"id":235}]}]}
{"op":"mcm","clk":"11939843353","pt":1724403652908,"mc":[{"id":"1.231956621","rc":[{"ltp":1.8,"id":235}]}]}
{"op":"mcm","clk":"11940004083","pt":1724405663483,"mc":[{"id":"1.231956621","rc":[{"ltp":1.79,"id":235}]}]}
{"op":"mcm","clk":"11940155547","pt":1724407376710,"mc":[{"id":"1.231956621","rc":[{"ltp":1.8,"id":235}]}]}
{"op":"mcm","clk":"11940243896","pt":1724408462851,"mc":[{"id":"1.231956621","rc":[{"ltp":1.79,"id":235}]}]}
{"op":"mcm","clk":"11940416994","pt":1724410617773,"mc":[{"id":"1.231956621","rc":[{"ltp":2.34,"id":349},{"ltp":1.75,"id":235}]}]}
{"op":"mcm","clk":"11940420298","pt":1724410656224,"mc":[{"id":"1.231956621","rc":[{"ltp":1.76,"id":235}]}]}
{"op":"mcm","clk":"11940427643","pt":1724410729740,"mc":[{"id":"1.231956621","rc":[{"ltp":2.36,"id":349},{"ltp":1.74,"id":235}]}]}
{"op":"mcm","clk":"11940437845","pt":1724410852465,"mc":[{"id":"1.231956621","rc":[{"ltp":2.34,"id":349},{"ltp":1.75,"id":235}]}]}
{"op":"mcm","clk":"11940447513","pt":1724410972994,"mc":[{"id":"1.231956621","rc":[{"ltp":2.32,"id":349},{"ltp":1.76,"id":235}]}]}
{"op":"mcm","clk":"11940457221","pt":1724411081489,"mc":[{"id":"1.231956621","rc":[{"ltp":2.3,"id":349}]}]}
{"op":"mcm","clk":"11940587523","pt":1724412356114,"mc":[{"id":"1.231956621","rc":[{"ltp":2.32,"id":349},{"ltp":1.75,"id":235}]}]}
{"op":"mcm","clk":"11940600468","pt":1724412528830,"mc":[{"id":"1.231956621","rc":[{"ltp":2.38,"id":349},{"ltp":1.73,"id":235}]}]}
{"op":"mcm","clk":"11940609664","pt":1724412639104,"mc":[{"id":"1.231956621","rc":[{"ltp":1.75,"id":235}]}]}
{"op":"mcm","clk":"11940616148","pt":1724412718210,"mc":[{"id":"1.231956621","rc":[{"ltp":2.4,"id":349},{"ltp":1.73,"id":235}]}]}
{"op":"mcm","clk":"11940661931","pt":1724413208278,"mc":[{"id":"1.231956621","rc":[{"ltp":1.72,"id":235}]}]}
{"op":"mcm","clk":"11940683204","pt":1724413408140,"mc":[{"id":"1.231956621","rc":[{"ltp":1.73,"id":235}]}]}
{"op":"mcm","clk":"11940713826","pt":1724413762125,"mc":[{"id":"1.231956621","rc":[{"ltp":1.72,"id":235}]}]}
{"op":"mcm","clk":"11940726978","pt":1724413934793,"mc":[{"id":"1.231956621","rc":[{"ltp":1.73,"id":235}]}]}
{"op":"mcm","clk":"11940787598","pt":1724414515069,"mc":[{"id":"1.231956621","rc":[{"ltp":2.38,"id":349}]}]}
{"op":"mcm","clk":"11940790379","pt":1724414539985,"mc":[{"id":"1.231956621","rc":[{"ltp":2.36,"id":349}]}]}
{"op":"mcm","clk":"11940839405","pt":1724415019793,"mc":[{"id":"1.231956621","rc":[{"ltp":1.72,"id":235}]}]}
{"op":"mcm","clk":"11940884965","pt":1724415427210,"mc":[{"id":"1.231956621","rc":[{"ltp":1.73,"id":235}]}]}
{"op":"mcm","clk":"11941393288","pt":1724420668631,"mc":[{"id":"1.231956621","rc":[{"ltp":1.72,"id":235}]}]}
{"op":"mcm","clk":"11941455387","pt":1724421355482,"mc":[{"id":"1.231956621","rc":[{"ltp":1.71,"id":235}]}]}
{"op":"mcm","clk":"11941471768","pt":1724421536929,"mc":[{"id":"1.231956621","rc":[{"ltp":1.7,"id":235}]}]}
{"op":"mcm","clk":"11941474654","pt":1724421565739,"mc":[{"id":"1.231956621","rc":[{"ltp":1.71,"id":235}]}]}
{"op":"mcm","clk":"11941539992","pt":1724422313660,"mc":[{"id":"1.231956621","rc":[{"ltp":2.38,"id":349},{"ltp":1.72,"id":235}]}]}
{"op":"mcm","clk":"11941575312","pt":1724422548025,"mc":[{"id":"1.231956621","rc":[{"ltp":1.73,"id":235}]}]}
{"op":"mcm","clk":"11941594364","pt":1724422793167,"mc":[{"id":"1.231956621","rc":[{"ltp":2.4,"id":349},{"ltp":1.72,"id":235}]}]}
{"op":"mcm","clk":"11941621201","pt":1724423119665,"mc":[{"id":"1.231956621","rc":[{"ltp":2.38,"id":349}]}]}
{"op":"mcm","clk":"11941632780","pt":1724423275317,"mc":[{"id":"1.231956621","rc":[{"ltp":1.73,"id":235}]}]}
{"op":"mcm","clk":"11941650991","pt":1724423511682,"mc":[{"id":"1.231956621","rc":[{"ltp":2.4,"id":349}]}]}
{"op":"mcm","clk":"11941668255","pt":1724423752257,"mc":[{"id":"1.231956621","rc":[{"ltp":1.71,"id":235}]}]}
{"op":"mcm","clk":"11941672529","pt":1724423813705,"mc":[{"id":"1.231956621","rc":[{"ltp":1.7,"id":235}]}]}
{"op":"mcm","clk":"11941690858","pt":1724424052663,"mc":[{"id":"1.231956621","rc":[{"ltp":1.71,"id":235}]}]}
{"op":"mcm","clk":"11941713246","pt":1724424341472,"mc":[{"id":"1.231956621","rc":[{"ltp":1.7,"id":235}]}]}
{"op":"mcm","clk":"11941724074","pt":1724424473903,"mc":[{"id":"1.231956621","rc":[{"ltp":1.71,"id":235}]}]}
{"op":"mcm","clk":"11941728936","pt":1724424534666,"mc":[{"id":"1.231956621","rc":[{"ltp":2.42,"id":349}]}]}
{"op":"mcm","clk":"11941729946","pt":1724424548096,"mc":[{"id":"1.231956621","rc":[{"ltp":2.4,"id":349}]}]}
{"op":"mcm","clk":"11941743790","pt":1724424762938,"mc":[{"id":"1.231956621","rc":[{"ltp":1.69,"id":235}]}]}
{"op":"mcm","clk":"11941752172","pt":1724424896071,"mc":[{"id":"1.231956621","rc":[{"ltp":1.71,"id":235}]}]}
{"op":"mcm","clk":"11941764063","pt":1724425071965,"mc":[{"id":"1.231956621","rc":[{"ltp":1.7,"id":235}]}]}
{"op":"mcm","clk":"11941771217","pt":1724425195827,"mc":[{"id":"1.231956621","rc":[{"ltp":2.42,"id":349}]}]}
{"op":"mcm","clk":"11941775821","pt":1724425252917,"mc":[{"id":"1.231956621","rc":[{"ltp":2.38,"id":349},{"ltp":1.73,"id":235}]}]}
{"op":"mcm","clk":"11941780296","pt":1724425316374,"mc":[{"id":"1.231956621","rc":[{"ltp":2.44,"id":349},{"ltp":1.7,"id":235}]}]}
{"op":"mcm","clk":"11941784806","pt":1724425376813,"mc":[{"id":"1.231956621","rc":[{"ltp":1.71,"id":235}]}]}
{"op":"mcm","clk":"11941793915","pt":1724425494633,"mc":[{"id":"1.231956621","rc":[{"ltp":1.7,"id":235}]}]}
{"op":"mcm","clk":"11941815105","pt":1724425732443,"mc":[{"id":"1.231956621","rc":[{"ltp":2.42,"id":349}]}]}
{"op":"mcm","clk":"11941818335","pt":1724425769699,"mc":[{"id":"1.231956621","rc":[{"ltp":1.71,"id":235}]}]}
{"op":"mcm","clk":"11941924289","pt":1724427207743,"mc":[{"id":"1.231956621","rc":[{"ltp":1.7,"id":235}]}]}
{"op":"mcm","clk":"11941939822","pt":1724427405744,"mc":[{"id":"1.231956621","rc":[{"ltp":1.71,"id":235}]}]}
{"op":"mcm","clk":"11941946195","pt":1724427484408,"mc":[{"id":"1.231956621","rc":[{"ltp":1.7,"id":235}]}]}
{"op":"mcm","clk":"11941964217","pt":1724427700654,"mc":[{"id":"1.231956621","rc":[{"ltp":1.71,"id":235}]}]}
{"op":"mcm","clk":"11941993211","pt":1724427823505,"mc":[{"id":"1.231956621","rc":[{"ltp":2.4,"id":349}]}]}
{"op":"mcm","clk":"11942004406","pt":1724427949052,"mc":[{"id":"1.231956621","rc":[{"ltp":1.7,"id":235}]}]}
{"op":"mcm","clk":"11942024580","pt":1724428227130,"mc":[{"id":"1.231956621","rc":[{"ltp":2.42,"id":349}]}]}
{"op":"mcm","clk":"11942073929","pt":1724428858949,"mc":[{"id":"1.231956621","rc":[{"ltp":1.71,"id":235}]}]}
{"op":"mcm","clk":"11942133347","pt":1724429409056,"mc":[{"id":"1.231956621","rc":[{"ltp":1.7,"id":235}]}]}
{"op":"mcm","clk":"11942147568","pt":1724429514935,"mc":[{"id":"1.231956621","rc":[{"ltp":1.71,"id":235}]}]}
{"op":"mcm","clk":"11942185628","pt":1724429842950,"mc":[{"id":"1.231956621","rc":[{"ltp":2.4,"id":349}]}]}
{"op":"mcm","clk":"11942263959","pt":1724430480398,"mc":[{"id":"1.231956621","rc":[{"ltp":2.42,"id":349}]}]}
{"op":"mcm","clk":"11942317154","pt":1724430894144,"mc":[{"id":"1.231956621","rc":[{"ltp":1.72,"id":235}]}]}
{"op":"mcm","clk":"11942333177","pt":1724431012023,"mc":[{"id":"1.231956621","rc":[{"ltp":1.71,"id":235}]}]}
{"op":"mcm","clk":"11942363539","pt":1724431236291,"mc":[{"id":"1.231956621","rc":[{"ltp":1.72,"id":235}]}]}
{"op":"mcm","clk":"11942374448","pt":1724431317104,"mc":[{"id":"1.231956621","rc":[{"ltp":2.32,"id":349},{"ltp":1.74,"id":235}]}]}
{"op":"mcm","clk":"11942382516","pt":1724431377506,"mc":[{"id":"1.231956621","rc":[{"ltp":2.42,"id":349},{"ltp":1.71,"id":235}]}]}
{"op":"mcm","clk":"11942390092","pt":1724431438355,"mc":[{"id":"1.231956621","rc":[{"ltp":1.72,"id":235}]}]}
{"op":"mcm","clk":"11942397959","pt":1724431497714,"mc":[{"id":"1.231956621","rc":[{"ltp":1.73,"id":235}]}]}
{"op":"mcm","clk":"11942406169","pt":1724431557279,"mc":[{"id":"1.231956621","rc":[{"ltp":2.4,"id":349},{"ltp":1.74,"id":235}]}]}
{"op":"mcm","clk":"11942414473","pt":1724431617202,"mc":[{"id":"1.231956621","rc":[{"ltp":1.71,"id":235}]}]}
{"op":"mcm","clk":"11942421798","pt":1724431675145,"mc":[{"id":"1.231956621","rc":[{"ltp":1.7,"id":235}]}]}
{"op":"mcm","clk":"11942428419","pt":1724431731577,"mc":[{"id":"1.231956621","rc":[{"ltp":1.71,"id":235}]}]}
{"op":"mcm","clk":"11942439706","pt":1724431838702,"mc":[{"id":"1.231956621","rc":[{"ltp":1.7,"id":235}]}]}
{"op":"mcm","clk":"11942451628","pt":1724431956367,"mc":[{"id":"1.231956621","rc":[{"ltp":2.42,"id":349}]}]}
{"op":"mcm","clk":"11942465267","pt":1724432096173,"mc":[{"id":"1.231956621","rc":[{"ltp":2.4,"id":349},{"ltp":1.71,"id":235}]}]}
{"op":"mcm","clk":"11942472001","pt":1724432157085,"mc":[{"id":"1.231956621","rc":[{"ltp":1.7,"id":235}]}]}
{"op":"mcm","clk":"11942502408","pt":1724432450661,"mc":[{"id":"1.231956621","rc":[{"ltp":2.42,"id":349}]}]}
{"op":"mcm","clk":"11942511106","pt":1724432516959,"mc":[{"id":"1.231956621","rc":[{"ltp":2.46,"id":349},{"ltp":1.68,"id":235}]}]}
{"op":"mcm","clk":"11942528452","pt":1724432637512,"mc":[{"id":"1.231956621","rc":[{"ltp":2.44,"id":349},{"ltp":1.69,"id":235}]}]}
{"op":"mcm","clk":"11942546064","pt":1724432752200,"mc":[{"id":"1.231956621","rc":[{"ltp":2.48,"id":349},{"ltp":1.68,"id":235}]}]}
{"op":"mcm","clk":"11942555575","pt":1724432812965,"mc":[{"id":"1.231956621","rc":[{"ltp":2.44,"id":349},{"ltp":1.69,"id":235}]}]}
{"op":"mcm","clk":"11942603193","pt":1724433112361,"mc":[{"id":"1.231956621","rc":[{"ltp":1.67,"id":235}]}]}
{"op":"mcm","clk":"11942611095","pt":1724433162109,"mc":[{"id":"1.231956621","rc":[{"ltp":2.46,"id":349},{"ltp":1.69,"id":235}]}]}
{"op":"mcm","clk":"11942642697","pt":1724433237684,"mc":[{"id":"1.231956621","rc":[{"ltp":2.48,"id":349},{"ltp":1.67,"id":235}]}]}
{"op":"mcm","clk":"11942652264","pt":1724433294367,"mc":[{"id":"1.231956621","rc":[{"ltp":1.68,"id":235}]}]}
{"op":"mcm","clk":"11942663762","pt":1724433357707,"mc":[{"id":"1.231956621","rc":[{"ltp":2.46,"id":349}]}]}
{"op":"mcm","clk":"11942688719","pt":1724433513275,"mc":[{"id":"1.231956621","rc":[{"ltp":1.69,"id":235}]}]}
{"op":"mcm","clk":"11942699592","pt":1724433579665,"mc":[{"id":"1.231956621","rc":[{"ltp":1.67,"id":235}]}]}
{"op":"mcm","clk":"11942712140","pt":1724433655954,"mc":[{"id":"1.231956621","rc":[{"ltp":2.48,"id":349},{"ltp":1.68,"id":235}]}]}
{"op":"mcm","clk":"11942728781","pt":1724433755843,"mc":[{"id":"1.231956621","rc":[{"ltp":1.69,"id":235}]}]}
{"op":"mcm","clk":"11942741321","pt":1724433834689,"mc":[{"id":"1.231956621","rc":[{"ltp":2.46,"id":349},{"ltp":1.68,"id":235}]}]}
{"op":"mcm","clk":"11942747827","pt":1724433875553,"mc":[{"id":"1.231956621","rc":[{"ltp":2.48,"id":349}]}]}
{"op":"mcm","clk":"11942772295","pt":1724434018079,"mc":[{"id":"1.231956621","rc":[{"ltp":2.46,"id":349},{"ltp":1.69,"id":235}]}]}
{"op":"mcm","clk":"11942779051","pt":1724434058233,"mc":[{"id":"1.231956621","rc":[{"ltp":1.68,"id":235}]}]}
{"op":"mcm","clk":"11942814685","pt":1724434249180,"mc":[{"id":"1.231956621","rc":[{"ltp":2.44,"id":349}]}]}
{"op":"mcm","clk":"11942849046","pt":1724434426167,"mc":[{"id":"1.231956621","rc":[{"ltp":2.48,"id":349}]}]}
{"op":"mcm","clk":"11942874468","pt":1724434548915,"mc":[{"id":"1.231956621","rc":[{"ltp":2.44,"id":349},{"ltp":1.69,"id":235}]}]}
{"op":"mcm","clk":"11942886520","pt":1724434609844,"mc":[{"id":"1.231956621","rc":[{"ltp":2.46,"id":349},{"ltp":1.67,"id":235}]}]}
{"op":"mcm","clk":"11942897833","pt":1724434668703,"mc":[{"id":"1.231956621","rc":[{"ltp":2.48,"id":349}]}]}
{"op":"mcm","clk":"11942910183","pt":1724434733547,"mc":[{"id":"1.231956621","rc":[{"ltp":1.68,"id":235}]}]}
{"op":"mcm","clk":"11942919640","pt":1724434784107,"mc":[{"id":"1.231956621","rc":[{"ltp":2.46,"id":349},{"ltp":1.67,"id":235}]}]}
{"op":"mcm","clk":"11942943447","pt":1724434910355,"mc":[{"id":"1.231956621","rc":[{"ltp":1.68,"id":235}]}]}
{"op":"mcm","clk":"11942955916","pt":1724434977607,"mc":[{"id":"1.231956621","rc":[{"ltp":1.67,"id":235}]}]}
{"op":"mcm","clk":"11942976946","pt":1724435087703,"mc":[{"id":"1.231956621","rc":[{"ltp":1.68,"id":235}]}]}
{"op":"mcm","clk":"11942990196","pt":1724435158185,"mc":[{"id":"1.231956621","rc":[{"ltp":1.69,"id":235}]}]}
{"op":"mcm","clk":"11943011620","pt":1724435278372,"mc":[{"id":"1.231956621","rc":[{"ltp":1.68,"id":235}]}]}
{"op":"mcm","clk":"11943065065","pt":1724435631998,"mc":[{"id":"1.231956621","rc":[{"ltp":1.67,"id":235}]}]}
{"op":"mcm","clk":"11943072891","pt":1724435695617,"mc":[{"id":"1.231956621","rc":[{"ltp":2.48,"id":349}]}]}
{"op":"mcm","clk":"11943078950","pt":1724435738265,"mc":[{"id":"1.231956621","rc":[{"ltp":1.68,"id":235}]}]}
{"op":"mcm","clk":"11943113452","pt":1724435997834,"mc":[{"id":"1.231956621","rc":[{"ltp":1.67,"id":235}]}]}
{"op":"mcm","clk":"11943115398","pt":1724436008796,"mc":[{"id":"1.231956621","rc":[{"ltp":1.68,"id":235}]}]}
{"op":"mcm","clk":"11943133459","pt":1724436111748,"mc":[{"id":"1.231956621","rc":[{"ltp":1.66,"id":235}]}]}
{"op":"mcm","clk":"11943144419","pt":1724436172121,"mc":[{"id":"1.231956621","rc":[{"ltp":2.46,"id":349},{"ltp":1.67,"id":235}]}]}
{"op":"mcm","clk":"11943170403","pt":1724436297956,"mc":[{"id":"1.231956621","rc":[{"ltp":2.5,"id":349}]}]}
{"op":"mcm","clk":"11943193874","pt":1724436413321,"mc":[{"id":"1.231956621","rc":[{"ltp":2.46,"id":349}]}]}
{"op":"mcm","clk":"11943207637","pt":1724436476473,"mc":[{"id":"1.231956621","rc":[{"ltp":1.69,"id":235}]}]}
{"op":"mcm","clk":"11943218821","pt":1724436528437,"mc":[{"id":"1.231956621","rc":[{"ltp":1.68,"id":235}]}]}
{"op":"mcm","clk":"11943232725","pt":1724436593126,"mc":[{"id":"1.231956621","rc":[{"ltp":1.67,"id":235}]}]}
{"op":"mcm","clk":"11943257860","pt":1724436709720,"mc":[{"id":"1.231956621","rc":[{"ltp":1.68,"id":235}]}]}
{"op":"mcm","clk":"11943318837","pt":1724437000239,"mc":[{"id":"1.231956621","rc":[{"ltp":1.67,"id":235}]}]}
{"op":"mcm","clk":"11943334732","pt":1724437075500,"mc":[{"id":"1.231956621","rc":[{"ltp":1.68,"id":235}]}]}
{"op":"mcm","clk":"11943347709","pt":1724437138153,"mc":[{"id":"1.231956621","rc":[{"ltp":2.44,"id":349}]}]}
{"op":"mcm","clk":"11943359483","pt":1724437193323,"mc":[{"id":"1.231956621","rc":[{"ltp":1.67,"id":235}]}]}
{"op":"mcm","clk":"11943373678","pt":1724437253541,"mc":[{"id":"1.231956621","rc":[{"ltp":2.46,"id":349},{"ltp":1.68,"id":235}]}]}
{"op":"mcm","clk":"11943425389","pt":1724437497805,"mc":[{"id":"1.231956621","rc":[{"ltp":2.48,"id":349},{"ltp":1.67,"id":235}]}]}
{"op":"mcm","clk":"11943434747","pt":1724437546217,"mc":[{"id":"1.231956621","rc":[{"ltp":2.5,"id":349}]}]}
{"op":"mcm","clk":"11943446177","pt":1724437604237,"mc":[{"id":"1.231956621","rc":[{"ltp":2.48,"id":349}]}]}
{"op":"mcm","clk":"11943460081","pt":1724437677345,"mc":[{"id":"1.231956621","rc":[{"ltp":1.66,"id":235}]}]}
{"op":"mcm","clk":"11943471243","pt":1724437735584,"mc":[{"id":"1.231956621","rc":[{"ltp":1.67,"id":235}]}]}
{"op":"mcm","clk":"11943482515","pt":1724437794153,"mc":[{"id":"1.231956621","rc":[{"ltp":1.68,"id":235}]}]}
{"op":"mcm","clk":"11943507550","pt":1724437918277,"mc":[{"id":"1.231956621","rc":[{"ltp":2.5,"id":349},{"ltp":1.65,"id":235}]}]}
{"op":"mcm","clk":"11943519535","pt":1724437977928,"mc":[{"id":"1.231956621","rc":[{"ltp":2.52,"id":349},{"ltp":1.66,"id":235}]}]}
{"op":"mcm","clk":"11943531434","pt":1724438036804,"mc":[{"id":"1.231956621","rc":[{"ltp":2.58,"id":349},{"ltp":1.63,"id":235}]}]}
{"op":"mcm","clk":"11943544152","pt":1724438098035,"mc":[{"id":"1.231956621","rc":[{"ltp":2.6,"id":349},{"ltp":1.62,"id":235}]}]}
{"op":"mcm","clk":"11943557444","pt":1724438157635,"mc":[{"id":"1.231956621","rc":[{"ltp":2.66,"id":349},{"ltp":1.6,"id":235}]}]}
{"op":"mcm","clk":"11943570591","pt":1724438217825,"mc":[{"id":"1.231956621","rc":[{"ltp":2.7,"id":349},{"ltp":1.59,"id":235}]}]}
{"op":"mcm","clk":"11943585094","pt":1724438275197,"mc":[{"id":"1.231956621","rc":[{"ltp":2.64,"id":349},{"ltp":1.61,"id":235}]}]}
{"op":"mcm","clk":"11943600074","pt":1724438338256,"mc":[{"id":"1.231956621","rc":[{"ltp":2.56,"id":349},{"ltp":1.63,"id":235}]}]}
{"op":"mcm","clk":"11943612041","pt":1724438398222,"mc":[{"id":"1.231956621","rc":[{"ltp":2.6,"id":349}]}]}
{"op":"mcm","clk":"11943624743","pt":1724438457724,"mc":[{"id":"1.231956621","rc":[{"ltp":2.58,"id":349}]}]}
{"op":"mcm","clk":"11943637072","pt":1724438518355,"mc":[{"id":"1.231956621","rc":[{"ltp":2.66,"id":349},{"ltp":1.61,"id":235}]}]}
{"op":"mcm","clk":"11943668325","pt":1724438577654,"mc":[{"id":"1.231956621","rc":[{"ltp":2.64,"id":349},{"ltp":1.6,"id":235}]}]}
{"op":"mcm","clk":"11943679241","pt":1724438638183,"mc":[{"id":"1.231956621","rc":[{"ltp":2.62,"id":349}]}]}
{"op":"mcm","clk":"11943689644","pt":1724438696901,"mc":[{"id":"1.231956621","rc":[{"ltp":2.66,"id":349},{"ltp":1.61,"id":235}]}]}
{"op":"mcm","clk":"11943700868","pt":1724438755418,"mc":[{"id":"1.231956621","rc":[{"ltp":2.62,"id":349},{"ltp":1.6,"id":235}]}]}
{"op":"mcm","clk":"11943712834","pt":1724438817898,"mc":[{"id":"1.231956621","rc":[{"ltp":2.64,"id":349},{"ltp":1.61,"id":235}]}]}
{"op":"mcm","clk":"11943724144","pt":1724438878273,"mc":[{"id":"1.231956621","rc":[{"ltp":2.58,"id":349},{"ltp":1.63,"id":235}]}]}
{"op":"mcm","clk":"11943735485","pt":1724438937715,"mc":[{"id":"1.231956621","rc":[{"ltp":2.56,"id":349},{"ltp":1.64,"id":235}]}]}
{"op":"mcm","clk":"11943747067","pt":1724438997984,"mc":[{"id":"1.231956621","rc":[{"ltp":2.6,"id":349}]}]}
{"op":"mcm","clk":"11943758225","pt":1724439058122,"mc":[{"id":"1.231956621","rc":[{"ltp":2.56,"id":349}]}]}
{"op":"mcm","clk":"11943779052","pt":1724439177142,"mc":[{"id":"1.231956621","rc":[{"ltp":2.58,"id":349}]}]}
{"op":"mcm","clk":"11943789388","pt":1724439238027,"mc":[{"id":"1.231956621","rc":[{"ltp":2.52,"id":349},{"ltp":1.65,"id":235}]}]}
{"op":"mcm","clk":"11943808509","pt":1724439356970,"mc":[{"id":"1.231956621","rc":[{"ltp":1.66,"id":235}]}]}
{"op":"mcm","clk":"11943818576","pt":1724439416485,"mc":[{"id":"1.231956621","rc":[{"ltp":1.65,"id":235}]}]}
{"op":"mcm","clk":"11943828900","pt":1724439476953,"mc":[{"id":"1.231956621","rc":[{"ltp":2.5,"id":349}]}]}
{"op":"mcm","clk":"11943838636","pt":1724439537309,"mc":[{"id":"1.231956621","rc":[{"ltp":2.46,"id":349},{"ltp":1.69,"id":235}]}]}
{"op":"mcm","clk":"11943848288","pt":1724439597965,"mc":[{"id":"1.231956621","rc":[{"ltp":2.48,"id":349},{"ltp":1.67,"id":235}]}]}
{"op":"mcm","clk":"11943858937","pt":1724439657719,"mc":[{"id":"1.231956621","marketDefinition":{"bspMarket":false,"turnInPlayEnabled":true,"persistenceEnabled":true,"marketBaseRate":5.0,"eventId":"33504815","eventTypeId":"4","numberOfWinners":1,"bettingType":"ODDS","marketType":"MATCH_ODDS","marketTime":"2024-08-23T19:00:00.000Z","suspendTime":"2024-08-23T19:00:00.000Z","bspReconciled":false,"complete":true,"inPlay":true,"crossMatching":true,"runnersVoidable":false,"numberOfActiveRunners":2,"betDelay":5,"status":"OPEN","runners":[{"status":"ACTIVE","sortPriority":1,"id":235,"name":"West Indies"},{"status":"ACTIVE","sortPriority":2,"id":349,"name":"South Africa"}],"regulators":["MR_INT"],"countryCode":"GB","discountAllowed":true,"timezone":"GMT","openDate":"2024-08-23T19:00:00.000Z","version":6093219581,"name":"Match Odds","eventName":"West Indies v South Africa"},"rc":[{"ltp":2.46,"id":349},{"ltp":1.68,"id":235}]}]}
{"op":"mcm","clk":"11943869075","pt":1724439717672,"mc":[{"id":"1.231956621","rc":[{"ltp":2.5,"id":349},{"ltp":1.66,"id":235}]}]}
{"op":"mcm","clk":"11943879694","pt":1724439777727,"mc":[{"id":"1.231956621","rc":[{"ltp":2.52,"id":349}]}]}
{"op":"mcm","clk":"11943890054","pt":1724439837721,"mc":[{"id":"1.231956621","rc":[{"ltp":1.65,"id":235}]}]}
{"op":"mcm","clk":"11943900204","pt":1724439894638,"mc":[{"id":"1.231956621","rc":[{"ltp":1.66,"id":235}]}]}
{"op":"mcm","clk":"11943911837","pt":1724439956237,"mc":[{"id":"1.231956621","rc":[{"ltp":2.54,"id":349},{"ltp":1.64,"id":235}]}]}
{"op":"mcm","clk":"11943923588","pt":1724440016690,"mc":[{"id":"1.231956621","rc":[{"ltp":2.56,"id":349},{"ltp":1.65,"id":235}]}]}
{"op":"mcm","clk":"11943935883","pt":1724440078370,"mc":[{"id":"1.231956621","rc":[{"ltp":2.52,"id":349},{"ltp":1.64,"id":235}]}]}
{"op":"mcm","clk":"11943948005","pt":1724440137585,"mc":[{"id":"1.231956621","rc":[{"ltp":1.65,"id":235}]}]}
{"op":"mcm","clk":"11943959773","pt":1724440195456,"mc":[{"id":"1.231956621","rc":[{"ltp":2.5,"id":349},{"ltp":1.66,"id":235}]}]}
{"op":"mcm","clk":"11943995917","pt":1724440377235,"mc":[{"id":"1.231956621","rc":[{"ltp":2.52,"id":349},{"ltp":1.67,"id":235}]}]}
{"op":"mcm","clk":"11944007606","pt":1724440436992,"mc":[{"id":"1.231956621","rc":[{"ltp":1.66,"id":235}]}]}
{"op":"mcm","clk":"11944018366","pt":1724440495992,"mc":[{"id":"1.231956621","rc":[{"ltp":2.5,"id":349},{"ltp":1.65,"id":235}]}]}
{"op":"mcm","clk":"11944030147","pt":1724440557857,"mc":[{"id":"1.231956621","rc":[{"ltp":1.66,"id":235}]}]}
{"op":"mcm","clk":"11944042022","pt":1724440617737,"mc":[{"id":"1.231956621","rc":[{"ltp":1.67,"id":235}]}]}
{"op":"mcm","clk":"11944054130","pt":1724440677596,"mc":[{"id":"1.231956621","rc":[{"ltp":1.65,"id":235}]}]}
{"op":"mcm","clk":"11944066333","pt":1724440738349,"mc":[{"id":"1.231956621","rc":[{"ltp":2.46,"id":349},{"ltp":1.68,"id":235}]}]}
{"op":"mcm","clk":"11944077065","pt":1724440796046,"mc":[{"id":"1.231956621","rc":[{"ltp":2.48,"id":349},{"ltp":1.67,"id":235}]}]}
{"op":"mcm","clk":"11944088928","pt":1724440857117,"mc":[{"id":"1.231956621","rc":[{"ltp":2.5,"id":349},{"ltp":1.66,"id":235}]}]}
{"op":"mcm","clk":"11944100504","pt":1724440917703,"mc":[{"id":"1.231956621","rc":[{"ltp":2.52,"id":349},{"ltp":1.65,"id":235}]}]}
{"op":"mcm","clk":"11944135259","pt":1724441097862,"mc":[{"id":"1.231956621","rc":[{"ltp":1.66,"id":235}]}]}
{"op":"mcm","clk":"11944145981","pt":1724441156525,"mc":[{"id":"1.231956621","rc":[{"ltp":1.64,"id":235}]}]}
{"op":"mcm","clk":"11944157364","pt":1724441216867,"mc":[{"id":"1.231956621","rc":[{"ltp":1.65,"id":235}]}]}
{"op":"mcm","clk":"11944179136","pt":1724441337242,"mc":[{"id":"1.231956621","rc":[{"ltp":2.5,"id":349},{"ltp":1.67,"id":235}]}]}
{"op":"mcm","clk":"11944190459","pt":1724441398141,"mc":[{"id":"1.231956621","rc":[{"ltp":2.44,"id":349},{"ltp":1.69,"id":235}]}]}
{"op":"mcm","clk":"11944201267","pt":1724441456433,"mc":[{"id":"1.231956621","rc":[{"ltp":1.67,"id":235}]}]}
{"op":"mcm","clk":"11944211833","pt":1724441518193,"mc":[{"id":"1.231956621","rc":[{"ltp":2.5,"id":349},{"ltp":1.66,"id":235}]}]}
{"op":"mcm","clk":"11944231617","pt":1724441635425,"mc":[{"id":"1.231956621","rc":[{"ltp":2.48,"id":349}]}]}
{"op":"mcm","clk":"11944241420","pt":1724441697180,"mc":[{"id":"1.231956621","rc":[{"ltp":2.5,"id":349}]}]}
{"op":"mcm","clk":"11944250798","pt":1724441754510,"mc":[{"id":"1.231956621","rc":[{"ltp":2.54,"id":349}]}]}
{"op":"mcm","clk":"11944259974","pt":1724441813680,"mc":[{"id":"1.231956621","rc":[{"ltp":2.52,"id":349},{"ltp":1.67,"id":235}]}]}
{"op":"mcm","clk":"11944268886","pt":1724441877042,"mc":[{"id":"1.231956621","rc":[{"ltp":1.66,"id":235}]}]}
{"op":"mcm","clk":"11944276991","pt":1724441935499,"mc":[{"id":"1.231956621","rc":[{"ltp":2.5,"id":349},{"ltp":1.65,"id":235}]}]}
{"op":"mcm","clk":"11944301508","pt":1724442116145,"mc":[{"id":"1.231956621","rc":[{"ltp":2.56,"id":349},{"ltp":1.64,"id":235}]}]}
{"op":"mcm","clk":"11944318692","pt":1724442237603,"mc":[{"id":"1.231956621","rc":[{"ltp":2.52,"id":349},{"ltp":1.65,"id":235}]}]}
{"op":"mcm","clk":"11944327434","pt":1724442298172,"mc":[{"id":"1.231956621","rc":[{"ltp":2.56,"id":349},{"ltp":1.64,"id":235}]}]}
{"op":"mcm","clk":"11944335825","pt":1724442356020,"mc":[{"id":"1.231956621","rc":[{"ltp":1.65,"id":235}]}]}
{"op":"mcm","clk":"11944344393","pt":1724442415430,"mc":[{"id":"1.231956621","rc":[{"ltp":1.64,"id":235}]}]}
{"op":"mcm","clk":"11944353378","pt":1724442478004,"mc":[{"id":"1.231956621","rc":[{"ltp":2.52,"id":349},{"ltp":1.66,"id":235}]}]}
{"op":"mcm","clk":"11944361575","pt":1724442536150,"mc":[{"id":"1.231956621","rc":[{"ltp":1.65,"id":235}]}]}
{"op":"mcm","clk":"11944377407","pt":1724442656971,"mc":[{"id":"1.231956621","rc":[{"ltp":2.5,"id":349},{"ltp":1.64,"id":235}]}]}
{"op":"mcm","clk":"11944385075","pt":1724442717915,"mc":[{"id":"1.231956621","rc":[{"ltp":1.66,"id":235}]}]}
{"op":"mcm","clk":"11944392751","pt":1724442778017,"mc":[{"id":"1.231956621","rc":[{"ltp":2.6,"id":349},{"ltp":1.61,"id":235}]}]}
{"op":"mcm","clk":"11944400814","pt":1724442836603,"mc":[{"id":"1.231956621","rc":[{"ltp":2.58,"id":349},{"ltp":1.63,"id":235}]}]}
{"op":"mcm","clk":"11944407931","pt":1724442897671,"mc":[{"id":"1.231956621","rc":[{"ltp":2.56,"id":349},{"ltp":1.64,"id":235}]}]}
{"op":"mcm","clk":"11944415495","pt":1724442958057,"mc":[{"id":"1.231956621","rc":[{"ltp":2.52,"id":349},{"ltp":1.65,"id":235}]}]}
{"op":"mcm","clk":"11944423993","pt":1724443018318,"mc":[{"id":"1.231956621","rc":[{"ltp":2.62,"id":349},{"ltp":1.61,"id":235}]}]}
{"op":"mcm","clk":"11944430732","pt":1724443077017,"mc":[{"id":"1.231956621","rc":[{"ltp":2.66,"id":349},{"ltp":1.6,"id":235}]}]}
{"op":"mcm","clk":"11944436718","pt":1724443138361,"mc":[{"id":"1.231956621","rc":[{"ltp":2.62,"id":349},{"ltp":1.61,"id":235}]}]}
{"op":"mcm","clk":"11944443008","pt":1724443198146,"mc":[{"id":"1.231956621","rc":[{"ltp":2.78,"id":349},{"ltp":1.56,"id":235}]}]}
{"op":"mcm","clk":"11944449396","pt":1724443258374,"mc":[{"id":"1.231956621","rc":[{"ltp":2.8,"id":349}]}]}
{"op":"mcm","clk":"11944456060","pt":1724443318271,"mc":[{"id":"1.231956621","rc":[{"ltp":2.6,"id":349},{"ltp":1.63,"id":235}]}]}
{"op":"mcm","clk":"11944462896","pt":1724443378319,"mc":[{"id":"1.231956621","rc":[{"ltp":2.46,"id":349},{"ltp":1.67,"id":235}]}]}
{"op":"mcm","clk":"11944469584","pt":1724443438299,"mc":[{"id":"1.231956621","rc":[{"ltp":3.1,"id":349},{"ltp":1.47,"id":235}]}]}
{"op":"mcm","clk":"11944475896","pt":1724443498239,"mc":[{"id":"1.231956621","rc":[{"ltp":3.25,"id":349},{"ltp":1.44,"id":235}]}]}
{"op":"mcm","clk":"11944482102","pt":1724443558222,"mc":[{"id":"1.231956621","rc":[{"ltp":3.0,"id":349},{"ltp":1.49,"id":235}]}]}
{"op":"mcm","clk":"11944488598","pt":1724443618275,"mc":[{"id":"1.231956621","rc":[{"ltp":1.5,"id":235}]}]}
{"op":"mcm","clk":"11944495547","pt":1724443678342,"mc":[{"id":"1.231956621","rc":[{"ltp":3.05,"id":349},{"ltp":1.48,"id":235}]}]}
{"op":"mcm","clk":"11944502495","pt":1724443738294,"mc":[{"id":"1.231956621","rc":[{"ltp":3.15,"id":349},{"ltp":1.46,"id":235}]}]}
{"op":"mcm","clk":"11944509573","pt":1724443798294,"mc":[{"id":"1.231956621","rc":[{"ltp":3.0,"id":349},{"ltp":1.51,"id":235}]}]}
{"op":"mcm","clk":"11944517034","pt":1724443858289,"mc":[{"id":"1.231956621","rc":[{"ltp":2.58,"id":349},{"ltp":1.62,"id":235}]}]}
{"op":"mcm","clk":"11944524163","pt":1724443918335,"mc":[{"id":"1.231956621","rc":[{"ltp":2.68,"id":349},{"ltp":1.57,"id":235}]}]}
{"op":"mcm","clk":"11944550160","pt":1724443978187,"mc":[{"id":"1.231956621","rc":[{"ltp":1.59,"id":235}]}]}
{"op":"mcm","clk":"11944557166","pt":1724444038286,"mc":[{"id":"1.231956621","rc":[{"ltp":1.58,"id":235}]}]}
{"op":"mcm","clk":"11944563739","pt":1724444098327,"mc":[{"id":"1.231956621","rc":[{"ltp":3.6,"id":349},{"ltp":1.37,"id":235}]}]}
{"op":"mcm","clk":"11944570380","pt":1724444158285,"mc":[{"id":"1.231956621","rc":[{"ltp":1.38,"id":235}]}]}
{"op":"mcm","clk":"11944583078","pt":1724444278330,"mc":[{"id":"1.231956621","rc":[{"ltp":5.0,"id":349},{"ltp":1.25,"id":235}]}]}
{"op":"mcm","clk":"11944590057","pt":1724444338175,"mc":[{"id":"1.231956621","rc":[{"ltp":5.3,"id":349},{"ltp":1.23,"id":235}]}]}
{"op":"mcm","clk":"11944597153","pt":1724444398347,"mc":[{"id":"1.231956621","rc":[{"ltp":5.1,"id":349}]}]}
{"op":"mcm","clk":"11944604268","pt":1724444458327,"mc":[{"id":"1.231956621","rc":[{"ltp":1.25,"id":235}]}]}
{"op":"mcm","clk":"11944610945","pt":1724444518214,"mc":[{"id":"1.231956621","rc":[{"ltp":5.0,"id":349}]}]}
{"op":"mcm","clk":"11944617882","pt":1724444578308,"mc":[{"id":"1.231956621","rc":[{"ltp":4.9,"id":349},{"ltp":1.26,"id":235}]}]}
{"op":"mcm","clk":"11944624520","pt":1724444638348,"mc":[{"id":"1.231956621","rc":[{"ltp":4.8,"id":349}]}]}
{"op":"mcm","clk":"11944631221","pt":1724444698312,"mc":[{"id":"1.231956621","rc":[{"ltp":4.9,"id":349}]}]}
{"op":"mcm","clk":"11944637600","pt":1724444758283,"mc":[{"id":"1.231956621","rc":[{"ltp":5.0,"id":349},{"ltp":1.25,"id":235}]}]}
{"op":"mcm","clk":"11944644061","pt":1724444818260,"mc":[{"id":"1.231956621","rc":[{"ltp":7.6,"id":349},{"ltp":1.14,"id":235}]}]}
{"op":"mcm","clk":"11944650897","pt":1724444878279,"mc":[{"id":"1.231956621","rc":[{"ltp":7.8,"id":349},{"ltp":1.15,"id":235}]}]}
{"op":"mcm","clk":"11944657132","pt":1724444938338,"mc":[{"id":"1.231956621","rc":[{"ltp":7.6,"id":349}]}]}
{"op":"mcm","clk":"11944663371","pt":1724444998179,"mc":[{"id":"1.231956621","rc":[{"ltp":6.8,"id":349},{"ltp":1.17,"id":235}]}]}
{"op":"mcm","clk":"11944669517","pt":1724445058358,"mc":[{"id":"1.231956621","rc":[{"ltp":6.2,"id":349},{"ltp":1.19,"id":235}]}]}
{"op":"mcm","clk":"11944675009","pt":1724445118226,"mc":[{"id":"1.231956621","rc":[{"ltp":6.4,"id":349},{"ltp":1.18,"id":235}]}]}
{"op":"mcm","clk":"11944680717","pt":1724445178325,"mc":[{"id":"1.231956621","rc":[{"ltp":6.2,"id":349}]}]}
{"op":"mcm","clk":"11944691093","pt":1724445298340,"mc":[{"id":"1.231956621","rc":[{"ltp":6.4,"id":349}]}]}
{"op":"mcm","clk":"11944695657","pt":1724445358267,"mc":[{"id":"1.231956621","rc":[{"ltp":6.8,"id":349},{"ltp":1.17,"id":235}]}]}
{"op":"mcm","clk":"11944700602","pt":1724445418304,"mc":[{"id":"1.231956621","rc":[{"ltp":12.5,"id":349},{"ltp":1.08,"id":235}]}]}
{"op":"mcm","clk":"11944705662","pt":1724445478287,"mc":[{"id":"1.231956621","rc":[{"ltp":11.5,"id":349},{"ltp":1.1,"id":235}]}]}
{"op":"mcm","clk":"11944711213","pt":1724445538354,"mc":[{"id":"1.231956621","rc":[{"ltp":12.0,"id":349}]}]}
{"op":"mcm","clk":"11944716020","pt":1724445598343,"mc":[{"id":"1.231956621","rc":[{"ltp":13.5,"id":349},{"ltp":1.09,"id":235}]}]}
{"op":"mcm","clk":"11944720979","pt":1724445658191,"mc":[{"id":"1.231956621","rc":[{"ltp":12.0,"id":349},{"ltp":1.1,"id":235}]}]}
{"op":"mcm","clk":"11944725434","pt":1724445718005,"mc":[{"id":"1.231956621","rc":[{"ltp":11.0,"id":349}]}]}
{"op":"mcm","clk":"11944735526","pt":1724445838306,"mc":[{"id":"1.231956621","rc":[{"ltp":11.5,"id":349}]}]}
{"op":"mcm","clk":"11944745463","pt":1724445958235,"mc":[{"id":"1.231956621","rc":[{"ltp":12.0,"id":349},{"ltp":1.09,"id":235}]}]}
{"op":"mcm","clk":"11944762804","pt":1724446198310,"mc":[{"id":"1.231956621","rc":[{"ltp":10.0,"id":349},{"ltp":1.13,"id":235}]}]}
{"op":"mcm","clk":"11944767632","pt":1724446258340,"mc":[{"id":"1.231956621","rc":[{"ltp":7.2,"id":349},{"ltp":1.17,"id":235}]}]}
{"op":"mcm","clk":"11944772273","pt":1724446318290,"mc":[{"id":"1.231956621","rc":[{"ltp":7.4,"id":349},{"ltp":1.16,"id":235}]}]}
{"op":"mcm","clk":"11944776958","pt":1724446378281,"mc":[{"id":"1.231956621","rc":[{"ltp":6.0,"id":349},{"ltp":1.19,"id":235}]}]}
{"op":"mcm","clk":"11944781768","pt":1724446438321,"mc":[{"id":"1.231956621","rc":[{"ltp":5.7,"id":349},{"ltp":1.2,"id":235}]}]}
{"op":"mcm","clk":"11944786788","pt":1724446498252,"mc":[{"id":"1.231956621","rc":[{"ltp":5.5,"id":349},{"ltp":1.22,"id":235}]}]}
{"op":"mcm","clk":"11944791612","pt":1724446558318,"mc":[{"id":"1.231956621","rc":[{"ltp":5.7,"id":349},{"ltp":1.21,"id":235}]}]}
{"op":"mcm","clk":"11944796254","pt":1724446618285,"mc":[{"id":"1.231956621","rc":[{"ltp":1.2,"id":235}]}]}
{"op":"mcm","clk":"11944800760","pt":1724446678254,"mc":[{"id":"1.231956621","rc":[{"ltp":4.7,"id":349},{"ltp":1.26,"id":235}]}]}
{"op":"mcm","clk":"11944805440","pt":1724446738331,"mc":[{"id":"1.231956621","rc":[{"ltp":4.8,"id":349}]}]}
{"op":"mcm","clk":"11944810245","pt":1724446798279,"mc":[{"id":"1.231956621","rc":[{"ltp":4.2,"id":349},{"ltp":1.33,"id":235}]}]}
{"op":"mcm","clk":"11944815495","pt":1724446858339,"mc":[{"id":"1.231956621","rc":[{"ltp":3.6,"id":349},{"ltp":1.37,"id":235}]}]}
{"op":"mcm","clk":"11944820208","pt":1724446918188,"mc":[{"id":"1.231956621","rc":[{"ltp":3.75,"id":349}]}]}
{"op":"mcm","clk":"11944825243","pt":1724446978371,"mc":[{"id":"1.231956621","rc":[{"ltp":3.6,"id":349},{"ltp":1.38,"id":235}]}]}
{"op":"mcm","clk":"11944830194","pt":1724447038293,"mc":[{"id":"1.231956621","rc":[{"ltp":3.85,"id":349},{"ltp":1.35,"id":235}]}]}
{"op":"mcm","clk":"11944834507","pt":1724447098242,"mc":[{"id":"1.231956621","rc":[{"ltp":3.7,"id":349},{"ltp":1.37,"id":235}]}]}
{"op":"mcm","clk":"11944839609","pt":1724447158369,"mc":[{"id":"1.231956621","rc":[{"ltp":3.35,"id":349},{"ltp":1.42,"id":235}]}]}
{"op":"mcm","clk":"11944844076","pt":1724447218272,"mc":[{"id":"1.231956621","rc":[{"ltp":3.25,"id":349},{"ltp":1.44,"id":235}]}]}
{"op":"mcm","clk":"11944848668","pt":1724447278336,"mc":[{"id":"1.231956621","rc":[{"ltp":2.98,"id":349},{"ltp":1.51,"id":235}]}]}
{"op":"mcm","clk":"11944852950","pt":1724447338326,"mc":[{"id":"1.231956621","rc":[{"ltp":2.9,"id":349},{"ltp":1.52,"id":235}]}]}
{"op":"mcm","clk":"11944857057","pt":1724447398282,"mc":[{"id":"1.231956621","rc":[{"ltp":3.1,"id":349},{"ltp":1.47,"id":235}]}]}
{"op":"mcm","clk":"11944861197","pt":1724447458366,"mc":[{"id":"1.231956621","rc":[{"ltp":3.05,"id":349},{"ltp":1.5,"id":235}]}]}
{"op":"mcm","clk":"11944865548","pt":1724447518206,"mc":[{"id":"1.231956621","rc":[{"ltp":3.6,"id":349},{"ltp":1.38,"id":235}]}]}
{"op":"mcm","clk":"11944870033","pt":1724447578200,"mc":[{"id":"1.231956621","rc":[{"ltp":3.8,"id":349},{"ltp":1.35,"id":235}]}]}
{"op":"mcm","clk":"11944874376","pt":1724447638341,"mc":[{"id":"1.231956621","rc":[{"ltp":3.65,"id":349},{"ltp":1.38,"id":235}]}]}
{"op":"mcm","clk":"11944879024","pt":1724447698226,"mc":[{"id":"1.231956621","rc":[{"ltp":3.25,"id":349},{"ltp":1.44,"id":235}]}]}
{"op":"mcm","clk":"11944883947","pt":1724447758295,"mc":[{"id":"1.231956621","rc":[{"ltp":2.94,"id":349},{"ltp":1.51,"id":235}]}]}
{"op":"mcm","clk":"11944888849","pt":1724447818357,"mc":[{"id":"1.231956621","rc":[{"ltp":2.88,"id":349},{"ltp":1.52,"id":235}]}]}
{"op":"mcm","clk":"11944893608","pt":1724447878267,"mc":[{"id":"1.231956621","rc":[{"ltp":3.05,"id":349},{"ltp":1.48,"id":235}]}]}
{"op":"mcm","clk":"11944898220","pt":1724447938326,"mc":[{"id":"1.231956621","rc":[{"ltp":2.78,"id":349},{"ltp":1.56,"id":235}]}]}
{"op":"mcm","clk":"11944903359","pt":1724447998291,"mc":[{"id":"1.231956621","rc":[{"ltp":2.94,"id":349},{"ltp":1.52,"id":235}]}]}
{"op":"mcm","clk":"11944914713","pt":1724448118364,"mc":[{"id":"1.231956621","rc":[{"ltp":2.66,"id":349},{"ltp":1.6,"id":235}]}]}
{"op":"mcm","clk":"11944919713","pt":1724448178318,"mc":[{"id":"1.231956621","rc":[{"ltp":2.62,"id":349},{"ltp":1.61,"id":235}]}]}
{"op":"mcm","clk":"11944924520","pt":1724448238274,"mc":[{"id":"1.231956621","rc":[{"ltp":2.52,"id":349},{"ltp":1.66,"id":235}]}]}
{"op":"mcm","clk":"11944929513","pt":1724448298342,"mc":[{"id":"1.231956621","rc":[{"ltp":2.5,"id":349},{"ltp":1.65,"id":235}]}]}
{"op":"mcm","clk":"11944934466","pt":1724448358273,"mc":[{"id":"1.231956621","rc":[{"ltp":2.2,"id":349},{"ltp":1.81,"id":235}]}]}
{"op":"mcm","clk":"11944939333","pt":1724448418352,"mc":[{"id":"1.231956621","rc":[{"ltp":2.1,"id":349},{"ltp":1.9,"id":235}]}]}
{"op":"mcm","clk":"11944944421","pt":1724448478326,"mc":[{"id":"1.231956621","rc":[{"ltp":1.86,"id":349},{"ltp":2.16,"id":235}]}]}
{"op":"mcm","clk":"11944949267","pt":1724448538190,"mc":[{"id":"1.231956621","rc":[{"ltp":1.94,"id":349},{"ltp":2.06,"id":235}]}]}
{"op":"mcm","clk":"11944953573","pt":1724448598279,"mc":[{"id":"1.231956621","rc":[{"ltp":1.99,"id":349},{"ltp":2.0,"id":235}]}]}
{"op":"mcm","clk":"11944958488","pt":1724448658321,"mc":[{"id":"1.231956621","rc":[{"ltp":1.84,"id":349},{"ltp":2.18,"id":235}]}]}
{"op":"mcm","clk":"11944963336","pt":1724448718278,"mc":[{"id":"1.231956621","rc":[{"ltp":1.65,"id":349},{"ltp":2.56,"id":235}]}]}
{"op":"mcm","clk":"11944968199","pt":1724448778317,"mc":[{"id":"1.231956621","rc":[{"ltp":1.78,"id":349},{"ltp":2.28,"id":235}]}]}
{"op":"mcm","clk":"11944972897","pt":1724448838303,"mc":[{"id":"1.231956621","rc":[{"ltp":1.8,"id":349},{"ltp":2.24,"id":235}]}]}
{"op":"mcm","clk":"11944977544","pt":1724448898195,"mc":[{"id":"1.231956621","rc":[{"ltp":1.78,"id":349},{"ltp":2.28,"id":235}]}]}
{"op":"mcm","clk":"11944982479","pt":1724448958354,"mc":[{"id":"1.231956621","rc":[{"ltp":1.76,"id":349},{"ltp":2.3,"id":235}]}]}
{"op":"mcm","clk":"11944987187","pt":1724449018319,"mc":[{"id":"1.231956621","rc":[{"ltp":1.79,"id":349},{"ltp":2.26,"id":235}]}]}
{"op":"mcm","clk":"11944991194","pt":1724449078170,"mc":[{"id":"1.231956621","rc":[{"ltp":1.78,"id":349},{"ltp":2.28,"id":235}]}]}
{"op":"mcm","clk":"11944995140","pt":1724449138336,"mc":[{"id":"1.231956621","rc":[{"ltp":1.79,"id":349},{"ltp":2.26,"id":235}]}]}
{"op":"mcm","clk":"11944999498","pt":1724449198272,"mc":[{"id":"1.231956621","rc":[{"ltp":1.77,"id":349},{"ltp":2.28,"id":235}]}]}
{"op":"mcm","clk":"11945003855","pt":1724449257451,"mc":[{"id":"1.231956621","rc":[{"ltp":1.74,"id":349},{"ltp":2.34,"id":235}]}]}
{"op":"mcm","clk":"11945008062","pt":1724449318329,"mc":[{"id":"1.231956621","rc":[{"ltp":1.75,"id":349},{"ltp":2.32,"id":235}]}]}
{"op":"mcm","clk":"11945030037","pt":1724449377921,"mc":[{"id":"1.231956621","rc":[{"ltp":1.77,"id":349},{"ltp":2.3,"id":235}]}]}
{"op":"mcm","clk":"11945033883","pt":1724449438268,"mc":[{"id":"1.231956621","rc":[{"ltp":2.28,"id":235}]}]}
{"op":"mcm","clk":"11945037321","pt":1724449498048,"mc":[{"id":"1.231956621","rc":[{"ltp":1.76,"id":349},{"ltp":2.3,"id":235}]}]}
{"op":"mcm","clk":"11945040961","pt":1724449558104,"mc":[{"id":"1.231956621","rc":[{"ltp":2.32,"id":235}]}]}
{"op":"mcm","clk":"11945044733","pt":1724449618051,"mc":[{"id":"1.231956621","rc":[{"ltp":2.28,"id":235}]}]}
{"op":"mcm","clk":"11945048687","pt":1724449678122,"mc":[{"id":"1.231956621","rc":[{"ltp":2.3,"id":235}]}]}
{"op":"mcm","clk":"11945052511","pt":1724449738361,"mc":[{"id":"1.231956621","rc":[{"ltp":1.69,"id":349},{"ltp":2.44,"id":235}]}]}
{"op":"mcm","clk":"11945056217","pt":1724449798123,"mc":[{"id":"1.231956621","rc":[{"ltp":1.7,"id":349},{"ltp":2.4,"id":235}]}]}
{"op":"mcm","clk":"11945059764","pt":1724449858282,"mc":[{"id":"1.231956621","rc":[{"ltp":1.69,"id":349},{"ltp":2.44,"id":235}]}]}
{"op":"mcm","clk":"11945063678","pt":1724449918366,"mc":[{"id":"1.231956621","rc":[{"ltp":1.67,"id":349},{"ltp":2.48,"id":235}]}]}
{"op":"mcm","clk":"11945067588","pt":1724449978285,"mc":[{"id":"1.231956621","rc":[{"ltp":1.62,"id":349},{"ltp":2.6,"id":235}]}]}
{"op":"mcm","clk":"11945071586","pt":1724450038361,"mc":[{"id":"1.231956621","rc":[{"ltp":1.59,"id":349},{"ltp":2.68,"id":235}]}]}
{"op":"mcm","clk":"11945075532","pt":1724450098350,"mc":[{"id":"1.231956621","rc":[{"ltp":1.83,"id":349},{"ltp":2.2,"id":235}]}]}
{"op":"mcm","clk":"11945080043","pt":1724450158317,"mc":[{"id":"1.231956621","rc":[{"ltp":1.85,"id":349},{"ltp":2.18,"id":235}]}]}
{"op":"mcm","clk":"11945084122","pt":1724450218159,"mc":[{"id":"1.231956621","rc":[{"ltp":1.81,"id":349},{"ltp":2.22,"id":235}]}]}
{"op":"mcm","clk":"11945088494","pt":1724450277936,"mc":[{"id":"1.231956621","rc":[{"ltp":1.84,"id":349},{"ltp":2.18,"id":235}]}]}
{"op":"mcm","clk":"11945092507","pt":1724450338093,"mc":[{"id":"1.231956621","rc":[{"ltp":1.86,"id":349},{"ltp":2.16,"id":235}]}]}
{"op":"mcm","clk":"11945096726","pt":1724450397977,"mc":[{"id":"1.231956621","rc":[{"ltp":1.93,"id":349},{"ltp":2.06,"id":235}]}]}
{"op":"mcm","clk":"11945101490","pt":1724450458260,"mc":[{"id":"1.231956621","rc":[{"ltp":1.94,"id":349},{"ltp":2.04,"id":235}]}]}
{"op":"mcm","clk":"11945105692","pt":1724450518123,"mc":[{"id":"1.231956621","rc":[{"ltp":1.88,"id":349},{"ltp":2.16,"id":235}]}]}
{"op":"mcm","clk":"11945109879","pt":1724450578278,"mc":[{"id":"1.231956621","rc":[{"ltp":2.18,"id":349},{"ltp":1.84,"id":235}]}]}
{"op":"mcm","clk":"11945113698","pt":1724450638272,"mc":[{"id":"1.231956621","rc":[{"ltp":2.3,"id":349},{"ltp":1.75,"id":235}]}]}
{"op":"mcm","clk":"11945117802","pt":1724450698316,"mc":[{"id":"1.231956621","rc":[{"ltp":2.2,"id":349},{"ltp":1.84,"id":235}]}]}
{"op":"mcm","clk":"11945122090","pt":1724450758370,"mc":[{"id":"1.231956621","rc":[{"ltp":2.5,"id":349},{"ltp":1.68,"id":235}]}]}
{"op":"mcm","clk":"11945126106","pt":1724450818328,"mc":[{"id":"1.231956621","rc":[{"ltp":3.0,"id":349},{"ltp":1.48,"id":235}]}]}
{"op":"mcm","clk":"11945130220","pt":1724450878278,"mc":[{"id":"1.231956621","rc":[{"ltp":3.4,"id":349},{"ltp":1.45,"id":235}]}]}
{"op":"mcm","clk":"11945134282","pt":1724450938288,"mc":[{"id":"1.231956621","rc":[{"ltp":3.25,"id":349},{"ltp":1.44,"id":235}]}]}
{"op":"mcm","clk":"11945138245","pt":1724450998314,"mc":[{"id":"1.231956621","rc":[{"ltp":4.1,"id":349},{"ltp":1.32,"id":235}]}]}
{"op":"mcm","clk":"11945142465","pt":1724451058372,"mc":[{"id":"1.231956621","rc":[{"ltp":4.8,"id":349},{"ltp":1.29,"id":235}]}]}
{"op":"mcm","clk":"11945146605","pt":1724451118235,"mc":[{"id":"1.231956621","rc":[{"ltp":5.1,"id":349},{"ltp":1.24,"id":235}]}]}
{"op":"mcm","clk":"11945150547","pt":1724451178296,"mc":[{"id":"1.231956621","rc":[{"ltp":4.7,"id":349},{"ltp":1.27,"id":235}]}]}
{"op":"mcm","clk":"11945154777","pt":1724451238280,"mc":[{"id":"1.231956621","rc":[{"ltp":6.8,"id":349},{"ltp":1.17,"id":235}]}]}
{"op":"mcm","clk":"11945158848","pt":1724451298357,"mc":[{"id":"1.231956621","rc":[{"ltp":12.0,"id":349},{"ltp":1.09,"id":235}]}]}
{"op":"mcm","clk":"11945163253","pt":1724451358301,"mc":[{"id":"1.231956621","rc":[{"ltp":11.0,"id":349}]}]}
{"op":"mcm","clk":"11945167239","pt":1724451418292,"mc":[{"id":"1.231956621","rc":[{"ltp":12.0,"id":349}]}]}
{"op":"mcm","clk":"11945171074","pt":1724451478261,"mc":[{"id":"1.231956621","rc":[{"ltp":12.5,"id":349},{"ltp":1.11,"id":235}]}]}
{"op":"mcm","clk":"11945175011","pt":1724451538306,"mc":[{"id":"1.231956621","rc":[{"ltp":10.0,"id":349}]}]}
{"op":"mcm","clk":"11945181903","pt":1724451658278,"mc":[{"id":"1.231956621","rc":[{"ltp":10.5,"id":349}]}]}
{"op":"mcm","clk":"11945185254","pt":1724451718350,"mc":[{"id":"1.231956621","rc":[{"ltp":9.8,"id":349},{"ltp":1.12,"id":235}]}]}
{"op":"mcm","clk":"11945188666","pt":1724451778321,"mc":[{"id":"1.231956621","rc":[{"ltp":10.0,"id":349}]}]}
{"op":"mcm","clk":"11945192561","pt":1724451838366,"mc":[{"id":"1.231956621","rc":[{"ltp":6.8,"id":349},{"ltp":1.17,"id":235}]}]}
{"op":"mcm","clk":"11945196205","pt":1724451898324,"mc":[{"id":"1.231956621","rc":[{"ltp":6.4,"id":349},{"ltp":1.18,"id":235}]}]}
{"op":"mcm","clk":"11945200114","pt":1724451958374,"mc":[{"id":"1.231956621","rc":[{"ltp":6.8,"id":349},{"ltp":1.17,"id":235}]}]}
{"op":"mcm","clk":"11945204028","pt":1724452018371,"mc":[{"id":"1.231956621","rc":[{"ltp":6.2,"id":349},{"ltp":1.18,"id":235}]}]}
{"op":"mcm","clk":"11945207971","pt":1724452078307,"mc":[{"id":"1.231956621","rc":[{"ltp":10.0,"id":349},{"ltp":1.1,"id":235}]}]}
{"op":"mcm","clk":"11945211965","pt":1724452138276,"mc":[{"id":"1.231956621","rc":[{"ltp":10.5,"id":349}]}]}
{"op":"mcm","clk":"11945215935","pt":1724452197535,"mc":[{"id":"1.231956621","rc":[{"ltp":1.12,"id":235}]}]}
{"op":"mcm","clk":"11945220014","pt":1724452258107,"mc":[{"id":"1.231956621","rc":[{"ltp":10.0,"id":349},{"ltp":1.11,"id":235}]}]}
{"op":"mcm","clk":"11945223920","pt":1724452318151,"mc":[{"id":"1.231956621","rc":[{"ltp":11.0,"id":349},{"ltp":1.1,"id":235}]}]}
{"op":"mcm","clk":"11945227971","pt":1724452378307,"mc":[{"id":"1.231956621","rc":[{"ltp":1.11,"id":235}]}]}
{"op":"mcm","clk":"11945238766","pt":1724452558077,"mc":[{"id":"1.231956621","rc":[{"ltp":10.5,"id":349},{"ltp":1.1,"id":235}]}]}
{"op":"mcm","clk":"11945242220","pt":1724452618368,"mc":[{"id":"1.231956621","rc":[{"ltp":9.2,"id":349},{"ltp":1.12,"id":235}]}]}
{"op":"mcm","clk":"11945249606","pt":1724452738268,"mc":[{"id":"1.231956621","rc":[{"ltp":10.0,"id":349}]}]}
{"op":"mcm","clk":"11945253555","pt":1724452798295,"mc":[{"id":"1.231956621","rc":[{"ltp":16.0,"id":349},{"ltp":1.07,"id":235}]}]}
{"op":"mcm","clk":"11945257734","pt":1724452858164,"mc":[{"id":"1.231956621","rc":[{"ltp":27.0,"id":349},{"ltp":1.04,"id":235}]}]}
{"op":"mcm","clk":"11945261592","pt":1724452918355,"mc":[{"id":"1.231956621","rc":[{"ltp":70.0,"id":349},{"ltp":1.02,"id":235}]}]}
{"op":"mcm","clk":"11945265066","pt":1724452978372,"mc":[{"id":"1.231956621","rc":[{"ltp":130.0,"id":349},{"ltp":1.01,"id":235}]}]}
{"op":"mcm","clk":"11945272184","pt":1724453098324,"mc":[{"id":"1.231956621","rc":[{"ltp":110.0,"id":349}]}]}
{"op":"mcm","clk":"11945275880","pt":1724453158294,"mc":[{"id":"1.231956621","rc":[{"ltp":100.0,"id":349}]}]}
{"op":"mcm","clk":"11945279493","pt":1724453218046,"mc":[{"id":"1.231956621","rc":[{"ltp":110.0,"id":349}]}]}
{"op":"mcm","clk":"11945283085","pt":1724453278288,"mc":[{"id":"1.231956621","rc":[{"ltp":120.0,"id":349}]}]}
{"op":"mcm","clk":"11945289915","pt":1724453397708,"mc":[{"id":"1.231956621","rc":[{"ltp":85.0,"id":349},{"ltp":1.02,"id":235}]}]}
{"op":"mcm","clk":"11945293001","pt":1724453457387,"mc":[{"id":"1.231956621","rc":[{"ltp":50.0,"id":349}]}]}
{"op":"mcm","clk":"11945296566","pt":1724453518339,"mc":[{"id":"1.231956621","rc":[{"ltp":1.03,"id":235}]}]}
{"op":"mcm","clk":"11945299572","pt":1724453577993,"mc":[{"id":"1.231956621","rc":[{"ltp":46.0,"id":349}]}]}
{"op":"mcm","clk":"11945302293","pt":1724453637965,"mc":[{"id":"1.231956621","rc":[{"ltp":38.0,"id":349}]}]}
{"op":"mcm","clk":"11945305153","pt":1724453698221,"mc":[{"id":"1.231956621","rc":[{"ltp":40.0,"id":349}]}]}
{"op":"mcm","clk":"11945307975","pt":1724453758260,"mc":[{"id":"1.231956621","rc":[{"ltp":55.0,"id":349},{"ltp":1.02,"id":235}]}]}
{"op":"mcm","clk":"11945310803","pt":1724453818329,"mc":[{"id":"1.231956621","rc":[{"ltp":50.0,"id":349}]}]}
{"op":"mcm","clk":"11945313907","pt":1724453878294,"mc":[{"id":"1.231956621","rc":[{"ltp":44.0,"id":349}]}]}
{"op":"mcm","clk":"11945317756","pt":1724453938295,"mc":[{"id":"1.231956621","rc":[{"ltp":110.0,"id":349},{"ltp":1.01,"id":235}]}]}
{"op":"mcm","clk":"11945320840","pt":1724453997673,"mc":[{"id":"1.231956621","rc":[{"ltp":55.0,"id":349},{"ltp":1.02,"id":235}]}]}
{"op":"mcm","clk":"11945328133","pt":1724454118213,"mc":[{"id":"1.231956621","rc":[{"ltp":290.0,"id":349},{"ltp":1.01,"id":235}]}]}
{"op":"mcm","clk":"11945331787","pt":1724454178368,"mc":[{"id":"1.231956621","rc":[{"ltp":1000.0,"id":349}]}]}
{"op":"mcm","clk":"11945389742","pt":1724454836578,"mc":[{"id":"1.231956621","rc":[{"ltp":120.0,"id":349}]}]}
{"op":"mcm","clk":"11945394228","pt":1724454895196,"mc":[{"id":"1.231956621","rc":[{"ltp":1000.0,"id":349}]}]}
{"op":"mcm","clk":"11945398568","pt":1724454954940,"mc":[{"id":"1.231956621","marketDefinition":{"bspMarket":false,"turnInPlayEnabled":true,"persistenceEnabled":true,"marketBaseRate":5.0,"eventId":"33504815","eventTypeId":"4","numberOfWinners":1,"bettingType":"ODDS","marketType":"MATCH_ODDS","marketTime":"2024-08-23T19:00:00.000Z","suspendTime":"2024-08-23T19:00:00.000Z","bspReconciled":false,"complete":true,"inPlay":true,"crossMatching":true,"runnersVoidable":false,"numberOfActiveRunners":2,"betDelay":5,"status":"SUSPENDED","runners":[{"status":"ACTIVE","sortPriority":1,"id":235,"name":"West Indies"},{"status":"ACTIVE","sortPriority":2,"id":349,"name":"South Africa"}],"regulators":["MR_INT"],"countryCode":"GB","discountAllowed":true,"timezone":"GMT","openDate":"2024-08-23T19:00:00.000Z","version":6093671097,"name":"Match Odds","eventName":"West Indies v South Africa"}}]}
{"op":"mcm","clk":"11945406703","pt":1724455071285,"mc":[{"id":"1.231956621","marketDefinition":{"bspMarket":false,"turnInPlayEnabled":true,"persistenceEnabled":true,"marketBaseRate":5.0,"eventId":"33504815","eventTypeId":"4","numberOfWinners":1,"bettingType":"ODDS","marketType":"MATCH_ODDS","marketTime":"2024-08-23T19:00:00.000Z","suspendTime":"2024-08-23T19:00:00.000Z","bspReconciled":false,"complete":true,"inPlay":true,"crossMatching":false,"runnersVoidable":false,"numberOfActiveRunners":0,"betDelay":5,"status":"CLOSED","settledTime":"2024-08-23T23:16:18.000Z","runners":[{"status":"WINNER","sortPriority":1,"id":235,"name":"West Indies"},{"status":"LOSER","sortPriority":2,"id":349,"name":"South Africa"}],"regulators":["MR_INT"],"countryCode":"GB","discountAllowed":true,"timezone":"GMT","openDate":"2024-08-23T19:00:00.000Z","version":6093672012,"name":"Match Odds","eventName":"West Indies v South Africa"}}]}
