{"op":"mcm","clk":"11819803850","pt":1723295951884,"mc":[{"id":"1.231659919","marketDefinition":{"bspMarket":false,"turnInPlayEnabled":true,"persistenceEnabled":true,"marketBaseRate":5.0,"eventId":"33483361","eventTypeId":"4","numberOfWinners":1,"bettingType":"ODDS","marketType":"MATCH_ODDS","marketTime":"2024-08-14T10:30:00.000Z","suspendTime":"2024-08-14T10:30:00.000Z","bspReconciled":false,"complete":true,"inPlay":false,"crossMatching":true,"runnersVoidable":false,"numberOfActiveRunners":2,"betDelay":0,"status":"OPEN","runners":[{"status":"ACTIVE","sortPriority":1,"id":40096579,"name":"Southern Brave Women"},{"status":"ACTIVE","sortPriority":2,"id":40096581,"name":"Welsh Fire Women"}],"regulators":["MR_INT"],"countryCode":"GB","discountAllowed":true,"timezone":"GMT","openDate":"2024-08-14T10:30:00.000Z","version":6065949870,"name":"Match Odds","eventName":"Southern Brave Women v Welsh Fire Women"}}]}
{"op":"mcm","clk":"11836258621","pt":1723447659068,"mc":[{"id":"1.231659919","rc":[{"ltp":2.06,"id":40096579}]}]}
{"op":"mcm","clk":"11841952437","pt":1723569303341,"mc":[{"id":"1.231659919","rc":[{"ltp":1.86,"id":40096581}]}]}
{"op":"mcm","clk":"11842516775","pt":1723574679083,"mc":[{"id":"1.231659919","rc":[{"ltp":2.2,"id":40096579},{"ltp":1.83,"id":40096581}]}]}
{"op":"mcm","clk":"11843146905","pt":1723578308711,"mc":[{"id":"1.231659919","rc":[{"ltp":1.82,"id":40096581}]}]}
{"op":"mcm","clk":"11843187101","pt":1723578607446,"mc":[{"id":"1.231659919","rc":[{"ltp":1.83,"id":40096581}]}]}
{"op":"mcm","clk":"11843514522","pt":1723580708602,"mc":[{"id":"1.231659919","rc":[{"ltp":1.86,"id":40096581}]}]}
{"op":"mcm","clk":"11843643339","pt":1723581936530,"mc":[{"id":"1.231659919","rc":[{"ltp":1.88,"id":40096581}]}]}
{"op":"mcm","clk":"11843674187","pt":1723582685090,"mc":[{"id":"1.231659919","rc":[{"ltp":2.12,"id":40096579},{"ltp":1.86,"id":40096581}]}]}
{"op":"mcm","clk":"11843767569","pt":1723585118437,"mc":[{"id":"1.231659919","rc":[{"ltp":1.87,"id":40096581}]}]}
{"op":"mcm","clk":"11843779690","pt":1723585602314,"mc":[{"id":"1.231659919","rc":[{"ltp":1.86,"id":40096581}]}]}
{"op":"mcm","clk":"11843781401","pt":1723585677913,"mc":[{"id":"1.231659919","rc":[{"ltp":1.88,"id":40096581}]}]}
{"op":"mcm","clk":"11843855180","pt":1723588187814,"mc":[{"id":"1.231659919","rc":[{"ltp":1.9,"id":40096581}]}]}
{"op":"mcm","clk":"11843856940","pt":1723588243016,"mc":[{"id":"1.231659919","rc":[{"ltp":2.1,"id":40096579},{"ltp":1.91,"id":40096581}]}]}
{"op":"mcm","clk":"11843890208","pt":1723588988856,"mc":[{"id":"1.231659919","rc":[{"ltp":1.94,"id":40096581}]}]}
{"op":"mcm","clk":"11843893934","pt":1723589090362,"mc":[{"id":"1.231659919","rc":[{"ltp":1.92,"id":40096581}]}]}
{"op":"mcm","clk":"11843923806","pt":1723589858681,"mc":[{"id":"1.231659919","rc":[{"ltp":1.94,"id":40096581}]}]}
{"op":"mcm","clk":"11843930587","pt":1723590007219,"mc":[{"id":"1.231659919","rc":[{"ltp":1.93,"id":40096581}]}]}
{"op":"mcm","clk":"11843936164","pt":1723590121760,"mc":[{"id":"1.231659919","rc":[{"ltp":1.94,"id":40096581}]}]}
{"op":"mcm","clk":"11843942332","pt":1723590246817,"mc":[{"id":"1.231659919","rc":[{"ltp":2.08,"id":40096579},{"ltp":1.92,"id":40096581}]}]}
{"op":"mcm","clk":"11843944998","pt":1723590308110,"mc":[{"id":"1.231659919","rc":[{"ltp":1.91,"id":40096581}]}]}
{"op":"mcm","clk":"11844126990","pt":1723594093468,"mc":[{"id":"1.231659919","rc":[{"ltp":1.92,"id":40096581}]}]}
{"op":"mcm","clk":"11844337858","pt":1723597805724,"mc":[{"id":"1.231659919","rc":[{"ltp":1.93,"id":40096581}]}]}
{"op":"mcm","clk":"11844487308","pt":1723600419728,"mc":[{"id":"1.231659919","rc":[{"ltp":1.92,"id":40096581}]}]}
{"op":"mcm","clk":"11844740386","pt":1723605135747,"mc":[{"id":"1.231659919","rc":[{"ltp":2.06,"id":40096579}]}]}
{"op":"mcm","clk":"11844860278","pt":1723607464110,"mc":[{"id":"1.231659919","rc":[{"ltp":1.9,"id":40096581}]}]}
{"op":"mcm","clk":"11844958151","pt":1723609953239,"mc":[{"id":"1.231659919","rc":[{"ltp":1.91,"id":40096581}]}]}
{"op":"mcm","clk":"11844971767","pt":1723610350162,"mc":[{"id":"1.231659919","rc":[{"ltp":2.08,"id":40096579}]}]}
{"op":"mcm","clk":"11844988310","pt":1723610645872,"mc":[{"id":"1.231659919","rc":[{"ltp":1.9,"id":40096581}]}]}
{"op":"mcm","clk":"11845030144","pt":1723611969714,"mc":[{"id":"1.231659919","rc":[{"ltp":1.91,"id":40096581}]}]}
{"op":"mcm","clk":"11845072842","pt":1723613331256,"mc":[{"id":"1.231659919","rc":[{"ltp":1.92,"id":40096581}]}]}
{"op":"mcm","clk":"11845086235","pt":1723613745684,"mc":[{"id":"1.231659919","rc":[{"ltp":1.91,"id":40096581}]}]}
{"op":"mcm","clk":"11845120891","pt":1723614800701,"mc":[{"id":"1.231659919","rc":[{"ltp":1.92,"id":40096581}]}]}
{"op":"mcm","clk":"11845142445","pt":1723615443469,"mc":[{"id":"1.231659919","rc":[{"ltp":1.91,"id":40096581}]}]}
{"op":"mcm","clk":"11845172991","pt":1723616031105,"mc":[{"id":"1.231659919","rc":[{"ltp":1.92,"id":40096581}]}]}
{"op":"mcm","clk":"11845189313","pt":1723616435561,"mc":[{"id":"1.231659919","rc":[{"ltp":2.1,"id":40096579}]}]}
{"op":"mcm","clk":"11845209377","pt":1723617024218,"mc":[{"id":"1.231659919","rc":[{"ltp":1.91,"id":40096581}]}]}
{"op":"mcm","clk":"11845229382","pt":1723617658004,"mc":[{"id":"1.231659919","rc":[{"ltp":2.06,"id":40096579},{"ltp":1.93,"id":40096581}]}]}
{"op":"mcm","clk":"11845236551","pt":1723617834823,"mc":[{"id":"1.231659919","rc":[{"ltp":1.92,"id":40096581}]}]}
{"op":"mcm","clk":"11845241402","pt":1723617968388,"mc":[{"id":"1.231659919","rc":[{"ltp":2.08,"id":40096579}]}]}
{"op":"mcm","clk":"11845249521","pt":1723618149337,"mc":[{"id":"1.231659919","rc":[{"ltp":1.91,"id":40096581}]}]}
{"op":"mcm","clk":"11845252121","pt":1723618209826,"mc":[{"id":"1.231659919","rc":[{"ltp":2.06,"id":40096579},{"ltp":1.93,"id":40096581}]}]}
{"op":"mcm","clk":"11845254583","pt":1723618270127,"mc":[{"id":"1.231659919","rc":[{"ltp":2.08,"id":40096579},{"ltp":1.91,"id":40096581}]}]}
{"op":"mcm","clk":"11845256846","pt":1723618330271,"mc":[{"id":"1.231659919","rc":[{"ltp":1.92,"id":40096581}]}]}
{"op":"mcm","clk":"11845258796","pt":1723618386635,"mc":[{"id":"1.231659919","rc":[{"ltp":1.93,"id":40096581}]}]}
{"op":"mcm","clk":"11845260853","pt":1723618443800,"mc":[{"id":"1.231659919","rc":[{"ltp":2.06,"id":40096579},{"ltp":1.92,"id":40096581}]}]}
{"op":"mcm","clk":"11845265870","pt":1723618569874,"mc":[{"id":"1.231659919","rc":[{"ltp":2.08,"id":40096579}]}]}
{"op":"mcm","clk":"11845269493","pt":1723618662986,"mc":[{"id":"1.231659919","rc":[{"ltp":1.91,"id":40096581}]}]}
{"op":"mcm","clk":"11845313561","pt":1723620070264,"mc":[{"id":"1.231659919","rc":[{"ltp":1.92,"id":40096581}]}]}
{"op":"mcm","clk":"11845342078","pt":1723620846390,"mc":[{"id":"1.231659919","rc":[{"ltp":2.06,"id":40096579}]}]}
{"op":"mcm","clk":"11845349672","pt":1723621059970,"mc":[{"id":"1.231659919","rc":[{"ltp":2.08,"id":40096579},{"ltp":1.91,"id":40096581}]}]}
{"op":"mcm","clk":"11845355989","pt":1723621265648,"mc":[{"id":"1.231659919","rc":[{"ltp":1.93,"id":40096581}]}]}
{"op":"mcm","clk":"11845379561","pt":1723621868988,"mc":[{"id":"1.231659919","rc":[{"ltp":2.06,"id":40096579}]}]}
{"op":"mcm","clk":"11845381037","pt":1723621924235,"mc":[{"id":"1.231659919","rc":[{"ltp":2.08,"id":40096579}]}]}
{"op":"mcm","clk":"11845383588","pt":1723622014838,"mc":[{"id":"1.231659919","rc":[{"ltp":1.91,"id":40096581}]}]}
{"op":"mcm","clk":"11845386600","pt":1723622105223,"mc":[{"id":"1.231659919","rc":[{"ltp":1.92,"id":40096581}]}]}
{"op":"mcm","clk":"11845393080","pt":1723622288097,"mc":[{"id":"1.231659919","rc":[{"ltp":1.93,"id":40096581}]}]}
{"op":"mcm","clk":"11845396511","pt":1723622385087,"mc":[{"id":"1.231659919","rc":[{"ltp":1.92,"id":40096581}]}]}
{"op":"mcm","clk":"11845402641","pt":1723622528554,"mc":[{"id":"1.231659919","rc":[{"ltp":1.93,"id":40096581}]}]}
{"op":"mcm","clk":"11845416244","pt":1723622890144,"mc":[{"id":"1.231659919","rc":[{"ltp":1.92,"id":40096581}]}]}
{"op":"mcm","clk":"11845428564","pt":1723623274194,"mc":[{"id":"1.231659919","rc":[{"ltp":1.93,"id":40096581}]}]}
{"op":"mcm","clk":"11845441256","pt":1723623610238,"mc":[{"id":"1.231659919","rc":[{"ltp":2.06,"id":40096579}]}]}
{"op":"mcm","clk":"11845444846","pt":1723623665472,"mc":[{"id":"1.231659919","rc":[{"ltp":2.08,"id":40096579},{"ltp":1.92,"id":40096581}]}]}
{"op":"mcm","clk":"11845448662","pt":1723623727065,"mc":[{"id":"1.231659919","rc":[{"ltp":2.06,"id":40096579}]}]}
{"op":"mcm","clk":"11845456205","pt":1723623907511,"mc":[{"id":"1.231659919","rc":[{"ltp":2.08,"id":40096579}]}]}
{"op":"mcm","clk":"11845458881","pt":1723623969710,"mc":[{"id":"1.231659919","rc":[{"ltp":1.91,"id":40096581}]}]}
{"op":"mcm","clk":"11845461221","pt":1723624022335,"mc":[{"id":"1.231659919","rc":[{"ltp":2.1,"id":40096579},{"ltp":1.9,"id":40096581}]}]}
{"op":"mcm","clk":"11845476433","pt":1723624384940,"mc":[{"id":"1.231659919","rc":[{"ltp":1.89,"id":40096581}]}]}
{"op":"mcm","clk":"11845479612","pt":1723624486796,"mc":[{"id":"1.231659919","rc":[{"ltp":1.91,"id":40096581}]}]}
{"op":"mcm","clk":"11845481955","pt":1723624566394,"mc":[{"id":"1.231659919","rc":[{"ltp":2.08,"id":40096579}]}]}
{"op":"mcm","clk":"11845487581","pt":1723624744812,"mc":[{"id":"1.231659919","rc":[{"ltp":1.92,"id":40096581}]}]}
{"op":"mcm","clk":"11845491116","pt":1723624835828,"mc":[{"id":"1.231659919","rc":[{"ltp":1.91,"id":40096581}]}]}
{"op":"mcm","clk":"11845496539","pt":1723624985092,"mc":[{"id":"1.231659919","rc":[{"ltp":2.1,"id":40096579}]}]}
{"op":"mcm","clk":"11845511434","pt":1723625344189,"mc":[{"id":"1.231659919","rc":[{"ltp":2.08,"id":40096579}]}]}
{"op":"mcm","clk":"11845587566","pt":1723626848302,"mc":[{"id":"1.231659919","rc":[{"ltp":1.9,"id":40096581}]}]}
{"op":"mcm","clk":"11845588757","pt":1723626868527,"mc":[{"id":"1.231659919","rc":[{"ltp":2.1,"id":40096579}]}]}
{"op":"mcm","clk":"11845611411","pt":1723627283039,"mc":[{"id":"1.231659919","rc":[{"ltp":2.08,"id":40096579},{"ltp":1.92,"id":40096581}]}]}
{"op":"mcm","clk":"11845617284","pt":1723627386544,"mc":[{"id":"1.231659919","rc":[{"ltp":1.91,"id":40096581}]}]}
{"op":"mcm","clk":"11845630677","pt":1723627629955,"mc":[{"id":"1.231659919","rc":[{"ltp":1.93,"id":40096581}]}]}
{"op":"mcm","clk":"11845634048","pt":1723627686825,"mc":[{"id":"1.231659919","rc":[{"ltp":1.9,"id":40096581}]}]}
{"op":"mcm","clk":"11845637624","pt":1723627743263,"mc":[{"id":"1.231659919","rc":[{"ltp":1.91,"id":40096581}]}]}
{"op":"mcm","clk":"11845641718","pt":1723627806876,"mc":[{"id":"1.231659919","rc":[{"ltp":1.93,"id":40096581}]}]}
{"op":"mcm","clk":"11845645665","pt":1723627861425,"mc":[{"id":"1.231659919","rc":[{"ltp":2.06,"id":40096579},{"ltp":1.92,"id":40096581}]}]}
{"op":"mcm","clk":"11845650950","pt":1723627929284,"mc":[{"id":"1.231659919","rc":[{"ltp":2.08,"id":40096579}]}]}
{"op":"mcm","clk":"11845654611","pt":1723627984929,"mc":[{"id":"1.231659919","rc":[{"ltp":1.91,"id":40096581}]}]}
{"op":"mcm","clk":"11845664522","pt":1723628163224,"mc":[{"id":"1.231659919","rc":[{"ltp":1.92,"id":40096581}]}]}
{"op":"mcm","clk":"11845676791","pt":1723628402119,"mc":[{"id":"1.231659919","rc":[{"ltp":1.91,"id":40096581}]}]}
{"op":"mcm","clk":"11845685577","pt":1723628569522,"mc":[{"id":"1.231659919","rc":[{"ltp":1.92,"id":40096581}]}]}
{"op":"mcm","clk":"11845693270","pt":1723628709618,"mc":[{"id":"1.231659919","rc":[{"ltp":1.91,"id":40096581}]}]}
{"op":"mcm","clk":"11845696351","pt":1723628756298,"mc":[{"id":"1.231659919","rc":[{"ltp":1.92,"id":40096581}]}]}
{"op":"mcm","clk":"11845705363","pt":1723628889663,"mc":[{"id":"1.231659919","rc":[{"ltp":2.1,"id":40096579}]}]}
{"op":"mcm","clk":"11845709222","pt":1723628949315,"mc":[{"id":"1.231659919","rc":[{"ltp":2.08,"id":40096579},{"ltp":1.9,"id":40096581}]}]}
{"op":"mcm","clk":"11845712213","pt":1723628997201,"mc":[{"id":"1.231659919","rc":[{"ltp":2.1,"id":40096579}]}]}
{"op":"mcm","clk":"11845715806","pt":1723629050533,"mc":[{"id":"1.231659919","rc":[{"ltp":1.89,"id":40096581}]}]}
{"op":"mcm","clk":"11845719421","pt":1723629106395,"mc":[{"id":"1.231659919","rc":[{"ltp":1.9,"id":40096581}]}]}
{"op":"mcm","clk":"11845735567","pt":1723629348825,"mc":[{"id":"1.231659919","rc":[{"ltp":2.12,"id":40096579},{"ltp":1.89,"id":40096581}]}]}
{"op":"mcm","clk":"11845740353","pt":1723629425136,"mc":[{"id":"1.231659919","rc":[{"ltp":2.18,"id":40096579},{"ltp":1.84,"id":40096581}]}]}
{"op":"mcm","clk":"11845745513","pt":1723629489348,"mc":[{"id":"1.231659919","rc":[{"ltp":2.14,"id":40096579},{"ltp":1.86,"id":40096581}]}]}
{"op":"mcm","clk":"11845750124","pt":1723629549378,"mc":[{"id":"1.231659919","rc":[{"ltp":1.87,"id":40096581}]}]}
{"op":"mcm","clk":"11845754436","pt":1723629603256,"mc":[{"id":"1.231659919","rc":[{"ltp":1.89,"id":40096581}]}]}
{"op":"mcm","clk":"11845763897","pt":1723629730218,"mc":[{"id":"1.231659919","rc":[{"ltp":2.2,"id":40096579},{"ltp":1.8,"id":40096581}]}]}
{"op":"mcm","clk":"11845767757","pt":1723629790214,"mc":[{"id":"1.231659919","rc":[{"ltp":2.3,"id":40096579},{"ltp":1.78,"id":40096581}]}]}
{"op":"mcm","clk":"11845771772","pt":1723629850236,"mc":[{"id":"1.231659919","rc":[{"ltp":2.32,"id":40096579},{"ltp":1.75,"id":40096581}]}]}
{"op":"mcm","clk":"11845775173","pt":1723629910338,"mc":[{"id":"1.231659919","rc":[{"ltp":1.76,"id":40096581}]}]}
{"op":"mcm","clk":"11845779109","pt":1723629970325,"mc":[{"id":"1.231659919","rc":[{"ltp":2.34,"id":40096579},{"ltp":1.74,"id":40096581}]}]}
{"op":"mcm","clk":"11845786820","pt":1723630090027,"mc":[{"id":"1.231659919","rc":[{"ltp":2.32,"id":40096579},{"ltp":1.75,"id":40096581}]}]}
{"op":"mcm","clk":"11845796009","pt":1723630210196,"mc":[{"id":"1.231659919","rc":[{"ltp":2.28,"id":40096579},{"ltp":1.78,"id":40096581}]}]}
{"op":"mcm","clk":"11845800445","pt":1723630269159,"mc":[{"id":"1.231659919","rc":[{"ltp":2.3,"id":40096579},{"ltp":1.76,"id":40096581}]}]}
{"op":"mcm","clk":"11845805124","pt":1723630330108,"mc":[{"id":"1.231659919","rc":[{"ltp":2.32,"id":40096579},{"ltp":1.75,"id":40096581}]}]}
{"op":"mcm","clk":"11845809843","pt":1723630389997,"mc":[{"id":"1.231659919","rc":[{"ltp":2.34,"id":40096579}]}]}
{"op":"mcm","clk":"11845814472","pt":1723630448738,"mc":[{"id":"1.231659919","rc":[{"ltp":2.36,"id":40096579},{"ltp":1.72,"id":40096581}]}]}
{"op":"mcm","clk":"11845819619","pt":1723630510318,"mc":[{"id":"1.231659919","rc":[{"ltp":2.34,"id":40096579},{"ltp":1.74,"id":40096581}]}]}
{"op":"mcm","clk":"11845824928","pt":1723630570198,"mc":[{"id":"1.231659919","rc":[{"ltp":2.36,"id":40096579}]}]}
{"op":"mcm","clk":"11845829645","pt":1723630627128,"mc":[{"id":"1.231659919","rc":[{"ltp":2.4,"id":40096579},{"ltp":1.71,"id":40096581}]}]}
{"op":"mcm","clk":"11845835159","pt":1723630690105,"mc":[{"id":"1.231659919","rc":[{"ltp":2.42,"id":40096579},{"ltp":1.73,"id":40096581}]}]}
{"op":"mcm","clk":"11845839405","pt":1723630750157,"mc":[{"id":"1.231659919","rc":[{"ltp":2.34,"id":40096579},{"ltp":1.74,"id":40096581}]}]}
{"op":"mcm","clk":"11845843501","pt":1723630810233,"mc":[{"id":"1.231659919","rc":[{"ltp":2.32,"id":40096579},{"ltp":1.75,"id":40096581}]}]}
{"op":"mcm","clk":"11845847882","pt":1723630869370,"mc":[{"id":"1.231659919","rc":[{"ltp":2.34,"id":40096579}]}]}
{"op":"mcm","clk":"11845851789","pt":1723630930390,"mc":[{"id":"1.231659919","rc":[{"ltp":2.36,"id":40096579},{"ltp":1.73,"id":40096581}]}]}
{"op":"mcm","clk":"11845856041","pt":1723630989827,"mc":[{"id":"1.231659919","rc":[{"ltp":2.34,"id":40096579},{"ltp":1.74,"id":40096581}]}]}
{"op":"mcm","clk":"11845864283","pt":1723631109770,"mc":[{"id":"1.231659919","rc":[{"ltp":1.75,"id":40096581}]}]}
{"op":"mcm","clk":"11845868800","pt":1723631170347,"mc":[{"id":"1.231659919","rc":[{"ltp":1.74,"id":40096581}]}]}
{"op":"mcm","clk":"11845877751","pt":1723631290318,"mc":[{"id":"1.231659919","rc":[{"ltp":2.32,"id":40096579}]}]}
{"op":"mcm","clk":"11845882845","pt":1723631350348,"mc":[{"id":"1.231659919","rc":[{"ltp":2.42,"id":40096579},{"ltp":1.71,"id":40096581}]}]}
{"op":"mcm","clk":"11845888728","pt":1723631409677,"mc":[{"id":"1.231659919","marketDefinition":{"bspMarket":false,"turnInPlayEnabled":true,"persistenceEnabled":true,"marketBaseRate":5.0,"eventId":"33483361","eventTypeId":"4","numberOfWinners":1,"bettingType":"ODDS","marketType":"MATCH_ODDS","marketTime":"2024-08-14T10:30:00.000Z","suspendTime":"2024-08-14T10:30:00.000Z","bspReconciled":false,"complete":true,"inPlay":false,"crossMatching":true,"runnersVoidable":false,"numberOfActiveRunners":2,"betDelay":0,"status":"SUSPENDED","runners":[{"status":"ACTIVE","sortPriority":1,"id":40096579,"name":"Southern Brave Women"},{"status":"ACTIVE","sortPriority":2,"id":40096581,"name":"Welsh Fire Women"}],"regulators":["MR_INT"],"countryCode":"GB","discountAllowed":true,"timezone":"GMT","openDate":"2024-08-14T10:30:00.000Z","version":6074236901,"name":"Match Odds","eventName":"Southern Brave Women v Welsh Fire Women"},"rc":[{"ltp":2.36,"id":40096579},{"ltp":1.73,"id":40096581}]}]}
{"op":"mcm","clk":"11845894889","pt":1723631470301,"mc":[{"id":"1.231659919","marketDefinition":{"bspMarket":false,"turnInPlayEnabled":true,"persistenceEnabled":true,"marketBaseRate":5.0,"eventId":"33483361","eventTypeId":"4","numberOfWinners":1,"bettingType":"ODDS","marketType":"MATCH_ODDS","marketTime":"2024-08-14T10:30:00.000Z","suspendTime":"2024-08-14T10:30:00.000Z","bspReconciled":false,"complete":true,"inPlay":true,"crossMatching":true,"runnersVoidable":false,"numberOfActiveRunners":2,"betDelay":5,"status":"OPEN","runners":[{"status":"ACTIVE","sortPriority":1,"id":40096579,"name":"Southern Brave Women"},{"status":"ACTIVE","sortPriority":2,"id":40096581,"name":"Welsh Fire Women"}],"regulators":["MR_INT"],"countryCode":"GB","discountAllowed":true,"timezone":"GMT","openDate":"2024-08-14T10:30:00.000Z","version":6074237311,"name":"Match Odds","eventName":"Southern Brave Women v Welsh Fire Women"},"rc":[{"ltp":2.34,"id":40096579}]}]}
{"op":"mcm","clk":"11845900828","pt":1723631530282,"mc":[{"id":"1.231659919","rc":[{"ltp":2.28,"id":40096579},{"ltp":1.8,"id":40096581}]}]}
{"op":"mcm","clk":"11845906210","pt":1723631590366,"mc":[{"id":"1.231659919","rc":[{"ltp":2.12,"id":40096579},{"ltp":1.88,"id":40096581}]}]}
{"op":"mcm","clk":"11845911595","pt":1723631650378,"mc":[{"id":"1.231659919","rc":[{"ltp":2.16,"id":40096579},{"ltp":1.86,"id":40096581}]}]}
{"op":"mcm","clk":"11845915955","pt":1723631710357,"mc":[{"id":"1.231659919","rc":[{"ltp":1.85,"id":40096581}]}]}
{"op":"mcm","clk":"11845921035","pt":1723631770305,"mc":[{"id":"1.231659919","rc":[{"ltp":2.28,"id":40096579},{"ltp":1.75,"id":40096581}]}]}
{"op":"mcm","clk":"11845926757","pt":1723631830354,"mc":[{"id":"1.231659919","rc":[{"ltp":2.96,"id":40096579},{"ltp":1.52,"id":40096581}]}]}
{"op":"mcm","clk":"11845931162","pt":1723631890337,"mc":[{"id":"1.231659919","rc":[{"ltp":3.05,"id":40096579},{"ltp":1.48,"id":40096581}]}]}
{"op":"mcm","clk":"11845935230","pt":1723631950319,"mc":[{"id":"1.231659919","rc":[{"ltp":3.0,"id":40096579},{"ltp":1.49,"id":40096581}]}]}
{"op":"mcm","clk":"11845939365","pt":1723632010278,"mc":[{"id":"1.231659919","rc":[{"ltp":3.25,"id":40096579},{"ltp":1.44,"id":40096581}]}]}
{"op":"mcm","clk":"11845943558","pt":1723632070289,"mc":[{"id":"1.231659919","rc":[{"ltp":5.0,"id":40096579},{"ltp":1.25,"id":40096581}]}]}
{"op":"mcm","clk":"11845947875","pt":1723632130348,"mc":[{"id":"1.231659919","rc":[{"ltp":5.1,"id":40096579},{"ltp":1.24,"id":40096581}]}]}
{"op":"mcm","clk":"11845959338","pt":1723632190298,"mc":[{"id":"1.231659919","rc":[{"ltp":5.4,"id":40096579},{"ltp":1.22,"id":40096581}]}]}
{"op":"mcm","clk":"11845963672","pt":1723632250312,"mc":[{"id":"1.231659919","rc":[{"ltp":5.5,"id":40096579}]}]}
{"op":"mcm","clk":"11845967791","pt":1723632310380,"mc":[{"id":"1.231659919","rc":[{"ltp":5.2,"id":40096579},{"ltp":1.24,"id":40096581}]}]}
{"op":"mcm","clk":"11845972506","pt":1723632370270,"mc":[{"id":"1.231659919","rc":[{"ltp":4.9,"id":40096579},{"ltp":1.26,"id":40096581}]}]}
{"op":"mcm","clk":"11845977861","pt":1723632430347,"mc":[{"id":"1.231659919","rc":[{"ltp":4.3,"id":40096579},{"ltp":1.3,"id":40096581}]}]}
{"op":"mcm","clk":"11845983074","pt":1723632490336,"mc":[{"id":"1.231659919","rc":[{"ltp":4.4,"id":40096579},{"ltp":1.29,"id":40096581}]}]}
{"op":"mcm","clk":"11845988126","pt":1723632550204,"mc":[{"id":"1.231659919","rc":[{"ltp":4.5,"id":40096579},{"ltp":1.28,"id":40096581}]}]}
{"op":"mcm","clk":"11845993171","pt":1723632610249,"mc":[{"id":"1.231659919","rc":[{"ltp":5.5,"id":40096579},{"ltp":1.22,"id":40096581}]}]}
{"op":"mcm","clk":"11845998398","pt":1723632670307,"mc":[{"id":"1.231659919","rc":[{"ltp":6.4,"id":40096579},{"ltp":1.18,"id":40096581}]}]}
{"op":"mcm","clk":"11846004052","pt":1723632730300,"mc":[{"id":"1.231659919","rc":[{"ltp":1.17,"id":40096581}]}]}
{"op":"mcm","clk":"11846008593","pt":1723632790353,"mc":[{"id":"1.231659919","rc":[{"ltp":7.0,"id":40096579}]}]}
{"op":"mcm","clk":"11846013027","pt":1723632850343,"mc":[{"id":"1.231659919","rc":[{"ltp":6.4,"id":40096579},{"ltp":1.18,"id":40096581}]}]}
{"op":"mcm","clk":"11846017140","pt":1723632910318,"mc":[{"id":"1.231659919","rc":[{"ltp":6.8,"id":40096579},{"ltp":1.17,"id":40096581}]}]}
{"op":"mcm","clk":"11846021159","pt":1723632970371,"mc":[{"id":"1.231659919","rc":[{"ltp":6.2,"id":40096579},{"ltp":1.19,"id":40096581}]}]}
{"op":"mcm","clk":"11846025089","pt":1723633030254,"mc":[{"id":"1.231659919","rc":[{"ltp":5.3,"id":40096579},{"ltp":1.23,"id":40096581}]}]}
{"op":"mcm","clk":"11846029058","pt":1723633090341,"mc":[{"id":"1.231659919","rc":[{"ltp":4.9,"id":40096579},{"ltp":1.26,"id":40096581}]}]}
{"op":"mcm","clk":"11846033102","pt":1723633150360,"mc":[{"id":"1.231659919","rc":[{"ltp":5.5,"id":40096579},{"ltp":1.23,"id":40096581}]}]}
{"op":"mcm","clk":"11846037302","pt":1723633210341,"mc":[{"id":"1.231659919","rc":[{"ltp":7.6,"id":40096579},{"ltp":1.15,"id":40096581}]}]}
{"op":"mcm","clk":"11846041864","pt":1723633270254,"mc":[{"id":"1.231659919","rc":[{"ltp":7.4,"id":40096579},{"ltp":1.16,"id":40096581}]}]}
{"op":"mcm","clk":"11846046618","pt":1723633330203,"mc":[{"id":"1.231659919","rc":[{"ltp":6.4,"id":40096579},{"ltp":1.18,"id":40096581}]}]}
{"op":"mcm","clk":"11846051198","pt":1723633390353,"mc":[{"id":"1.231659919","rc":[{"ltp":7.0,"id":40096579},{"ltp":1.17,"id":40096581}]}]}
{"op":"mcm","clk":"11846056028","pt":1723633450346,"mc":[{"id":"1.231659919","rc":[{"ltp":7.6,"id":40096579},{"ltp":1.15,"id":40096581}]}]}
{"op":"mcm","clk":"11846060760","pt":1723633510312,"mc":[{"id":"1.231659919","rc":[{"ltp":6.6,"id":40096579},{"ltp":1.18,"id":40096581}]}]}
{"op":"mcm","clk":"11846065532","pt":1723633570365,"mc":[{"id":"1.231659919","rc":[{"ltp":9.4,"id":40096579},{"ltp":1.12,"id":40096581}]}]}
{"op":"mcm","clk":"11846070347","pt":1723633630340,"mc":[{"id":"1.231659919","rc":[{"ltp":10.0,"id":40096579},{"ltp":1.11,"id":40096581}]}]}
{"op":"mcm","clk":"11846080115","pt":1723633750384,"mc":[{"id":"1.231659919","rc":[{"ltp":10.5,"id":40096579}]}]}
{"op":"mcm","clk":"11846084068","pt":1723633810287,"mc":[{"id":"1.231659919","rc":[{"ltp":15.5,"id":40096579},{"ltp":1.07,"id":40096581}]}]}
{"op":"mcm","clk":"11846092480","pt":1723633930344,"mc":[{"id":"1.231659919","rc":[{"ltp":26.0,"id":40096579},{"ltp":1.04,"id":40096581}]}]}
{"op":"mcm","clk":"11846095719","pt":1723633990364,"mc":[{"id":"1.231659919","rc":[{"ltp":27.0,"id":40096579}]}]}
{"op":"mcm","clk":"11846103139","pt":1723634110325,"mc":[{"id":"1.231659919","rc":[{"ltp":25.0,"id":40096579},{"ltp":1.05,"id":40096581}]}]}
{"op":"mcm","clk":"11846107237","pt":1723634169970,"mc":[{"id":"1.231659919","rc":[{"ltp":23.0,"id":40096579}]}]}
{"op":"mcm","clk":"11846111079","pt":1723634230361,"mc":[{"id":"1.231659919","rc":[{"ltp":17.5,"id":40096579},{"ltp":1.06,"id":40096581}]}]}
{"op":"mcm","clk":"11846114730","pt":1723634290379,"mc":[{"id":"1.231659919","rc":[{"ltp":13.5,"id":40096579},{"ltp":1.07,"id":40096581}]}]}
{"op":"mcm","clk":"11846118676","pt":1723634350212,"mc":[{"id":"1.231659919","rc":[{"ltp":14.0,"id":40096579}]}]}
{"op":"mcm","clk":"11846123146","pt":1723634410349,"mc":[{"id":"1.231659919","rc":[{"ltp":10.5,"id":40096579},{"ltp":1.1,"id":40096581}]}]}
{"op":"mcm","clk":"11846127734","pt":1723634470356,"mc":[{"id":"1.231659919","rc":[{"ltp":12.0,"id":40096579},{"ltp":1.09,"id":40096581}]}]}
{"op":"mcm","clk":"11846132333","pt":1723634530242,"mc":[{"id":"1.231659919","rc":[{"ltp":10.5,"id":40096579},{"ltp":1.1,"id":40096581}]}]}
{"op":"mcm","clk":"11846137231","pt":1723634590388,"mc":[{"id":"1.231659919","rc":[{"ltp":10.0,"id":40096579}]}]}
{"op":"mcm","clk":"11846142247","pt":1723634650194,"mc":[{"id":"1.231659919","rc":[{"ltp":10.5,"id":40096579},{"ltp":1.11,"id":40096581}]}]}
{"op":"mcm","clk":"11846147418","pt":1723634710386,"mc":[{"id":"1.231659919","rc":[{"ltp":9.4,"id":40096579},{"ltp":1.12,"id":40096581}]}]}
{"op":"mcm","clk":"11846153190","pt":1723634770297,"mc":[{"id":"1.231659919","rc":[{"ltp":9.2,"id":40096579},{"ltp":1.13,"id":40096581}]}]}
{"op":"mcm","clk":"11846157979","pt":1723634830252,"mc":[{"id":"1.231659919","rc":[{"ltp":1.12,"id":40096581}]}]}
{"op":"mcm","clk":"11846162328","pt":1723634890341,"mc":[{"id":"1.231659919","rc":[{"ltp":8.2,"id":40096579},{"ltp":1.13,"id":40096581}]}]}
{"op":"mcm","clk":"11846166931","pt":1723634950283,"mc":[{"id":"1.231659919","rc":[{"ltp":8.4,"id":40096579},{"ltp":1.14,"id":40096581}]}]}
{"op":"mcm","clk":"11846171102","pt":1723635010368,"mc":[{"id":"1.231659919","rc":[{"ltp":7.4,"id":40096579},{"ltp":1.16,"id":40096581}]}]}
{"op":"mcm","clk":"11846175882","pt":1723635070370,"mc":[{"id":"1.231659919","rc":[{"ltp":5.6,"id":40096579},{"ltp":1.22,"id":40096581}]}]}
{"op":"mcm","clk":"11846180679","pt":1723635130304,"mc":[{"id":"1.231659919","rc":[{"ltp":5.2,"id":40096579},{"ltp":1.24,"id":40096581}]}]}
{"op":"mcm","clk":"11846190801","pt":1723635250303,"mc":[{"id":"1.231659919","rc":[{"ltp":5.3,"id":40096579},{"ltp":1.23,"id":40096581}]}]}
{"op":"mcm","clk":"11846195296","pt":1723635310354,"mc":[{"id":"1.231659919","rc":[{"ltp":5.7,"id":40096579},{"ltp":1.21,"id":40096581}]}]}
{"op":"mcm","clk":"11846199462","pt":1723635370201,"mc":[{"id":"1.231659919","rc":[{"ltp":6.0,"id":40096579},{"ltp":1.2,"id":40096581}]}]}
{"op":"mcm","clk":"11846207975","pt":1723635490375,"mc":[{"id":"1.231659919","rc":[{"ltp":6.8,"id":40096579},{"ltp":1.17,"id":40096581}]}]}
{"op":"mcm","clk":"11846212614","pt":1723635550350,"mc":[{"id":"1.231659919","rc":[{"ltp":6.4,"id":40096579},{"ltp":1.18,"id":40096581}]}]}
{"op":"mcm","clk":"11846222453","pt":1723635670382,"mc":[{"id":"1.231659919","rc":[{"ltp":7.2,"id":40096579},{"ltp":1.16,"id":40096581}]}]}
{"op":"mcm","clk":"11846227181","pt":1723635730369,"mc":[{"id":"1.231659919","rc":[{"ltp":6.8,"id":40096579},{"ltp":1.17,"id":40096581}]}]}
{"op":"mcm","clk":"11846230835","pt":1723635790207,"mc":[{"id":"1.231659919","rc":[{"ltp":1.16,"id":40096581}]}]}
{"op":"mcm","clk":"11846234639","pt":1723635850313,"mc":[{"id":"1.231659919","rc":[{"ltp":7.0,"id":40096579}]}]}
{"op":"mcm","clk":"11846238620","pt":1723635910282,"mc":[{"id":"1.231659919","rc":[{"ltp":7.4,"id":40096579}]}]}
{"op":"mcm","clk":"11846242681","pt":1723635970280,"mc":[{"id":"1.231659919","rc":[{"ltp":7.2,"id":40096579},{"ltp":1.15,"id":40096581}]}]}
{"op":"mcm","clk":"11846246556","pt":1723636030322,"mc":[{"id":"1.231659919","rc":[{"ltp":7.0,"id":40096579},{"ltp":1.17,"id":40096581}]}]}
{"op":"mcm","clk":"11846253787","pt":1723636149888,"mc":[{"id":"1.231659919","rc":[{"ltp":1.16,"id":40096581}]}]}
{"op":"mcm","clk":"11846257406","pt":1723636210212,"mc":[{"id":"1.231659919","rc":[{"ltp":1.17,"id":40096581}]}]}
{"op":"mcm","clk":"11846264953","pt":1723636330123,"mc":[{"id":"1.231659919","rc":[{"ltp":1.16,"id":40096581}]}]}
{"op":"mcm","clk":"11846269137","pt":1723636390270,"mc":[{"id":"1.231659919","rc":[{"ltp":6.8,"id":40096579},{"ltp":1.17,"id":40096581}]}]}
{"op":"mcm","clk":"11846273342","pt":1723636450239,"mc":[{"id":"1.231659919","rc":[{"ltp":7.0,"id":40096579}]}]}
{"op":"mcm","clk":"11846277810","pt":1723636510365,"mc":[{"id":"1.231659919","rc":[{"ltp":7.2,"id":40096579},{"ltp":1.16,"id":40096581}]}]}
{"op":"mcm","clk":"11846282473","pt":1723636570331,"mc":[{"id":"1.231659919","rc":[{"ltp":1.17,"id":40096581}]}]}
{"op":"mcm","clk":"11846287501","pt":1723636630390,"mc":[{"id":"1.231659919","rc":[{"ltp":1.16,"id":40096581}]}]}
{"op":"mcm","clk":"11846292406","pt":1723636690363,"mc":[{"id":"1.231659919","rc":[{"ltp":7.4,"id":40096579},{"ltp":1.15,"id":40096581}]}]}
{"op":"mcm","clk":"11846297011","pt":1723636750328,"mc":[{"id":"1.231659919","rc":[{"ltp":9.2,"id":40096579},{"ltp":1.13,"id":40096581}]}]}
{"op":"mcm","clk":"11846301461","pt":1723636810317,"mc":[{"id":"1.231659919","rc":[{"ltp":8.8,"id":40096579}]}]}
{"op":"mcm","clk":"11846305909","pt":1723636870196,"mc":[{"id":"1.231659919","rc":[{"ltp":9.8,"id":40096579},{"ltp":1.11,"id":40096581}]}]}
{"op":"mcm","clk":"11846310482","pt":1723636930328,"mc":[{"id":"1.231659919","rc":[{"ltp":10.0,"id":40096579},{"ltp":1.1,"id":40096581}]}]}
{"op":"mcm","clk":"11846315434","pt":1723636990309,"mc":[{"id":"1.231659919","rc":[{"ltp":13.5,"id":40096579},{"ltp":1.07,"id":40096581}]}]}
{"op":"mcm","clk":"11846319897","pt":1723637050285,"mc":[{"id":"1.231659919","rc":[{"ltp":21.0,"id":40096579},{"ltp":1.06,"id":40096581}]}]}
{"op":"mcm","clk":"11846324235","pt":1723637110231,"mc":[{"id":"1.231659919","rc":[{"ltp":29.0,"id":40096579},{"ltp":1.04,"id":40096581}]}]}
{"op":"mcm","clk":"11846328692","pt":1723637170351,"mc":[{"id":"1.231659919","rc":[{"ltp":30.0,"id":40096579}]}]}
{"op":"mcm","clk":"11846332730","pt":1723637230090,"mc":[{"id":"1.231659919","rc":[{"ltp":32.0,"id":40096579}]}]}
{"op":"mcm","clk":"11846336629","pt":1723637290360,"mc":[{"id":"1.231659919","rc":[{"ltp":44.0,"id":40096579},{"ltp":1.03,"id":40096581}]}]}
{"op":"mcm","clk":"11846340201","pt":1723637350228,"mc":[{"id":"1.231659919","rc":[{"ltp":46.0,"id":40096579}]}]}
{"op":"mcm","clk":"11846343914","pt":1723637410296,"mc":[{"id":"1.231659919","rc":[{"ltp":44.0,"id":40096579},{"ltp":1.02,"id":40096581}]}]}
{"op":"mcm","clk":"11846347918","pt":1723637470293,"mc":[{"id":"1.231659919","rc":[{"ltp":34.0,"id":40096579},{"ltp":1.03,"id":40096581}]}]}
{"op":"mcm","clk":"11846352436","pt":1723637530300,"mc":[{"id":"1.231659919","rc":[{"ltp":19.0,"id":40096579},{"ltp":1.05,"id":40096581}]}]}
{"op":"mcm","clk":"11846364159","pt":1723637590366,"mc":[{"id":"1.231659919","rc":[{"ltp":19.5,"id":40096579},{"ltp":1.06,"id":40096581}]}]}
{"op":"mcm","clk":"11846368599","pt":1723637649755,"mc":[{"id":"1.231659919","rc":[{"ltp":18.5,"id":40096579},{"ltp":1.05,"id":40096581}]}]}
{"op":"mcm","clk":"11846373257","pt":1723637710334,"mc":[{"id":"1.231659919","rc":[{"ltp":16.5,"id":40096579},{"ltp":1.06,"id":40096581}]}]}
{"op":"mcm","clk":"11846378227","pt":1723637770325,"mc":[{"id":"1.231659919","rc":[{"ltp":25.0,"id":40096579},{"ltp":1.05,"id":40096581}]}]}
{"op":"mcm","clk":"11846382958","pt":1723637829917,"mc":[{"id":"1.231659919","rc":[{"ltp":22.0,"id":40096579},{"ltp":1.04,"id":40096581}]}]}
{"op":"mcm","clk":"11846386862","pt":1723637890185,"mc":[{"id":"1.231659919","rc":[{"ltp":23.0,"id":40096579},{"ltp":1.05,"id":40096581}]}]}
{"op":"mcm","clk":"11846391462","pt":1723637950127,"mc":[{"id":"1.231659919","rc":[{"ltp":21.0,"id":40096579},{"ltp":1.04,"id":40096581}]}]}
{"op":"mcm","clk":"11846395266","pt":1723638010318,"mc":[{"id":"1.231659919","rc":[{"ltp":28.0,"id":40096579}]}]}
{"op":"mcm","clk":"11846398839","pt":1723638070367,"mc":[{"id":"1.231659919","rc":[{"ltp":42.0,"id":40096579},{"ltp":1.02,"id":40096581}]}]}
{"op":"mcm","clk":"11846404817","pt":1723638130373,"mc":[{"id":"1.231659919","rc":[{"ltp":60.0,"id":40096579}]}]}
{"op":"mcm","clk":"11846408616","pt":1723638190348,"mc":[{"id":"1.231659919","rc":[{"ltp":130.0,"id":40096579},{"ltp":1.01,"id":40096581}]}]}
{"op":"mcm","clk":"11846412044","pt":1723638250173,"mc":[{"id":"1.231659919","rc":[{"ltp":150.0,"id":40096579}]}]}
{"op":"mcm","clk":"11846415623","pt":1723638310286,"mc":[{"id":"1.231659919","rc":[{"ltp":200.0,"id":40096579}]}]}
{"op":"mcm","clk":"11846419361","pt":1723638369804,"mc":[{"id":"1.231659919","rc":[{"ltp":440.0,"id":40096579}]}]}
{"op":"mcm","clk":"11846422680","pt":1723638430299,"mc":[{"id":"1.231659919","rc":[{"ltp":120.0,"id":40096579}]}]}
{"op":"mcm","clk":"11846427252","pt":1723638490089,"mc":[{"id":"1.231659919","rc":[{"ltp":400.0,"id":40096579}]}]}
{"op":"mcm","clk":"11846431724","pt":1723638550262,"mc":[{"id":"1.231659919","rc":[{"ltp":920.0,"id":40096579}]}]}
{"op":"mcm","clk":"11846436747","pt":1723638610361,"mc":[{"id":"1.231659919","rc":[{"ltp":1000.0,"id":40096579}]}]}
{"op":"mcm","clk":"11846514838","pt":1723639685069,"mc":[{"id":"1.231659919","marketDefinition":{"bspMarket":false,"turnInPlayEnabled":true,"persistenceEnabled":true,"marketBaseRate":5.0,"eventId":"33483361","eventTypeId":"4","numberOfWinners":1,"bettingType":"ODDS","marketType":"MATCH_ODDS","marketTime":"2024-08-14T10:30:00.000Z","suspendTime":"2024-08-14T10:30:00.000Z","bspReconciled":false,"complete":true,"inPlay":true,"crossMatching":true,"runnersVoidable":false,"numberOfActiveRunners":2,"betDelay":5,"status":"SUSPENDED","runners":[{"status":"ACTIVE","sortPriority":1,"id":40096579,"name":"Southern Brave Women"},{"status":"ACTIVE","sortPriority":2,"id":40096581,"name":"Welsh Fire Women"}],"regulators":["MR_INT"],"countryCode":"GB","discountAllowed":true,"timezone":"GMT","openDate":"2024-08-14T10:30:00.000Z","version":6074285732,"name":"Match Odds","eventName":"Southern Brave Women v Welsh Fire Women"}}]}
{"op":"mcm","clk":"11846525284","pt":1723639821096,"mc":[{"id":"1.231659919","marketDefinition":{"bspMarket":false,"turnInPlayEnabled":true,"persistenceEnabled":true,"marketBaseRate":5.0,"eventId":"33483361","eventTypeId":"4","numberOfWinners":1,"bettingType":"ODDS","marketType":"MATCH_ODDS","marketTime":"2024-08-14T10:30:00.000Z","suspendTime":"2024-08-14T10:30:00.000Z","bspReconciled":false,"complete":true,"inPlay":true,"crossMatching":false,"runnersVoidable":false,"numberOfActiveRunners":0,"betDelay":5,"status":"CLOSED","settledTime":"2024-08-14T12:49:34.000Z","runners":[{"status":"LOSER","sortPriority":1,"id":40096579,"name":"Southern Brave Women"},{"status":"WINNER","sortPriority":2,"id":40096581,"name":"Welsh Fire Women"}],"regulators":["MR_INT"],"countryCode":"GB","discountAllowed":true,"timezone":"GMT","openDate":"2024-08-14T10:30:00.000Z","version":6074287142,"name":"Match Odds","eventName":"Southern Brave Women v Welsh Fire Women"}}]}
