{"op":"mcm","clk":"11829979552","pt":1723381018024,"mc":[{"id":"1.231703222","marketDefinition":{"bspMarket":false,"turnInPlayEnabled":true,"persistenceEnabled":true,"marketBaseRate":5.0,"eventId":"33486247","eventTypeId":"4","numberOfWinners":1,"bettingType":"ODDS","marketType":"MATCH_ODDS","marketTime":"2024-08-13T17:30:00.000Z","suspendTime":"2024-08-13T17:30:00.000Z","bspReconciled":false,"complete":true,"inPlay":false,"crossMatching":true,"runnersVoidable":false,"numberOfActiveRunners":2,"betDelay":0,"status":"OPEN","runners":[{"status":"ACTIVE","sortPriority":1,"id":26354924,"name":"Northern Superchargers"},{"status":"ACTIVE","sortPriority":2,"id":26354928,"name":"London Spirit"}],"regulators":["MR_INT"],"countryCode":"GB","discountAllowed":true,"timezone":"GMT","openDate":"2024-08-13T17:30:00.000Z","version":6069418074,"name":"Match Odds","eventName":"Northern Superchargers v London Spirit"}}]}
{"op":"mcm","clk":"11830469856","pt":1723383710796,"mc":[{"id":"1.231703222","rc":[{"ltp":1.55,"id":26354928},{"ltp":1.55,"id":26354924}]}]}
{"op":"mcm","clk":"11832622857","pt":1723396244415,"mc":[{"id":"1.231703222","rc":[{"ltp":1.41,"id":26354924}]}]}
{"op":"mcm","clk":"11832912138","pt":1723398315466,"mc":[{"id":"1.231703222","rc":[{"ltp":1.4,"id":26354924}]}]}
{"op":"mcm","clk":"11833123972","pt":1723399753483,"mc":[{"id":"1.231703222","rc":[{"ltp":3.35,"id":26354928}]}]}
{"op":"mcm","clk":"11833140839","pt":1723399854702,"mc":[{"id":"1.231703222","rc":[{"ltp":3.4,"id":26354928},{"ltp":1.42,"id":26354924}]}]}
{"op":"mcm","clk":"11833192497","pt":1723400130798,"mc":[{"id":"1.231703222","rc":[{"ltp":3.2,"id":26354928},{"ltp":1.46,"id":26354924}]}]}
{"op":"mcm","clk":"11833264551","pt":1723400547832,"mc":[{"id":"1.231703222","rc":[{"ltp":3.3,"id":26354928},{"ltp":1.44,"id":26354924}]}]}
{"op":"mcm","clk":"11833281227","pt":1723400645469,"mc":[{"id":"1.231703222","rc":[{"ltp":2.96,"id":26354928},{"ltp":1.52,"id":26354924}]}]}
{"op":"mcm","clk":"11833292795","pt":1723400708623,"mc":[{"id":"1.231703222","rc":[{"ltp":1.4,"id":26354924}]}]}
{"op":"mcm","clk":"11833331794","pt":1723400933487,"mc":[{"id":"1.231703222","rc":[{"ltp":1.67,"id":26354928},{"ltp":2.5,"id":26354924}]}]}
{"op":"mcm","clk":"11833341970","pt":1723400992792,"mc":[{"id":"1.231703222","rc":[{"ltp":1.65,"id":26354928}]}]}
{"op":"mcm","clk":"11833343395","pt":1723401000793,"mc":[{"id":"1.231703222","rc":[{"ltp":1.66,"id":26354928}]}]}
{"op":"mcm","clk":"11833379527","pt":1723401218303,"mc":[{"id":"1.231703222","rc":[{"ltp":1.65,"id":26354928},{"ltp":2.54,"id":26354924}]}]}
{"op":"mcm","clk":"11833492885","pt":1723401906890,"mc":[{"id":"1.231703222","rc":[{"ltp":1.4,"id":26354924}]}]}
{"op":"mcm","clk":"11833570508","pt":1723402389310,"mc":[{"id":"1.231703222","rc":[{"ltp":2.48,"id":26354924}]}]}
{"op":"mcm","clk":"11833612656","pt":1723402669326,"mc":[{"id":"1.231703222","rc":[{"ltp":2.44,"id":26354924}]}]}
{"op":"mcm","clk":"11833621877","pt":1723402732570,"mc":[{"id":"1.231703222","rc":[{"ltp":3.4,"id":26354928}]}]}
{"op":"mcm","clk":"11833625485","pt":1723402757409,"mc":[{"id":"1.231703222","rc":[{"ltp":3.35,"id":26354928}]}]}
{"op":"mcm","clk":"11833639330","pt":1723402845707,"mc":[{"id":"1.231703222","rc":[{"ltp":3.3,"id":26354928}]}]}
{"op":"mcm","clk":"11833644725","pt":1723402881977,"mc":[{"id":"1.231703222","rc":[{"ltp":1.72,"id":26354928},{"ltp":2.4,"id":26354924}]}]}
{"op":"mcm","clk":"11833683960","pt":1723403143796,"mc":[{"id":"1.231703222","rc":[{"ltp":3.35,"id":26354928},{"ltp":1.42,"id":26354924}]}]}
{"op":"mcm","clk":"11833833173","pt":1723403993323,"mc":[{"id":"1.231703222","rc":[{"ltp":2.46,"id":26354924}]}]}
{"op":"mcm","clk":"11833839469","pt":1723404028229,"mc":[{"id":"1.231703222","rc":[{"ltp":1.65,"id":26354928},{"ltp":2.56,"id":26354924}]}]}
{"op":"mcm","clk":"11834250713","pt":1723406446999,"mc":[{"id":"1.231703222","rc":[{"ltp":3.2,"id":26354928}]}]}
{"op":"mcm","clk":"11834261042","pt":1723406530704,"mc":[{"id":"1.231703222","rc":[{"ltp":1.76,"id":26354928}]}]}
{"op":"mcm","clk":"11834638957","pt":1723409515675,"mc":[{"id":"1.231703222","rc":[{"ltp":2.56,"id":26354928}]}]}
{"op":"mcm","clk":"11834706780","pt":1723410350666,"mc":[{"id":"1.231703222","rc":[{"ltp":3.0,"id":26354928},{"ltp":1.5,"id":26354924}]}]}
{"op":"mcm","clk":"11834973523","pt":1723414121542,"mc":[{"id":"1.231703222","rc":[{"ltp":1.41,"id":26354924}]}]}
{"op":"mcm","clk":"11834992609","pt":1723414443981,"mc":[{"id":"1.231703222","rc":[{"ltp":1.63,"id":26354924}]}]}
{"op":"mcm","clk":"11835028250","pt":1723415106509,"mc":[{"id":"1.231703222","rc":[{"ltp":1.41,"id":26354924}]}]}
{"op":"mcm","clk":"11835045835","pt":1723415468171,"mc":[{"id":"1.231703222","rc":[{"ltp":1.42,"id":26354924}]}]}
{"op":"mcm","clk":"11835092796","pt":1723416307101,"mc":[{"id":"1.231703222","rc":[{"ltp":1.41,"id":26354924}]}]}
{"op":"mcm","clk":"11835137651","pt":1723417355241,"mc":[{"id":"1.231703222","rc":[{"ltp":2.4,"id":26354928},{"ltp":1.72,"id":26354924}]}]}
{"op":"mcm","clk":"11835142106","pt":1723417434120,"mc":[{"id":"1.231703222","rc":[{"ltp":1.84,"id":26354928}]}]}
{"op":"mcm","clk":"11835146164","pt":1723417506714,"mc":[{"id":"1.231703222","rc":[{"ltp":1.41,"id":26354924}]}]}
{"op":"mcm","clk":"11835228074","pt":1723418755964,"mc":[{"id":"1.231703222","rc":[{"ltp":3.0,"id":26354928},{"ltp":1.5,"id":26354924}]}]}
{"op":"mcm","clk":"11835562833","pt":1723425955793,"mc":[{"id":"1.231703222","rc":[{"ltp":1.7,"id":26354924}]}]}
{"op":"mcm","clk":"11835961890","pt":1723438363294,"mc":[{"id":"1.231703222","rc":[{"ltp":1.66,"id":26354924}]}]}
{"op":"mcm","clk":"11836070170","pt":1723442232931,"mc":[{"id":"1.231703222","rc":[{"ltp":1.65,"id":26354924}]}]}
{"op":"mcm","clk":"11836258737","pt":1723447663427,"mc":[{"id":"1.231703222","rc":[{"ltp":2.46,"id":26354928},{"ltp":1.68,"id":26354924}]}]}
{"op":"mcm","clk":"11836901418","pt":1723468345401,"mc":[{"id":"1.231703222","rc":[{"ltp":1.65,"id":26354924}]}]}
{"op":"mcm","clk":"11837368810","pt":1723479891428,"mc":[{"id":"1.231703222","rc":[{"ltp":2.52,"id":26354928}]}]}
{"op":"mcm","clk":"11837551680","pt":1723483133928,"mc":[{"id":"1.231703222","rc":[{"ltp":1.68,"id":26354924}]}]}
{"op":"mcm","clk":"11837754732","pt":1723485769349,"mc":[{"id":"1.231703222","rc":[{"ltp":1.66,"id":26354924}]}]}
{"op":"mcm","clk":"11837819223","pt":1723486433921,"mc":[{"id":"1.231703222","rc":[{"ltp":1.65,"id":26354924}]}]}
{"op":"mcm","clk":"11838027478","pt":1723488568284,"mc":[{"id":"1.231703222","rc":[{"ltp":1.68,"id":26354924}]}]}
{"op":"mcm","clk":"11838043520","pt":1723488769850,"mc":[{"id":"1.231703222","rc":[{"ltp":1.69,"id":26354924}]}]}
{"op":"mcm","clk":"11838070131","pt":1723489173970,"mc":[{"id":"1.231703222","rc":[{"ltp":1.65,"id":26354924}]}]}
{"op":"mcm","clk":"11838199525","pt":1723490980347,"mc":[{"id":"1.231703222","rc":[{"ltp":2.54,"id":26354928},{"ltp":1.64,"id":26354924}]}]}
{"op":"mcm","clk":"11838314585","pt":1723492529888,"mc":[{"id":"1.231703222","rc":[{"ltp":2.56,"id":26354928}]}]}
{"op":"mcm","clk":"11838350782","pt":1723493333495,"mc":[{"id":"1.231703222","rc":[{"ltp":2.54,"id":26354928},{"ltp":1.66,"id":26354924}]}]}
{"op":"mcm","clk":"11838368751","pt":1723493875626,"mc":[{"id":"1.231703222","rc":[{"ltp":1.65,"id":26354924}]}]}
{"op":"mcm","clk":"11838379683","pt":1723494175870,"mc":[{"id":"1.231703222","rc":[{"ltp":1.66,"id":26354924}]}]}
{"op":"mcm","clk":"11838393493","pt":1723494535538,"mc":[{"id":"1.231703222","rc":[{"ltp":2.32,"id":26354928},{"ltp":1.7,"id":26354924}]}]}
{"op":"mcm","clk":"11838413110","pt":1723495011882,"mc":[{"id":"1.231703222","rc":[{"ltp":1.76,"id":26354924}]}]}
{"op":"mcm","clk":"11838416741","pt":1723495131230,"mc":[{"id":"1.231703222","rc":[{"ltp":2.52,"id":26354928},{"ltp":1.65,"id":26354924}]}]}
{"op":"mcm","clk":"11838426899","pt":1723495435193,"mc":[{"id":"1.231703222","rc":[{"ltp":1.7,"id":26354924}]}]}
{"op":"mcm","clk":"11838435964","pt":1723495698267,"mc":[{"id":"1.231703222","rc":[{"ltp":2.36,"id":26354928}]}]}
{"op":"mcm","clk":"11838459115","pt":1723496334530,"mc":[{"id":"1.231703222","rc":[{"ltp":2.42,"id":26354928},{"ltp":1.71,"id":26354924}]}]}
{"op":"mcm","clk":"11838478824","pt":1723496873053,"mc":[{"id":"1.231703222","rc":[{"ltp":1.7,"id":26354924}]}]}
{"op":"mcm","clk":"11838479424","pt":1723496892762,"mc":[{"id":"1.231703222","rc":[{"ltp":1.71,"id":26354924}]}]}
{"op":"mcm","clk":"11838514806","pt":1723497946116,"mc":[{"id":"1.231703222","rc":[{"ltp":1.7,"id":26354924}]}]}
{"op":"mcm","clk":"11838518000","pt":1723498065087,"mc":[{"id":"1.231703222","rc":[{"ltp":2.4,"id":26354928},{"ltp":1.71,"id":26354924}]}]}
{"op":"mcm","clk":"11838550992","pt":1723499148059,"mc":[{"id":"1.231703222","rc":[{"ltp":1.7,"id":26354924}]}]}
{"op":"mcm","clk":"11838675361","pt":1723501671643,"mc":[{"id":"1.231703222","rc":[{"ltp":2.44,"id":26354928}]}]}
{"op":"mcm","clk":"11838691341","pt":1723501952184,"mc":[{"id":"1.231703222","rc":[{"ltp":1.69,"id":26354924}]}]}
{"op":"mcm","clk":"11838743372","pt":1723502749031,"mc":[{"id":"1.231703222","rc":[{"ltp":1.7,"id":26354924}]}]}
{"op":"mcm","clk":"11838770920","pt":1723503287063,"mc":[{"id":"1.231703222","rc":[{"ltp":1.69,"id":26354924}]}]}
{"op":"mcm","clk":"11838836829","pt":1723504225764,"mc":[{"id":"1.231703222","rc":[{"ltp":1.7,"id":26354924}]}]}
{"op":"mcm","clk":"11838880147","pt":1723504788274,"mc":[{"id":"1.231703222","rc":[{"ltp":1.69,"id":26354924}]}]}
{"op":"mcm","clk":"11838993051","pt":1723506502642,"mc":[{"id":"1.231703222","rc":[{"ltp":2.42,"id":26354928},{"ltp":1.7,"id":26354924}]}]}
{"op":"mcm","clk":"11839039128","pt":1723507529263,"mc":[{"id":"1.231703222","rc":[{"ltp":2.44,"id":26354928},{"ltp":1.69,"id":26354924}]}]}
{"op":"mcm","clk":"11839123650","pt":1723509042888,"mc":[{"id":"1.231703222","rc":[{"ltp":1.68,"id":26354924}]}]}
{"op":"mcm","clk":"11839162595","pt":1723510003346,"mc":[{"id":"1.231703222","rc":[{"ltp":1.69,"id":26354924}]}]}
{"op":"mcm","clk":"11839292733","pt":1723513912919,"mc":[{"id":"1.231703222","rc":[{"ltp":1.7,"id":26354924}]}]}
{"op":"mcm","clk":"11839302327","pt":1723514214572,"mc":[{"id":"1.231703222","rc":[{"ltp":2.42,"id":26354928}]}]}
{"op":"mcm","clk":"11839437990","pt":1723518559051,"mc":[{"id":"1.231703222","rc":[{"ltp":2.44,"id":26354928},{"ltp":1.69,"id":26354924}]}]}
{"op":"mcm","clk":"11839556123","pt":1723522700129,"mc":[{"id":"1.231703222","rc":[{"ltp":2.42,"id":26354928}]}]}
{"op":"mcm","clk":"11839564496","pt":1723523068753,"mc":[{"id":"1.231703222","rc":[{"ltp":2.44,"id":26354928}]}]}
{"op":"mcm","clk":"11839584298","pt":1723523910609,"mc":[{"id":"1.231703222","rc":[{"ltp":1.7,"id":26354924}]}]}
{"op":"mcm","clk":"11839632652","pt":1723525430852,"mc":[{"id":"1.231703222","rc":[{"ltp":1.71,"id":26354924}]}]}
{"op":"mcm","clk":"11839639033","pt":1723525615496,"mc":[{"id":"1.231703222","rc":[{"ltp":1.7,"id":26354924}]}]}
{"op":"mcm","clk":"11839640918","pt":1723525666158,"mc":[{"id":"1.231703222","rc":[{"ltp":2.46,"id":26354928}]}]}
{"op":"mcm","clk":"11839643293","pt":1723525729830,"mc":[{"id":"1.231703222","rc":[{"ltp":1.69,"id":26354924}]}]}
{"op":"mcm","clk":"11839682749","pt":1723526901034,"mc":[{"id":"1.231703222","rc":[{"ltp":1.7,"id":26354924}]}]}
{"op":"mcm","clk":"11839687527","pt":1723527036572,"mc":[{"id":"1.231703222","rc":[{"ltp":2.42,"id":26354928}]}]}
{"op":"mcm","clk":"11839692658","pt":1723527171703,"mc":[{"id":"1.231703222","rc":[{"ltp":1.71,"id":26354924}]}]}
{"op":"mcm","clk":"11839737703","pt":1723528424583,"mc":[{"id":"1.231703222","rc":[{"ltp":1.7,"id":26354924}]}]}
{"op":"mcm","clk":"11839758284","pt":1723528981385,"mc":[{"id":"1.231703222","rc":[{"ltp":1.71,"id":26354924}]}]}
{"op":"mcm","clk":"11839792938","pt":1723529675279,"mc":[{"id":"1.231703222","rc":[{"ltp":1.7,"id":26354924}]}]}
{"op":"mcm","clk":"11839840900","pt":1723531067463,"mc":[{"id":"1.231703222","rc":[{"ltp":1.71,"id":26354924}]}]}
{"op":"mcm","clk":"11839844843","pt":1723531210919,"mc":[{"id":"1.231703222","rc":[{"ltp":2.44,"id":26354928},{"ltp":1.68,"id":26354924}]}]}
{"op":"mcm","clk":"11839846978","pt":1723531295843,"mc":[{"id":"1.231703222","rc":[{"ltp":1.69,"id":26354924}]}]}
{"op":"mcm","clk":"11839849948","pt":1723531431286,"mc":[{"id":"1.231703222","rc":[{"ltp":1.68,"id":26354924}]}]}
{"op":"mcm","clk":"11839905984","pt":1723533415373,"mc":[{"id":"1.231703222","rc":[{"ltp":2.46,"id":26354928},{"ltp":1.69,"id":26354924}]}]}
{"op":"mcm","clk":"11839927188","pt":1723534106062,"mc":[{"id":"1.231703222","rc":[{"ltp":1.68,"id":26354924}]}]}
{"op":"mcm","clk":"11839936412","pt":1723534433403,"mc":[{"id":"1.231703222","rc":[{"ltp":2.44,"id":26354928},{"ltp":1.69,"id":26354924}]}]}
{"op":"mcm","clk":"11839940151","pt":1723534609101,"mc":[{"id":"1.231703222","rc":[{"ltp":1.68,"id":26354924}]}]}
{"op":"mcm","clk":"11839942128","pt":1723534705134,"mc":[{"id":"1.231703222","rc":[{"ltp":1.7,"id":26354924}]}]}
{"op":"mcm","clk":"11839960601","pt":1723535191168,"mc":[{"id":"1.231703222","rc":[{"ltp":1.69,"id":26354924}]}]}
{"op":"mcm","clk":"11839964879","pt":1723535402107,"mc":[{"id":"1.231703222","rc":[{"ltp":1.68,"id":26354924}]}]}
{"op":"mcm","clk":"11840103736","pt":1723539753812,"mc":[{"id":"1.231703222","rc":[{"ltp":1.69,"id":26354924}]}]}
{"op":"mcm","clk":"11840112329","pt":1723540047884,"mc":[{"id":"1.231703222","rc":[{"ltp":1.68,"id":26354924}]}]}
{"op":"mcm","clk":"11840120550","pt":1723540292713,"mc":[{"id":"1.231703222","rc":[{"ltp":2.46,"id":26354928}]}]}
{"op":"mcm","clk":"11840167120","pt":1723541258549,"mc":[{"id":"1.231703222","rc":[{"ltp":1.67,"id":26354924}]}]}
{"op":"mcm","clk":"11840217381","pt":1723542475468,"mc":[{"id":"1.231703222","rc":[{"ltp":1.68,"id":26354924}]}]}
{"op":"mcm","clk":"11840247986","pt":1723543057541,"mc":[{"id":"1.231703222","rc":[{"ltp":1.67,"id":26354924}]}]}
{"op":"mcm","clk":"11840341710","pt":1723544743693,"mc":[{"id":"1.231703222","rc":[{"ltp":1.68,"id":26354924}]}]}
{"op":"mcm","clk":"11840391564","pt":1723545715845,"mc":[{"id":"1.231703222","rc":[{"ltp":1.67,"id":26354924}]}]}
{"op":"mcm","clk":"11840403450","pt":1723545828770,"mc":[{"id":"1.231703222","rc":[{"ltp":1.68,"id":26354924}]}]}
{"op":"mcm","clk":"11840573025","pt":1723548991551,"mc":[{"id":"1.231703222","rc":[{"ltp":1.69,"id":26354924}]}]}
{"op":"mcm","clk":"11840579995","pt":1723549106406,"mc":[{"id":"1.231703222","rc":[{"ltp":1.68,"id":26354924}]}]}
{"op":"mcm","clk":"11840617944","pt":1723549802418,"mc":[{"id":"1.231703222","rc":[{"ltp":1.69,"id":26354924}]}]}
{"op":"mcm","clk":"11840643850","pt":1723550154971,"mc":[{"id":"1.231703222","rc":[{"ltp":1.68,"id":26354924}]}]}
{"op":"mcm","clk":"11840663226","pt":1723550469774,"mc":[{"id":"1.231703222","rc":[{"ltp":2.44,"id":26354928}]}]}
{"op":"mcm","clk":"11840704945","pt":1723551052734,"mc":[{"id":"1.231703222","rc":[{"ltp":1.69,"id":26354924}]}]}
{"op":"mcm","clk":"11840710512","pt":1723551136835,"mc":[{"id":"1.231703222","rc":[{"ltp":1.7,"id":26354924}]}]}
{"op":"mcm","clk":"11840749710","pt":1723551575667,"mc":[{"id":"1.231703222","rc":[{"ltp":1.69,"id":26354924}]}]}
{"op":"mcm","clk":"11840832896","pt":1723552862070,"mc":[{"id":"1.231703222","rc":[{"ltp":1.7,"id":26354924}]}]}
{"op":"mcm","clk":"11840845941","pt":1723553057941,"mc":[{"id":"1.231703222","rc":[{"ltp":1.68,"id":26354924}]}]}
{"op":"mcm","clk":"11840872829","pt":1723553504519,"mc":[{"id":"1.231703222","rc":[{"ltp":1.7,"id":26354924}]}]}
{"op":"mcm","clk":"11840893898","pt":1723553870534,"mc":[{"id":"1.231703222","rc":[{"ltp":1.69,"id":26354924}]}]}
{"op":"mcm","clk":"11840896948","pt":1723553934713,"mc":[{"id":"1.231703222","rc":[{"ltp":1.68,"id":26354924}]}]}
{"op":"mcm","clk":"11840932435","pt":1723554552653,"mc":[{"id":"1.231703222","rc":[{"ltp":2.46,"id":26354928}]}]}
{"op":"mcm","clk":"11840959661","pt":1723555025100,"mc":[{"id":"1.231703222","rc":[{"ltp":1.69,"id":26354924}]}]}
{"op":"mcm","clk":"11840974827","pt":1723555313878,"mc":[{"id":"1.231703222","rc":[{"ltp":2.42,"id":26354928}]}]}
{"op":"mcm","clk":"11840976875","pt":1723555365034,"mc":[{"id":"1.231703222","rc":[{"ltp":1.68,"id":26354924}]}]}
{"op":"mcm","clk":"11840999265","pt":1723555835671,"mc":[{"id":"1.231703222","rc":[{"ltp":1.69,"id":26354924}]}]}
{"op":"mcm","clk":"11841005433","pt":1723555961725,"mc":[{"id":"1.231703222","rc":[{"ltp":1.68,"id":26354924}]}]}
{"op":"mcm","clk":"11841012291","pt":1723556073125,"mc":[{"id":"1.231703222","rc":[{"ltp":1.67,"id":26354924}]}]}
{"op":"mcm","clk":"11841016091","pt":1723556141324,"mc":[{"id":"1.231703222","rc":[{"ltp":2.46,"id":26354928}]}]}
{"op":"mcm","clk":"11841036448","pt":1723556563026,"mc":[{"id":"1.231703222","rc":[{"ltp":2.48,"id":26354928}]}]}
{"op":"mcm","clk":"11841064919","pt":1723556991807,"mc":[{"id":"1.231703222","rc":[{"ltp":2.46,"id":26354928}]}]}
{"op":"mcm","clk":"11841067629","pt":1723557055545,"mc":[{"id":"1.231703222","rc":[{"ltp":1.69,"id":26354924}]}]}
{"op":"mcm","clk":"11841069903","pt":1723557112226,"mc":[{"id":"1.231703222","rc":[{"ltp":1.67,"id":26354924}]}]}
{"op":"mcm","clk":"11841075128","pt":1723557247168,"mc":[{"id":"1.231703222","rc":[{"ltp":1.68,"id":26354924}]}]}
{"op":"mcm","clk":"11841078253","pt":1723557355569,"mc":[{"id":"1.231703222","rc":[{"ltp":1.67,"id":26354924}]}]}
{"op":"mcm","clk":"11841081070","pt":1723557466477,"mc":[{"id":"1.231703222","rc":[{"ltp":1.68,"id":26354924}]}]}
{"op":"mcm","clk":"11841100334","pt":1723557955583,"mc":[{"id":"1.231703222","rc":[{"ltp":1.67,"id":26354924}]}]}
{"op":"mcm","clk":"11841111948","pt":1723558239308,"mc":[{"id":"1.231703222","rc":[{"ltp":2.5,"id":26354928}]}]}
{"op":"mcm","clk":"11841114380","pt":1723558297506,"mc":[{"id":"1.231703222","rc":[{"ltp":2.48,"id":26354928}]}]}
{"op":"mcm","clk":"11841117483","pt":1723558372659,"mc":[{"id":"1.231703222","rc":[{"ltp":2.5,"id":26354928},{"ltp":1.68,"id":26354924}]}]}
{"op":"mcm","clk":"11841121905","pt":1723558490495,"mc":[{"id":"1.231703222","rc":[{"ltp":2.48,"id":26354928},{"ltp":1.69,"id":26354924}]}]}
{"op":"mcm","clk":"11841132741","pt":1723558795290,"mc":[{"id":"1.231703222","rc":[{"ltp":2.44,"id":26354928}]}]}
{"op":"mcm","clk":"11841138537","pt":1723558955232,"mc":[{"id":"1.231703222","rc":[{"ltp":1.68,"id":26354924}]}]}
{"op":"mcm","clk":"11841153865","pt":1723559394889,"mc":[{"id":"1.231703222","rc":[{"ltp":1.69,"id":26354924}]}]}
{"op":"mcm","clk":"11841157449","pt":1723559487004,"mc":[{"id":"1.231703222","rc":[{"ltp":1.68,"id":26354924}]}]}
{"op":"mcm","clk":"11841172492","pt":1723559935167,"mc":[{"id":"1.231703222","rc":[{"ltp":1.69,"id":26354924}]}]}
{"op":"mcm","clk":"11841179136","pt":1723560113123,"mc":[{"id":"1.231703222","rc":[{"ltp":2.42,"id":26354928}]}]}
{"op":"mcm","clk":"11841181267","pt":1723560174584,"mc":[{"id":"1.231703222","rc":[{"ltp":1.7,"id":26354924}]}]}
{"op":"mcm","clk":"11841185010","pt":1723560290945,"mc":[{"id":"1.231703222","rc":[{"ltp":1.68,"id":26354924}]}]}
{"op":"mcm","clk":"11841187019","pt":1723560344494,"mc":[{"id":"1.231703222","rc":[{"ltp":2.44,"id":26354928},{"ltp":1.69,"id":26354924}]}]}
{"op":"mcm","clk":"11841196144","pt":1723560591738,"mc":[{"id":"1.231703222","rc":[{"ltp":2.46,"id":26354928}]}]}
{"op":"mcm","clk":"11841209135","pt":1723560930113,"mc":[{"id":"1.231703222","rc":[{"ltp":2.44,"id":26354928}]}]}
{"op":"mcm","clk":"11841214007","pt":1723561059757,"mc":[{"id":"1.231703222","rc":[{"ltp":1.68,"id":26354924}]}]}
{"op":"mcm","clk":"11841217760","pt":1723561133955,"mc":[{"id":"1.231703222","rc":[{"ltp":2.46,"id":26354928}]}]}
{"op":"mcm","clk":"11841245813","pt":1723561591257,"mc":[{"id":"1.231703222","rc":[{"ltp":1.67,"id":26354924}]}]}
{"op":"mcm","clk":"11841255596","pt":1723561732586,"mc":[{"id":"1.231703222","rc":[{"ltp":2.48,"id":26354928},{"ltp":1.68,"id":26354924}]}]}
{"op":"mcm","clk":"11841258165","pt":1723561767769,"mc":[{"id":"1.231703222","rc":[{"ltp":1.69,"id":26354924}]}]}
{"op":"mcm","clk":"11841263836","pt":1723561845103,"mc":[{"id":"1.231703222","rc":[{"ltp":2.44,"id":26354928},{"ltp":1.7,"id":26354924}]}]}
{"op":"mcm","clk":"11841268869","pt":1723561910668,"mc":[{"id":"1.231703222","rc":[{"ltp":1.69,"id":26354924}]}]}
{"op":"mcm","clk":"11841279938","pt":1723561974964,"mc":[{"id":"1.231703222","rc":[{"ltp":2.46,"id":26354928},{"ltp":1.68,"id":26354924}]}]}
{"op":"mcm","clk":"11841314958","pt":1723562387366,"mc":[{"id":"1.231703222","rc":[{"ltp":1.69,"id":26354924}]}]}
{"op":"mcm","clk":"11841329326","pt":1723562571343,"mc":[{"id":"1.231703222","rc":[{"ltp":1.68,"id":26354924}]}]}
{"op":"mcm","clk":"11841333072","pt":1723562619886,"mc":[{"id":"1.231703222","rc":[{"ltp":2.48,"id":26354928},{"ltp":1.67,"id":26354924}]}]}
{"op":"mcm","clk":"11841336967","pt":1723562673048,"mc":[{"id":"1.231703222","rc":[{"ltp":1.68,"id":26354924}]}]}
{"op":"mcm","clk":"11841342830","pt":1723562753444,"mc":[{"id":"1.231703222","rc":[{"ltp":2.44,"id":26354928},{"ltp":1.69,"id":26354924}]}]}
{"op":"mcm","clk":"11841361842","pt":1723562995501,"mc":[{"id":"1.231703222","rc":[{"ltp":1.68,"id":26354924}]}]}
{"op":"mcm","clk":"11841366516","pt":1723563050780,"mc":[{"id":"1.231703222","rc":[{"ltp":2.42,"id":26354928},{"ltp":1.69,"id":26354924}]}]}
{"op":"mcm","clk":"11841389872","pt":1723563342886,"mc":[{"id":"1.231703222","rc":[{"ltp":2.44,"id":26354928},{"ltp":1.68,"id":26354924}]}]}
{"op":"mcm","clk":"11841395190","pt":1723563407590,"mc":[{"id":"1.231703222","rc":[{"ltp":1.67,"id":26354924}]}]}
{"op":"mcm","clk":"11841426696","pt":1723563815760,"mc":[{"id":"1.231703222","rc":[{"ltp":2.46,"id":26354928}]}]}
{"op":"mcm","clk":"11841458951","pt":1723564192744,"mc":[{"id":"1.231703222","rc":[{"ltp":1.68,"id":26354924}]}]}
{"op":"mcm","clk":"11841464260","pt":1723564268797,"mc":[{"id":"1.231703222","rc":[{"ltp":1.67,"id":26354924}]}]}
{"op":"mcm","clk":"11841468377","pt":1723564326073,"mc":[{"id":"1.231703222","rc":[{"ltp":1.68,"id":26354924}]}]}
{"op":"mcm","clk":"11841480397","pt":1723564490857,"mc":[{"id":"1.231703222","rc":[{"ltp":2.48,"id":26354928},{"ltp":1.67,"id":26354924}]}]}
{"op":"mcm","clk":"11841489591","pt":1723564612663,"mc":[{"id":"1.231703222","rc":[{"ltp":1.68,"id":26354924}]}]}
{"op":"mcm","clk":"11841492692","pt":1723564658523,"mc":[{"id":"1.231703222","rc":[{"ltp":1.67,"id":26354924}]}]}
{"op":"mcm","clk":"11841511233","pt":1723564897282,"mc":[{"id":"1.231703222","rc":[{"ltp":1.66,"id":26354924}]}]}
{"op":"mcm","clk":"11841521240","pt":1723565024606,"mc":[{"id":"1.231703222","rc":[{"ltp":1.67,"id":26354924}]}]}
{"op":"mcm","clk":"11841557915","pt":1723565446221,"mc":[{"id":"1.231703222","rc":[{"ltp":1.66,"id":26354924}]}]}
{"op":"mcm","clk":"11841564088","pt":1723565508279,"mc":[{"id":"1.231703222","rc":[{"ltp":1.67,"id":26354924}]}]}
{"op":"mcm","clk":"11841595667","pt":1723565813710,"mc":[{"id":"1.231703222","rc":[{"ltp":2.46,"id":26354928},{"ltp":1.68,"id":26354924}]}]}
{"op":"mcm","clk":"11841618062","pt":1723566053765,"mc":[{"id":"1.231703222","rc":[{"ltp":2.44,"id":26354928},{"ltp":1.69,"id":26354924}]}]}
{"op":"mcm","clk":"11841624039","pt":1723566115332,"mc":[{"id":"1.231703222","rc":[{"ltp":1.7,"id":26354924}]}]}
{"op":"mcm","clk":"11841630364","pt":1723566175800,"mc":[{"id":"1.231703222","rc":[{"ltp":2.42,"id":26354928}]}]}
{"op":"mcm","clk":"11841636409","pt":1723566231880,"mc":[{"id":"1.231703222","rc":[{"ltp":1.69,"id":26354924}]}]}
{"op":"mcm","clk":"11841641974","pt":1723566283527,"mc":[{"id":"1.231703222","rc":[{"ltp":2.46,"id":26354928},{"ltp":1.67,"id":26354924}]}]}
{"op":"mcm","clk":"11841649168","pt":1723566351406,"mc":[{"id":"1.231703222","rc":[{"ltp":2.44,"id":26354928},{"ltp":1.68,"id":26354924}]}]}
{"op":"mcm","clk":"11841655258","pt":1723566411886,"mc":[{"id":"1.231703222","rc":[{"ltp":2.48,"id":26354928}]}]}
{"op":"mcm","clk":"11841668116","pt":1723566535377,"mc":[{"id":"1.231703222","rc":[{"ltp":2.58,"id":26354928},{"ltp":1.64,"id":26354924}]}]}
{"op":"mcm","clk":"11841674730","pt":1723566595713,"mc":[{"id":"1.231703222","rc":[{"ltp":2.5,"id":26354928},{"ltp":1.65,"id":26354924}]}]}
{"op":"mcm","clk":"11841681301","pt":1723566655911,"mc":[{"id":"1.231703222","rc":[{"ltp":2.54,"id":26354928}]}]}
{"op":"mcm","clk":"11841687151","pt":1723566715428,"mc":[{"id":"1.231703222","rc":[{"ltp":2.5,"id":26354928}]}]}
{"op":"mcm","clk":"11841693399","pt":1723566772609,"mc":[{"id":"1.231703222","rc":[{"ltp":2.52,"id":26354928}]}]}
{"op":"mcm","clk":"11841707035","pt":1723566894243,"mc":[{"id":"1.231703222","rc":[{"ltp":2.5,"id":26354928}]}]}
{"op":"mcm","clk":"11841713533","pt":1723566953539,"mc":[{"id":"1.231703222","rc":[{"ltp":1.66,"id":26354924}]}]}
{"op":"mcm","clk":"11841719544","pt":1723567009902,"mc":[{"id":"1.231703222","rc":[{"ltp":2.48,"id":26354928},{"ltp":1.67,"id":26354924}]}]}
{"op":"mcm","clk":"11841726634","pt":1723567075258,"mc":[{"id":"1.231703222","rc":[{"ltp":1.66,"id":26354924}]}]}
{"op":"mcm","clk":"11841733044","pt":1723567135558,"mc":[{"id":"1.231703222","rc":[{"ltp":2.5,"id":26354928}]}]}
{"op":"mcm","clk":"11841739218","pt":1723567193709,"mc":[{"id":"1.231703222","rc":[{"ltp":2.48,"id":26354928}]}]}
{"op":"mcm","clk":"11841745379","pt":1723567249845,"mc":[{"id":"1.231703222","rc":[{"ltp":1.67,"id":26354924}]}]}
{"op":"mcm","clk":"11841779533","pt":1723567495837,"mc":[{"id":"1.231703222","rc":[{"ltp":1.66,"id":26354924}]}]}
{"op":"mcm","clk":"11841786133","pt":1723567555692,"mc":[{"id":"1.231703222","rc":[{"ltp":2.5,"id":26354928},{"ltp":1.67,"id":26354924}]}]}
{"op":"mcm","clk":"11841792385","pt":1723567614785,"mc":[{"id":"1.231703222","rc":[{"ltp":2.48,"id":26354928},{"ltp":1.65,"id":26354924}]}]}
{"op":"mcm","clk":"11841798191","pt":1723567673656,"mc":[{"id":"1.231703222","rc":[{"ltp":2.56,"id":26354928},{"ltp":1.64,"id":26354924}]}]}
{"op":"mcm","clk":"11841804242","pt":1723567735807,"mc":[{"id":"1.231703222","rc":[{"ltp":2.52,"id":26354928}]}]}
{"op":"mcm","clk":"11841810026","pt":1723567795270,"mc":[{"id":"1.231703222","rc":[{"ltp":2.54,"id":26354928},{"ltp":1.65,"id":26354924}]}]}
{"op":"mcm","clk":"11841815766","pt":1723567855633,"mc":[{"id":"1.231703222","rc":[{"ltp":2.52,"id":26354928},{"ltp":1.64,"id":26354924}]}]}
{"op":"mcm","clk":"11841821015","pt":1723567915396,"mc":[{"id":"1.231703222","rc":[{"ltp":1.65,"id":26354924}]}]}
{"op":"mcm","clk":"11841826999","pt":1723567975654,"mc":[{"id":"1.231703222","rc":[{"ltp":2.5,"id":26354928},{"ltp":1.66,"id":26354924}]}]}
{"op":"mcm","clk":"11841832966","pt":1723568033541,"mc":[{"id":"1.231703222","rc":[{"ltp":2.54,"id":26354928},{"ltp":1.65,"id":26354924}]}]}
{"op":"mcm","clk":"11841845084","pt":1723568155548,"mc":[{"id":"1.231703222","rc":[{"ltp":2.5,"id":26354928},{"ltp":1.66,"id":26354924}]}]}
{"op":"mcm","clk":"11841873323","pt":1723568455172,"mc":[{"id":"1.231703222","rc":[{"ltp":2.46,"id":26354928},{"ltp":1.69,"id":26354924}]}]}
{"op":"mcm","clk":"11841879352","pt":1723568513904,"mc":[{"id":"1.231703222","rc":[{"ltp":2.44,"id":26354928},{"ltp":1.7,"id":26354924}]}]}
{"op":"mcm","clk":"11841885548","pt":1723568575191,"mc":[{"id":"1.231703222","rc":[{"ltp":1.69,"id":26354924}]}]}
{"op":"mcm","clk":"11841891847","pt":1723568635207,"mc":[{"id":"1.231703222","rc":[{"ltp":2.38,"id":26354928},{"ltp":1.7,"id":26354924}]}]}
{"op":"mcm","clk":"11841896710","pt":1723568693091,"mc":[{"id":"1.231703222","rc":[{"ltp":2.4,"id":26354928}]}]}
{"op":"mcm","clk":"11841906938","pt":1723568815925,"mc":[{"id":"1.231703222","rc":[{"ltp":1.71,"id":26354924}]}]}
{"op":"mcm","clk":"11841912283","pt":1723568875883,"mc":[{"id":"1.231703222","rc":[{"ltp":2.42,"id":26354928},{"ltp":1.7,"id":26354924}]}]}
{"op":"mcm","clk":"11841922978","pt":1723568995207,"mc":[{"id":"1.231703222","rc":[{"ltp":1.69,"id":26354924}]}]}
{"op":"mcm","clk":"11841928521","pt":1723569055653,"mc":[{"id":"1.231703222","rc":[{"ltp":2.44,"id":26354928},{"ltp":1.68,"id":26354924}]}]}
{"op":"mcm","clk":"11841945836","pt":1723569234879,"mc":[{"id":"1.231703222","rc":[{"ltp":2.46,"id":26354928},{"ltp":1.67,"id":26354924}]}]}
{"op":"mcm","clk":"11841951375","pt":1723569292714,"mc":[{"id":"1.231703222","rc":[{"ltp":2.48,"id":26354928}]}]}
{"op":"mcm","clk":"11841957765","pt":1723569355878,"mc":[{"id":"1.231703222","rc":[{"ltp":2.46,"id":26354928}]}]}
{"op":"mcm","clk":"11841969218","pt":1723569472324,"mc":[{"id":"1.231703222","rc":[{"ltp":1.68,"id":26354924}]}]}
{"op":"mcm","clk":"11841975494","pt":1723569534759,"mc":[{"id":"1.231703222","rc":[{"ltp":1.67,"id":26354924}]}]}
{"op":"mcm","clk":"11841991799","pt":1723569715643,"mc":[{"id":"1.231703222","rc":[{"ltp":2.48,"id":26354928},{"ltp":1.68,"id":26354924}]}]}
{"op":"mcm","clk":"11841996377","pt":1723569775839,"mc":[{"id":"1.231703222","rc":[{"ltp":2.52,"id":26354928},{"ltp":1.66,"id":26354924}]}]}
{"op":"mcm","clk":"11842000907","pt":1723569830185,"mc":[{"id":"1.231703222","rc":[{"ltp":2.5,"id":26354928}]}]}
{"op":"mcm","clk":"11842006181","pt":1723569895529,"mc":[{"id":"1.231703222","rc":[{"ltp":2.48,"id":26354928}]}]}
{"op":"mcm","clk":"11842010544","pt":1723569949523,"mc":[{"id":"1.231703222","rc":[{"ltp":1.67,"id":26354924}]}]}
{"op":"mcm","clk":"11842016258","pt":1723570015548,"mc":[{"id":"1.231703222","rc":[{"ltp":1.66,"id":26354924}]}]}
{"op":"mcm","clk":"11842021567","pt":1723570075921,"mc":[{"id":"1.231703222","rc":[{"ltp":1.67,"id":26354924}]}]}
{"op":"mcm","clk":"11842027297","pt":1723570134985,"mc":[{"id":"1.231703222","rc":[{"ltp":2.5,"id":26354928},{"ltp":1.66,"id":26354924}]}]}
{"op":"mcm","clk":"11842032966","pt":1723570195438,"mc":[{"id":"1.231703222","rc":[{"ltp":2.48,"id":26354928},{"ltp":1.67,"id":26354924}]}]}
{"op":"mcm","clk":"11842039391","pt":1723570255907,"mc":[{"id":"1.231703222","marketDefinition":{"bspMarket":false,"turnInPlayEnabled":true,"persistenceEnabled":true,"marketBaseRate":5.0,"eventId":"33486247","eventTypeId":"4","numberOfWinners":1,"bettingType":"ODDS","marketType":"MATCH_ODDS","marketTime":"2024-08-13T17:30:00.000Z","suspendTime":"2024-08-13T17:30:00.000Z","bspReconciled":false,"complete":true,"inPlay":true,"crossMatching":true,"runnersVoidable":false,"numberOfActiveRunners":2,"betDelay":5,"status":"OPEN","runners":[{"status":"ACTIVE","sortPriority":1,"id":26354924,"name":"Northern Superchargers"},{"status":"ACTIVE","sortPriority":2,"id":26354928,"name":"London Spirit"}],"regulators":["MR_INT"],"countryCode":"GB","discountAllowed":true,"timezone":"GMT","openDate":"2024-08-13T17:30:00.000Z","version":6073152759,"name":"Match Odds","eventName":"Northern Superchargers v London Spirit"},"rc":[{"ltp":2.78,"id":26354928},{"ltp":1.56,"id":26354924}]}]}
{"op":"mcm","clk":"11842045392","pt":1723570315949,"mc":[{"id":"1.231703222","rc":[{"ltp":2.82,"id":26354928},{"ltp":1.54,"id":26354924}]}]}
{"op":"mcm","clk":"11842051727","pt":1723570375832,"mc":[{"id":"1.231703222","rc":[{"ltp":1.56,"id":26354924}]}]}
{"op":"mcm","clk":"11842057913","pt":1723570435541,"mc":[{"id":"1.231703222","rc":[{"ltp":2.76,"id":26354928},{"ltp":1.57,"id":26354924}]}]}
{"op":"mcm","clk":"11842064322","pt":1723570495226,"mc":[{"id":"1.231703222","rc":[{"ltp":2.74,"id":26354928}]}]}
{"op":"mcm","clk":"11842070415","pt":1723570555693,"mc":[{"id":"1.231703222","rc":[{"ltp":2.68,"id":26354928},{"ltp":1.59,"id":26354924}]}]}
{"op":"mcm","clk":"11842076749","pt":1723570615187,"mc":[{"id":"1.231703222","rc":[{"ltp":2.72,"id":26354928},{"ltp":1.58,"id":26354924}]}]}
{"op":"mcm","clk":"11842095163","pt":1723570795995,"mc":[{"id":"1.231703222","rc":[{"ltp":2.7,"id":26354928},{"ltp":1.59,"id":26354924}]}]}
{"op":"mcm","clk":"11842100610","pt":1723570855909,"mc":[{"id":"1.231703222","rc":[{"ltp":2.68,"id":26354928},{"ltp":1.58,"id":26354924}]}]}
{"op":"mcm","clk":"11842106132","pt":1723570915989,"mc":[{"id":"1.231703222","rc":[{"ltp":2.7,"id":26354928},{"ltp":1.59,"id":26354924}]}]}
{"op":"mcm","clk":"11842111799","pt":1723570975873,"mc":[{"id":"1.231703222","rc":[{"ltp":2.68,"id":26354928},{"ltp":1.6,"id":26354924}]}]}
{"op":"mcm","clk":"11842117591","pt":1723571035999,"mc":[{"id":"1.231703222","rc":[{"ltp":2.74,"id":26354928},{"ltp":1.57,"id":26354924}]}]}
{"op":"mcm","clk":"11842130508","pt":1723571155949,"mc":[{"id":"1.231703222","rc":[{"ltp":2.76,"id":26354928},{"ltp":1.56,"id":26354924}]}]}
{"op":"mcm","clk":"11842137456","pt":1723571215916,"mc":[{"id":"1.231703222","rc":[{"ltp":2.72,"id":26354928},{"ltp":1.58,"id":26354924}]}]}
{"op":"mcm","clk":"11842151081","pt":1723571335995,"mc":[{"id":"1.231703222","rc":[{"ltp":3.0,"id":26354928},{"ltp":1.5,"id":26354924}]}]}
{"op":"mcm","clk":"11842157590","pt":1723571395910,"mc":[{"id":"1.231703222","rc":[{"ltp":3.1,"id":26354928},{"ltp":1.47,"id":26354924}]}]}
{"op":"mcm","clk":"11842164140","pt":1723571456003,"mc":[{"id":"1.231703222","rc":[{"ltp":2.68,"id":26354928},{"ltp":1.6,"id":26354924}]}]}
{"op":"mcm","clk":"11842170851","pt":1723571515728,"mc":[{"id":"1.231703222","rc":[{"ltp":2.58,"id":26354928},{"ltp":1.63,"id":26354924}]}]}
{"op":"mcm","clk":"11842177498","pt":1723571575980,"mc":[{"id":"1.231703222","rc":[{"ltp":3.35,"id":26354928},{"ltp":1.43,"id":26354924}]}]}
{"op":"mcm","clk":"11842183585","pt":1723571635928,"mc":[{"id":"1.231703222","rc":[{"ltp":3.25,"id":26354928},{"ltp":1.45,"id":26354924}]}]}
{"op":"mcm","clk":"11842189592","pt":1723571695993,"mc":[{"id":"1.231703222","rc":[{"ltp":3.05,"id":26354928},{"ltp":1.49,"id":26354924}]}]}
{"op":"mcm","clk":"11842201460","pt":1723571815852,"mc":[{"id":"1.231703222","rc":[{"ltp":3.1,"id":26354928},{"ltp":1.47,"id":26354924}]}]}
{"op":"mcm","clk":"11842206677","pt":1723571875898,"mc":[{"id":"1.231703222","rc":[{"ltp":3.05,"id":26354928}]}]}
{"op":"mcm","clk":"11842211826","pt":1723571935773,"mc":[{"id":"1.231703222","rc":[{"ltp":3.2,"id":26354928},{"ltp":1.46,"id":26354924}]}]}
{"op":"mcm","clk":"11842217301","pt":1723571996004,"mc":[{"id":"1.231703222","rc":[{"ltp":4.3,"id":26354928},{"ltp":1.3,"id":26354924}]}]}
{"op":"mcm","clk":"11842223569","pt":1723572055974,"mc":[{"id":"1.231703222","rc":[{"ltp":3.5,"id":26354928},{"ltp":1.37,"id":26354924}]}]}
{"op":"mcm","clk":"11842229520","pt":1723572115994,"mc":[{"id":"1.231703222","rc":[{"ltp":3.2,"id":26354928},{"ltp":1.45,"id":26354924}]}]}
{"op":"mcm","clk":"11842234731","pt":1723572175955,"mc":[{"id":"1.231703222","rc":[{"ltp":2.72,"id":26354928},{"ltp":1.58,"id":26354924}]}]}
{"op":"mcm","clk":"11842239896","pt":1723572235994,"mc":[{"id":"1.231703222","rc":[{"ltp":3.55,"id":26354928},{"ltp":1.39,"id":26354924}]}]}
{"op":"mcm","clk":"11842245218","pt":1723572295956,"mc":[{"id":"1.231703222","rc":[{"ltp":3.6,"id":26354928},{"ltp":1.38,"id":26354924}]}]}
{"op":"mcm","clk":"11842257034","pt":1723572415980,"mc":[{"id":"1.231703222","rc":[{"ltp":3.65,"id":26354928}]}]}
{"op":"mcm","clk":"11842263118","pt":1723572475907,"mc":[{"id":"1.231703222","rc":[{"ltp":3.6,"id":26354928}]}]}
{"op":"mcm","clk":"11842269444","pt":1723572535932,"mc":[{"id":"1.231703222","rc":[{"ltp":3.35,"id":26354928},{"ltp":1.42,"id":26354924}]}]}
{"op":"mcm","clk":"11842276278","pt":1723572595985,"mc":[{"id":"1.231703222","rc":[{"ltp":3.55,"id":26354928},{"ltp":1.39,"id":26354924}]}]}
{"op":"mcm","clk":"11842283133","pt":1723572655965,"mc":[{"id":"1.231703222","rc":[{"ltp":3.6,"id":26354928}]}]}
{"op":"mcm","clk":"11842289527","pt":1723572715801,"mc":[{"id":"1.231703222","rc":[{"ltp":3.7,"id":26354928},{"ltp":1.37,"id":26354924}]}]}
{"op":"mcm","clk":"11842304633","pt":1723572775977,"mc":[{"id":"1.231703222","rc":[{"ltp":4.5,"id":26354928},{"ltp":1.28,"id":26354924}]}]}
{"op":"mcm","clk":"11842311242","pt":1723572835938,"mc":[{"id":"1.231703222","rc":[{"ltp":4.4,"id":26354928},{"ltp":1.29,"id":26354924}]}]}
{"op":"mcm","clk":"11842317462","pt":1723572895941,"mc":[{"id":"1.231703222","rc":[{"ltp":4.2,"id":26354928},{"ltp":1.31,"id":26354924}]}]}
{"op":"mcm","clk":"11842323806","pt":1723572955856,"mc":[{"id":"1.231703222","rc":[{"ltp":4.3,"id":26354928},{"ltp":1.3,"id":26354924}]}]}
{"op":"mcm","clk":"11842330108","pt":1723573015965,"mc":[{"id":"1.231703222","rc":[{"ltp":4.0,"id":26354928},{"ltp":1.33,"id":26354924}]}]}
{"op":"mcm","clk":"11842336011","pt":1723573075968,"mc":[{"id":"1.231703222","rc":[{"ltp":4.2,"id":26354928},{"ltp":1.31,"id":26354924}]}]}
{"op":"mcm","clk":"11842341991","pt":1723573135991,"mc":[{"id":"1.231703222","rc":[{"ltp":5.7,"id":26354928},{"ltp":1.21,"id":26354924}]}]}
{"op":"mcm","clk":"11842348279","pt":1723573195971,"mc":[{"id":"1.231703222","rc":[{"ltp":1.22,"id":26354924}]}]}
{"op":"mcm","clk":"11842354516","pt":1723573255955,"mc":[{"id":"1.231703222","rc":[{"ltp":5.6,"id":26354928}]}]}
{"op":"mcm","clk":"11842360516","pt":1723573315970,"mc":[{"id":"1.231703222","rc":[{"ltp":5.7,"id":26354928},{"ltp":1.21,"id":26354924}]}]}
{"op":"mcm","clk":"11842366638","pt":1723573375936,"mc":[{"id":"1.231703222","rc":[{"ltp":6.2,"id":26354928},{"ltp":1.19,"id":26354924}]}]}
{"op":"mcm","clk":"11842391509","pt":1723573615945,"mc":[{"id":"1.231703222","rc":[{"ltp":6.6,"id":26354928},{"ltp":1.18,"id":26354924}]}]}
{"op":"mcm","clk":"11842404081","pt":1723573735751,"mc":[{"id":"1.231703222","rc":[{"ltp":7.4,"id":26354928},{"ltp":1.16,"id":26354924}]}]}
{"op":"mcm","clk":"11842410782","pt":1723573795914,"mc":[{"id":"1.231703222","rc":[{"ltp":15.5,"id":26354928},{"ltp":1.06,"id":26354924}]}]}
{"op":"mcm","clk":"11842418586","pt":1723573855975,"mc":[{"id":"1.231703222","rc":[{"ltp":14.0,"id":26354928},{"ltp":1.07,"id":26354924}]}]}
{"op":"mcm","clk":"11842424734","pt":1723573915943,"mc":[{"id":"1.231703222","rc":[{"ltp":13.0,"id":26354928},{"ltp":1.08,"id":26354924}]}]}
{"op":"mcm","clk":"11842430832","pt":1723573975974,"mc":[{"id":"1.231703222","rc":[{"ltp":11.0,"id":26354928},{"ltp":1.1,"id":26354924}]}]}
{"op":"mcm","clk":"11842443200","pt":1723574095833,"mc":[{"id":"1.231703222","rc":[{"ltp":11.5,"id":26354928},{"ltp":1.09,"id":26354924}]}]}
{"op":"mcm","clk":"11842450413","pt":1723574155791,"mc":[{"id":"1.231703222","rc":[{"ltp":11.0,"id":26354928},{"ltp":1.1,"id":26354924}]}]}
{"op":"mcm","clk":"11842457980","pt":1723574215965,"mc":[{"id":"1.231703222","rc":[{"ltp":10.0,"id":26354928},{"ltp":1.11,"id":26354924}]}]}
{"op":"mcm","clk":"11842471691","pt":1723574335999,"mc":[{"id":"1.231703222","rc":[{"ltp":9.2,"id":26354928},{"ltp":1.13,"id":26354924}]}]}
{"op":"mcm","clk":"11842478250","pt":1723574395974,"mc":[{"id":"1.231703222","rc":[{"ltp":1.12,"id":26354924}]}]}
{"op":"mcm","clk":"11842486586","pt":1723574455748,"mc":[{"id":"1.231703222","rc":[{"ltp":1.11,"id":26354924}]}]}
{"op":"mcm","clk":"11842494425","pt":1723574515937,"mc":[{"id":"1.231703222","rc":[{"ltp":1.12,"id":26354924}]}]}
{"op":"mcm","clk":"11842502616","pt":1723574575992,"mc":[{"id":"1.231703222","rc":[{"ltp":10.0,"id":26354928},{"ltp":1.11,"id":26354924}]}]}
{"op":"mcm","clk":"11842510707","pt":1723574635855,"mc":[{"id":"1.231703222","rc":[{"ltp":8.8,"id":26354928},{"ltp":1.12,"id":26354924}]}]}
{"op":"mcm","clk":"11842519094","pt":1723574695975,"mc":[{"id":"1.231703222","rc":[{"ltp":9.0,"id":26354928},{"ltp":1.13,"id":26354924}]}]}
{"op":"mcm","clk":"11842529095","pt":1723574755929,"mc":[{"id":"1.231703222","rc":[{"ltp":9.2,"id":26354928},{"ltp":1.12,"id":26354924}]}]}
{"op":"mcm","clk":"11842539134","pt":1723574815919,"mc":[{"id":"1.231703222","rc":[{"ltp":10.0,"id":26354928},{"ltp":1.11,"id":26354924}]}]}
{"op":"mcm","clk":"11842548740","pt":1723574875427,"mc":[{"id":"1.231703222","rc":[{"ltp":9.4,"id":26354928},{"ltp":1.12,"id":26354924}]}]}
{"op":"mcm","clk":"11842558786","pt":1723574935902,"mc":[{"id":"1.231703222","rc":[{"ltp":9.2,"id":26354928}]}]}
{"op":"mcm","clk":"11842569121","pt":1723574995966,"mc":[{"id":"1.231703222","rc":[{"ltp":10.0,"id":26354928},{"ltp":1.11,"id":26354924}]}]}
{"op":"mcm","clk":"11842580177","pt":1723575056013,"mc":[{"id":"1.231703222","rc":[{"ltp":8.6,"id":26354928},{"ltp":1.13,"id":26354924}]}]}
{"op":"mcm","clk":"11842590589","pt":1723575116004,"mc":[{"id":"1.231703222","rc":[{"ltp":7.8,"id":26354928},{"ltp":1.14,"id":26354924}]}]}
{"op":"mcm","clk":"11842600947","pt":1723575175946,"mc":[{"id":"1.231703222","rc":[{"ltp":1.15,"id":26354924}]}]}
{"op":"mcm","clk":"11842611313","pt":1723575236002,"mc":[{"id":"1.231703222","rc":[{"ltp":8.4,"id":26354928},{"ltp":1.13,"id":26354924}]}]}
{"op":"mcm","clk":"11842621746","pt":1723575295882,"mc":[{"id":"1.231703222","rc":[{"ltp":8.6,"id":26354928},{"ltp":1.12,"id":26354924}]}]}
{"op":"mcm","clk":"11842632730","pt":1723575355973,"mc":[{"id":"1.231703222","rc":[{"ltp":9.4,"id":26354928}]}]}
{"op":"mcm","clk":"11842643293","pt":1723575415973,"mc":[{"id":"1.231703222","rc":[{"ltp":9.6,"id":26354928},{"ltp":1.11,"id":26354924}]}]}
{"op":"mcm","clk":"11842653779","pt":1723575475739,"mc":[{"id":"1.231703222","rc":[{"ltp":1.12,"id":26354924}]}]}
{"op":"mcm","clk":"11842674771","pt":1723575595741,"mc":[{"id":"1.231703222","rc":[{"ltp":9.8,"id":26354928}]}]}
{"op":"mcm","clk":"11842696719","pt":1723575715980,"mc":[{"id":"1.231703222","rc":[{"ltp":10.0,"id":26354928}]}]}
{"op":"mcm","clk":"11842706752","pt":1723575775985,"mc":[{"id":"1.231703222","rc":[{"ltp":9.8,"id":26354928}]}]}
{"op":"mcm","clk":"11842717332","pt":1723575835924,"mc":[{"id":"1.231703222","rc":[{"ltp":10.0,"id":26354928},{"ltp":1.11,"id":26354924}]}]}
{"op":"mcm","clk":"11842728485","pt":1723575895945,"mc":[{"id":"1.231703222","rc":[{"ltp":9.8,"id":26354928},{"ltp":1.12,"id":26354924}]}]}
{"op":"mcm","clk":"11842762989","pt":1723576075995,"mc":[{"id":"1.231703222","rc":[{"ltp":10.0,"id":26354928}]}]}
{"op":"mcm","clk":"11842773369","pt":1723576136000,"mc":[{"id":"1.231703222","rc":[{"ltp":9.4,"id":26354928}]}]}
{"op":"mcm","clk":"11842784237","pt":1723576195981,"mc":[{"id":"1.231703222","rc":[{"ltp":9.2,"id":26354928}]}]}
{"op":"mcm","clk":"11842795890","pt":1723576255930,"mc":[{"id":"1.231703222","rc":[{"ltp":8.8,"id":26354928},{"ltp":1.13,"id":26354924}]}]}
{"op":"mcm","clk":"11842807329","pt":1723576315812,"mc":[{"id":"1.231703222","rc":[{"ltp":8.6,"id":26354928}]}]}
{"op":"mcm","clk":"11842819070","pt":1723576375939,"mc":[{"id":"1.231703222","rc":[{"ltp":7.8,"id":26354928},{"ltp":1.14,"id":26354924}]}]}
{"op":"mcm","clk":"11842830369","pt":1723576435915,"mc":[{"id":"1.231703222","rc":[{"ltp":9.2,"id":26354928},{"ltp":1.13,"id":26354924}]}]}
{"op":"mcm","clk":"11842841955","pt":1723576495997,"mc":[{"id":"1.231703222","rc":[{"ltp":12.0,"id":26354928},{"ltp":1.09,"id":26354924}]}]}
{"op":"mcm","clk":"11842854359","pt":1723576555958,"mc":[{"id":"1.231703222","rc":[{"ltp":15.0,"id":26354928},{"ltp":1.07,"id":26354924}]}]}
{"op":"mcm","clk":"11842866762","pt":1723576615998,"mc":[{"id":"1.231703222","rc":[{"ltp":18.5,"id":26354928},{"ltp":1.06,"id":26354924}]}]}
{"op":"mcm","clk":"11842878567","pt":1723576675911,"mc":[{"id":"1.231703222","rc":[{"ltp":21.0,"id":26354928},{"ltp":1.05,"id":26354924}]}]}
{"op":"mcm","clk":"11842890456","pt":1723576735969,"mc":[{"id":"1.231703222","rc":[{"ltp":15.5,"id":26354928},{"ltp":1.07,"id":26354924}]}]}
{"op":"mcm","clk":"11842901563","pt":1723576795993,"mc":[{"id":"1.231703222","rc":[{"ltp":17.5,"id":26354928}]}]}
{"op":"mcm","clk":"11842912883","pt":1723576855986,"mc":[{"id":"1.231703222","rc":[{"ltp":27.0,"id":26354928},{"ltp":1.04,"id":26354924}]}]}
{"op":"mcm","clk":"11842923938","pt":1723576915997,"mc":[{"id":"1.231703222","rc":[{"ltp":38.0,"id":26354928},{"ltp":1.03,"id":26354924}]}]}
{"op":"mcm","clk":"11842934677","pt":1723576975914,"mc":[{"id":"1.231703222","rc":[{"ltp":36.0,"id":26354928}]}]}
{"op":"mcm","clk":"11842945652","pt":1723577036004,"mc":[{"id":"1.231703222","rc":[{"ltp":38.0,"id":26354928}]}]}
{"op":"mcm","clk":"11842957199","pt":1723577095958,"mc":[{"id":"1.231703222","rc":[{"ltp":55.0,"id":26354928},{"ltp":1.02,"id":26354924}]}]}
{"op":"mcm","clk":"11842979847","pt":1723577215860,"mc":[{"id":"1.231703222","rc":[{"ltp":100.0,"id":26354928},{"ltp":1.01,"id":26354924}]}]}
{"op":"mcm","clk":"11842990672","pt":1723577276008,"mc":[{"id":"1.231703222","rc":[{"ltp":36.0,"id":26354928},{"ltp":1.02,"id":26354924}]}]}
{"op":"mcm","clk":"11843001282","pt":1723577335867,"mc":[{"id":"1.231703222","rc":[{"ltp":55.0,"id":26354928}]}]}
{"op":"mcm","clk":"11843011218","pt":1723577396009,"mc":[{"id":"1.231703222","rc":[{"ltp":100.0,"id":26354928},{"ltp":1.01,"id":26354924}]}]}
{"op":"mcm","clk":"11843021566","pt":1723577455558,"mc":[{"id":"1.231703222","rc":[{"ltp":95.0,"id":26354928}]}]}
{"op":"mcm","clk":"11843032434","pt":1723577515902,"mc":[{"id":"1.231703222","rc":[{"ltp":75.0,"id":26354928}]}]}
{"op":"mcm","clk":"11843042768","pt":1723577575878,"mc":[{"id":"1.231703222","rc":[{"ltp":100.0,"id":26354928}]}]}
{"op":"mcm","clk":"11843052350","pt":1723577635691,"mc":[{"id":"1.231703222","rc":[{"ltp":1.02,"id":26354924}]}]}
{"op":"mcm","clk":"11843061254","pt":1723577695966,"mc":[{"id":"1.231703222","rc":[{"ltp":1.01,"id":26354924}]}]}
{"op":"mcm","clk":"11843069163","pt":1723577755922,"mc":[{"id":"1.231703222","rc":[{"ltp":110.0,"id":26354928}]}]}
{"op":"mcm","clk":"11843076712","pt":1723577815887,"mc":[{"id":"1.231703222","rc":[{"ltp":160.0,"id":26354928}]}]}
{"op":"mcm","clk":"11843084228","pt":1723577875875,"mc":[{"id":"1.231703222","rc":[{"ltp":200.0,"id":26354928}]}]}
{"op":"mcm","clk":"11843091172","pt":1723577934939,"mc":[{"id":"1.231703222","rc":[{"ltp":500.0,"id":26354928}]}]}
{"op":"mcm","clk":"11843098797","pt":1723577995979,"mc":[{"id":"1.231703222","rc":[{"ltp":700.0,"id":26354928}]}]}
{"op":"mcm","clk":"11843106303","pt":1723578055146,"mc":[{"id":"1.231703222","rc":[{"ltp":810.0,"id":26354928}]}]}
{"op":"mcm","clk":"11843113894","pt":1723578115190,"mc":[{"id":"1.231703222","rc":[{"ltp":1000.0,"id":26354928}]}]}
{"op":"mcm","clk":"11843175567","pt":1723578534194,"mc":[{"id":"1.231703222","rc":[{"ltp":110.0,"id":26354928}]}]}
{"op":"mcm","clk":"11843185256","pt":1723578595521,"mc":[{"id":"1.231703222","rc":[{"ltp":1000.0,"id":26354928}]}]}
{"op":"mcm","clk":"11843261567","pt":1723579074598,"mc":[{"id":"1.231703222","marketDefinition":{"bspMarket":false,"turnInPlayEnabled":true,"persistenceEnabled":true,"marketBaseRate":5.0,"eventId":"33486247","eventTypeId":"4","numberOfWinners":1,"bettingType":"ODDS","marketType":"MATCH_ODDS","marketTime":"2024-08-13T17:30:00.000Z","suspendTime":"2024-08-13T17:30:00.000Z","bspReconciled":false,"complete":true,"inPlay":true,"crossMatching":true,"runnersVoidable":false,"numberOfActiveRunners":2,"betDelay":5,"status":"SUSPENDED","runners":[{"status":"ACTIVE","sortPriority":1,"id":26354924,"name":"Northern Superchargers"},{"status":"ACTIVE","sortPriority":2,"id":26354928,"name":"London Spirit"}],"regulators":["MR_INT"],"countryCode":"GB","discountAllowed":true,"timezone":"GMT","openDate":"2024-08-13T17:30:00.000Z","version":6073610814,"name":"Match Odds","eventName":"Northern Superchargers v London Spirit"}}]}
{"op":"mcm","clk":"11843273673","pt":1723579151163,"mc":[{"id":"1.231703222","marketDefinition":{"bspMarket":false,"turnInPlayEnabled":true,"persistenceEnabled":true,"marketBaseRate":5.0,"eventId":"33486247","eventTypeId":"4","numberOfWinners":1,"bettingType":"ODDS","marketType":"MATCH_ODDS","marketTime":"2024-08-13T17:30:00.000Z","suspendTime":"2024-08-13T17:30:00.000Z","bspReconciled":false,"complete":true,"inPlay":true,"crossMatching":false,"runnersVoidable":false,"numberOfActiveRunners":0,"betDelay":5,"status":"CLOSED","settledTime":"2024-08-13T19:58:18.000Z","runners":[{"status":"WINNER","sortPriority":1,"id":26354924,"name":"Northern Superchargers"},{"status":"LOSER","sortPriority":2,"id":26354928,"name":"London Spirit"}],"regulators":["MR_INT"],"countryCode":"GB","discountAllowed":true,"timezone":"GMT","openDate":"2024-08-13T17:30:00.000Z","version":6073623644,"name":"Match Odds","eventName":"Northern Superchargers v London Spirit"}}]}
