{"op":"mcm","clk":"11876643920","pt":1724078118822,"mc":[{"id":"1.232018919","marketDefinition":{"bspMarket":false,"turnInPlayEnabled":true,"persistenceEnabled":true,"marketBaseRate":5.0,"eventId":"33508296","eventTypeId":"4","numberOfWinners":1,"bettingType":"ODDS","marketType":"MATCH_ODDS","marketTime":"2024-08-20T16:00:00.000Z","suspendTime":"2024-08-20T16:00:00.000Z","bspReconciled":false,"complete":true,"inPlay":false,"crossMatching":true,"runnersVoidable":false,"numberOfActiveRunners":2,"betDelay":0,"status":"OPEN","runners":[{"status":"ACTIVE","sortPriority":1,"id":72857115,"name":"Miami Lions"},{"status":"ACTIVE","sortPriority":2,"id":72857116,"name":"Grand Cayman Stingrays"}],"regulators":["MR_INT"],"countryCode":"GB","discountAllowed":true,"timezone":"GMT","openDate":"2024-08-20T16:00:00.000Z","version":6086446828,"name":"Match Odds","eventName":"Miami Lions v Grand Cayman Stingrays"},"rc":[{"batb":[[0,1.03,200],[1,1.02,200],[2,1.01,220]],"ltp":0.0,"tv":0.0,"id":72857115},{"batb":[[0,1.03,200],[1,1.02,200],[2,1.01,220]],"ltp":0.0,"tv":0.0,"id":72857116}]}]}
{"op":"mcm","clk":"11876916826","pt":1724081447799,"mc":[{"id":"1.232018919","rc":[{"batb":[[2,1.01,480.89]],"ltp":0.0,"tv":0.0,"id":72857115}]}]}
{"op":"mcm","clk":"11876916856","pt":1724081448062,"mc":[{"id":"1.232018919","rc":[{"batb":[[2,1.01,480.89]],"ltp":0.0,"tv":0.0,"id":72857116}]}]}
{"op":"mcm","clk":"11876968428","pt":1724082039694,"mc":[{"id":"1.232018919","rc":[{"batb":[[0,1.11,24.82],[1,1.03,200],[2,1.02,200]],"ltp":0.0,"tv":0.0,"id":72857115}]}]}
{"op":"mcm","clk":"11876969646","pt":1724082052905,"mc":[{"id":"1.232018919","rc":[{"batb":[[0,1.11,24.82],[1,1.03,200],[2,1.02,200]],"ltp":0.0,"tv":0.0,"id":72857116}]}]}
{"op":"mcm","clk":"11876971656","pt":1724082075045,"mc":[{"id":"1.232018919","rc":[{"batb":[[0,1.12,71.37],[1,1.11,24.82],[2,1.03,200]],"ltp":0.0,"tv":0.0,"id":72857115},{"batb":[[0,1.12,71.37],[1,1.11,24.82],[2,1.03,200]],"ltp":0.0,"tv":0.0,"id":72857116}]}]}
{"op":"mcm","clk":"11877049445","pt":1724082941373,"mc":[{"id":"1.232018919","rc":[{"batb":[[0,1.2,250],[1,1.12,71.37],[2,1.11,24.82]],"ltp":0.0,"tv":0.0,"id":72857115}]}]}
{"op":"mcm","clk":"11877049529","pt":1724082942142,"mc":[{"id":"1.232018919","rc":[{"batb":[[0,1.2,250],[1,1.12,71.37],[2,1.11,24.82]],"ltp":0.0,"tv":0.0,"id":72857116}]}]}
{"op":"mcm","clk":"11877134755","pt":1724083876219,"mc":[{"id":"1.232018919","rc":[{"batb":[[1,1.11,24.83],[2,1.03,200]],"ltp":0.0,"tv":0.0,"id":72857115},{"batb":[[1,1.11,24.83],[2,1.03,200]],"ltp":0.0,"tv":0.0,"id":72857116}]}]}
{"op":"mcm","clk":"11877138187","pt":1724083913864,"mc":[{"id":"1.232018919","rc":[{"batb":[[0,1.21,40.81],[1,1.2,250],[2,1.11,24.83]],"ltp":0.0,"tv":0.0,"id":72857115},{"batb":[[0,1.21,40.81],[1,1.2,250],[2,1.11,24.83]],"ltp":0.0,"tv":0.0,"id":72857116}]}]}
{"op":"mcm","clk":"11877155690","pt":1724083996426,"mc":[{"id":"1.232018919","rc":[{"batb":[[0,1.22,5.99],[1,1.21,40.81],[2,1.2,250]],"ltp":0.0,"tv":0.0,"id":72857115}]}]}
{"op":"mcm","clk":"11877155731","pt":1724083996849,"mc":[{"id":"1.232018919","rc":[{"batb":[[0,1.22,7.15],[1,1.21,40.81],[2,1.2,250]],"ltp":0.0,"tv":0.0,"id":72857116}]}]}
{"op":"mcm","clk":"11877170862","pt":1724084166513,"mc":[{"id":"1.232018919","rc":[{"batb":[[0,1.22,6.53]],"ltp":0.0,"tv":0.0,"id":72857115}]}]}
{"op":"mcm","clk":"11877171878","pt":1724084176840,"mc":[{"id":"1.232018919","rc":[{"batb":[[0,1.22,7.69]],"ltp":0.0,"tv":0.0,"id":72857116}]}]}
{"op":"mcm","clk":"11877314204","pt":1724085714822,"mc":[{"id":"1.232018919","rc":[{"batb":[[1,1.2,250],[2,1.11,24.83]],"ltp":0.0,"tv":0.0,"id":72857116}]}]}
{"op":"mcm","clk":"11877314224","pt":1724085715027,"mc":[{"id":"1.232018919","rc":[{"batb":[[1,1.2,250],[2,1.11,24.83]],"ltp":0.0,"tv":0.0,"id":72857115}]}]}
{"op":"mcm","clk":"11877318079","pt":1724085755731,"mc":[{"id":"1.232018919","rc":[{"batb":[[0,1.23,37.8],[1,1.22,5.99],[2,1.2,250]],"ltp":0.0,"tv":0.0,"id":72857115},{"batb":[[0,1.23,37.8],[1,1.22,7.15],[2,1.2,250]],"ltp":0.0,"tv":0.0,"id":72857116}]}]}
{"op":"mcm","clk":"11877403991","pt":1724086748501,"mc":[{"id":"1.232018919","rc":[{"batb":[[0,1.24,6.53],[1,1.23,37.26]],"ltp":0.0,"tv":0.0,"id":72857115},{"batb":[[0,1.24,7.69],[1,1.23,37.26]],"ltp":0.0,"tv":0.0,"id":72857116}]}]}
{"op":"mcm","clk":"11877493498","pt":1724087556388,"mc":[{"id":"1.232018919","rc":[{"batb":[[1,1.2,250],[2,1.11,24.84]],"ltp":0.0,"tv":0.0,"id":72857115},{"batb":[[1,1.2,250],[2,1.11,24.84]],"ltp":0.0,"tv":0.0,"id":72857116}]}]}
{"op":"mcm","clk":"11877495775","pt":1724087576118,"mc":[{"id":"1.232018919","rc":[{"batb":[[0,1.25,34.83],[1,1.24,5.99],[2,1.2,250]],"ltp":0.0,"tv":0.0,"id":72857115},{"batb":[[0,1.25,34.83],[1,1.24,7.15],[2,1.2,250]],"ltp":0.0,"tv":0.0,"id":72857116}]}]}
{"op":"mcm","clk":"11877541774","pt":1724087982459,"mc":[{"id":"1.232018919","rc":[{"batb":[[0,1.26,2.06],[1,1.25,34.29],[2,1.24,5.99]],"ltp":0.0,"tv":0.0,"id":72857115}]}]}
{"op":"mcm","clk":"11877542165","pt":1724087986077,"mc":[{"id":"1.232018919","rc":[{"trd":[[1.26,3.05],[1.4,1.08]],"batb":[[0,1.25,34.29],[1,1.24,5.99],[2,1.2,250]],"batl":[[0,1.26,0.25]],"ltp":1.26,"tv":4.12,"id":72857115}],"tv":4.12}]}
{"op":"mcm","clk":"11877544357","pt":1724088005475,"mc":[{"id":"1.232018919","rc":[{"batb":[[0,1.26,7.7],[1,1.25,34.29],[2,1.24,7.15]],"ltp":0.0,"tv":0.0,"id":72857116}]}]}
{"op":"mcm","clk":"11877545020","pt":1724088010898,"mc":[{"id":"1.232018919","rc":[{"trd":[[1.26,14.33],[1.4,1.08]],"batb":[[0,1.25,34.29],[1,1.24,7.15],[2,1.2,250]],"batl":[[0,1.26,0.77]],"ltp":1.26,"tv":15.4,"id":72857116}],"tv":19.52}]}
{"op":"mcm","clk":"11877546853","pt":1724088027889,"mc":[{"id":"1.232018919","rc":[{"batb":[[0,1.26,26.87],[1,1.25,34.29],[2,1.24,5.99]],"ltp":1.26,"tv":4.12,"id":72857115}]}]}
{"op":"mcm","clk":"11877547420","pt":1724088033017,"mc":[{"id":"1.232018919","rc":[{"trd":[[1.26,56.78]],"batb":[[0,1.25,34.29],[1,1.24,5.99],[2,1.2,250]],"batl":[[0,1.26,0.09]],"ltp":1.26,"tv":57.85,"id":72857115}],"tv":73.26}]}
{"op":"mcm","clk":"11877549601","pt":1724088051543,"mc":[{"id":"1.232018919","rc":[{"batb":[[0,1.26,98.51],[1,1.25,34.29],[2,1.24,7.15]],"ltp":1.26,"tv":15.4,"id":72857116}]}]}
{"op":"mcm","clk":"11877550187","pt":1724088056325,"mc":[{"id":"1.232018919","rc":[{"trd":[[1.26,211.34]],"batb":[[0,1.25,34.29],[1,1.24,7.15],[2,1.2,250]],"batl":[[0,1.26,0.09]],"ltp":1.26,"tv":212.41,"id":72857116}],"tv":270.27}]}
{"op":"mcm","clk":"11877551346","pt":1724088065840,"mc":[{"id":"1.232018919","rc":[{"batb":[[0,1.25,34.83]],"ltp":1.26,"tv":212.41,"id":72857116}]}]}
{"op":"mcm","clk":"11877552545","pt":1724088075887,"mc":[{"id":"1.232018919","rc":[{"batb":[[0,1.25,34.83]],"ltp":1.26,"tv":57.85,"id":72857115}]}]}
{"op":"mcm","clk":"11877553552","pt":1724088083951,"mc":[{"id":"1.232018919","rc":[{"batb":[[0,1.26,376.66],[1,1.25,34.29],[2,1.24,5.99]],"ltp":1.26,"tv":57.85,"id":72857115}]}]}
{"op":"mcm","clk":"11877554538","pt":1724088092173,"mc":[{"id":"1.232018919","rc":[{"trd":[[1.26,809.02],[1.4,2.15]],"batb":[[0,1.25,34.29],[1,1.24,5.99],[2,1.2,250]],"batl":[[0,1.26,0.02]],"ltp":1.26,"tv":811.17,"id":72857115}],"tv":1023.59}]}
{"op":"mcm","clk":"11877555896","pt":1724088103467,"mc":[{"id":"1.232018919","rc":[{"batb":[[0,1.25,34.83]],"ltp":1.26,"tv":811.17,"id":72857115}]}]}
{"op":"mcm","clk":"11877558900","pt":1724088129548,"mc":[{"id":"1.232018919","rc":[{"batb":[[0,1.26,394.57],[1,1.25,34.29],[2,1.24,7.15]],"ltp":1.26,"tv":212.41,"id":72857116}]}]}
{"op":"mcm","clk":"11877559728","pt":1724088137220,"mc":[{"id":"1.232018919","rc":[{"trd":[[1.26,999.4],[1.4,2.15]],"batb":[[0,1.25,34.29],[1,1.24,7.15],[2,1.2,250]],"batl":[[0,1.26,0.59]],"ltp":1.26,"tv":1001.55,"id":72857116}],"tv":1812.73}]}
{"op":"mcm","clk":"11877563722","pt":1724088171908,"mc":[{"id":"1.232018919","rc":[{"batb":[[0,1.26,97.25],[1,1.25,34.29],[2,1.24,5.99]],"ltp":1.26,"tv":811.17,"id":72857115}]}]}
{"op":"mcm","clk":"11877564468","pt":1724088178505,"mc":[{"id":"1.232018919","rc":[{"trd":[[1.26,1002.06],[1.4,3.23]],"batb":[[0,1.25,34.49],[1,1.24,5.99],[2,1.2,250]],"ltp":1.26,"tv":1005.28,"id":72857115}],"tv":2006.84}]}
{"op":"mcm","clk":"11877565427","pt":1724088186501,"mc":[{"id":"1.232018919","rc":[{"batb":[[0,1.25,34.83]],"ltp":1.26,"tv":1001.55,"id":72857116}]}]}
{"op":"mcm","clk":"11877566615","pt":1724088196804,"mc":[{"id":"1.232018919","rc":[{"batb":[[0,1.25,35.03]],"ltp":1.26,"tv":1005.28,"id":72857115}]}]}
{"op":"mcm","clk":"11877567130","pt":1724088201036,"mc":[{"id":"1.232018919","rc":[{"batb":[[0,1.25,34.83]],"ltp":1.26,"tv":1005.28,"id":72857115}]}]}
{"op":"mcm","clk":"11877648178","pt":1724088932302,"mc":[{"id":"1.232018919","rc":[{"batb":[[0,1.4,2.08],[1,1.25,34.29],[2,1.24,7.15]],"ltp":1.26,"tv":1001.55,"id":72857116}]}]}
{"op":"mcm","clk":"11877648587","pt":1724088936000,"mc":[{"id":"1.232018919","rc":[{"batb":[[0,1.25,34.83],[1,1.24,7.15],[2,1.2,250]],"ltp":1.26,"tv":1001.55,"id":72857116}]}]}
{"op":"mcm","clk":"11877652203","pt":1724088968429,"mc":[{"id":"1.232018919","rc":[{"batl":[[0,1.5,1.54]],"ltp":1.26,"tv":1001.55,"id":72857116}]}]}
{"op":"mcm","clk":"11877653871","pt":1724088983084,"mc":[{"id":"1.232018919","rc":[{"batb":[[0,1.5,1.54],[1,1.25,34.83],[2,1.24,7.15]],"ltp":1.26,"tv":1001.55,"id":72857116}]}]}
{"op":"mcm","clk":"11877654154","pt":1724088985334,"mc":[{"id":"1.232018919","rc":[{"batb":[[0,1.25,34.83],[1,1.24,7.15],[2,1.2,250]],"ltp":1.26,"tv":1001.55,"id":72857116}]}]}
{"op":"mcm","clk":"11877660355","pt":1724089037996,"mc":[{"id":"1.232018919","rc":[{"batb":[[0,1.5,1.54],[1,1.25,34.83],[2,1.24,7.15]],"ltp":1.26,"tv":1001.55,"id":72857116}]}]}
{"op":"mcm","clk":"11877660466","pt":1724089039035,"mc":[{"id":"1.232018919","rc":[{"trd":[[1.5,3.08]],"batb":[[0,1.25,34.83],[1,1.24,7.15],[2,1.2,250]],"ltp":1.5,"tv":1004.63,"id":72857116}],"tv":2009.92}]}
{"op":"mcm","clk":"11877664759","pt":1724089074775,"mc":[{"id":"1.232018919","rc":[{"trd":[[1.5,6.16]],"ltp":1.5,"tv":1007.71,"id":72857116}],"tv":2013.0}]}
{"op":"mcm","clk":"11877667092","pt":1724089093591,"mc":[{"id":"1.232018919","rc":[{"batb":[[0,1.26,14.54],[1,1.25,34.29],[2,1.24,5.99]],"batl":[[0,3.5,35.82]],"ltp":1.26,"tv":1005.28,"id":72857115}]}]}
{"op":"mcm","clk":"11877667364","pt":1724089095871,"mc":[{"id":"1.232018919","rc":[{"batb":[[0,1.26,10.54]],"ltp":1.26,"tv":1005.28,"id":72857115}]}]}
{"op":"mcm","clk":"11877667482","pt":1724089096878,"mc":[{"id":"1.232018919","rc":[{"batb":[[0,1.25,34.83],[1,1.24,5.99],[2,1.2,250]],"ltp":1.26,"tv":1005.28,"id":72857115}]}]}
{"op":"mcm","clk":"11877667782","pt":1724089099599,"mc":[{"id":"1.232018919","rc":[{"batb":[[0,1.26,14.54],[1,1.25,34.29],[2,1.24,5.99]],"ltp":1.26,"tv":1005.28,"id":72857115}]}]}
{"op":"mcm","clk":"11877668154","pt":1724089102302,"mc":[{"id":"1.232018919","rc":[{"batb":[[0,1.26,10.54]],"ltp":1.26,"tv":1005.28,"id":72857115}]}]}
{"op":"mcm","clk":"11877668286","pt":1724089103306,"mc":[{"id":"1.232018919","rc":[{"batb":[[0,1.25,34.83],[1,1.24,5.99],[2,1.2,250]],"ltp":1.26,"tv":1005.28,"id":72857115}]}]}
{"op":"mcm","clk":"11877670126","pt":1724089115117,"mc":[{"id":"1.232018919","rc":[{"batb":[[0,1.26,14.54],[1,1.25,34.29],[2,1.24,5.99]],"ltp":1.26,"tv":1005.28,"id":72857115}]}]}
{"op":"mcm","clk":"11877670567","pt":1724089118632,"mc":[{"id":"1.232018919","rc":[{"batb":[[0,1.25,34.83],[1,1.24,5.99],[2,1.2,250]],"ltp":1.26,"tv":1005.28,"id":72857115}]}]}
{"op":"mcm","clk":"11877671072","pt":1724089122529,"mc":[{"id":"1.232018919","rc":[{"batb":[[0,1.26,14.54],[1,1.25,34.29],[2,1.24,5.99]],"ltp":1.26,"tv":1005.28,"id":72857115}]}]}
{"op":"mcm","clk":"11877671447","pt":1724089125321,"mc":[{"id":"1.232018919","rc":[{"batb":[[0,1.26,10.54]],"ltp":1.26,"tv":1005.28,"id":72857115}]}]}
{"op":"mcm","clk":"11877671566","pt":1724089126319,"mc":[{"id":"1.232018919","rc":[{"batb":[[0,1.25,34.83],[1,1.24,5.99],[2,1.2,250]],"ltp":1.26,"tv":1005.28,"id":72857115}]}]}
{"op":"mcm","clk":"11877671828","pt":1724089128330,"mc":[{"id":"1.232018919","rc":[{"batb":[[0,1.26,4.54],[1,1.25,34.29],[2,1.24,5.99]],"ltp":1.26,"tv":1005.28,"id":72857115}]}]}
{"op":"mcm","clk":"11877671899","pt":1724089128938,"mc":[{"id":"1.232018919","rc":[{"batb":[[0,1.27,10.54],[1,1.26,4],[2,1.25,34.29]],"ltp":1.26,"tv":1005.28,"id":72857115}]}]}
{"op":"mcm","clk":"11877672180","pt":1724089131237,"mc":[{"id":"1.232018919","rc":[{"batb":[[1,1.25,34.29],[2,1.24,5.99]],"ltp":1.26,"tv":1005.28,"id":72857115}]}]}
{"op":"mcm","clk":"11877672321","pt":1724089132436,"mc":[{"id":"1.232018919","rc":[{"batb":[[0,1.25,34.83],[1,1.24,5.99],[2,1.2,250]],"ltp":1.26,"tv":1005.28,"id":72857115}]}]}
{"op":"mcm","clk":"11877672571","pt":1724089134447,"mc":[{"id":"1.232018919","rc":[{"batb":[[0,1.26,4.54],[1,1.25,34.29],[2,1.24,5.99]],"ltp":1.26,"tv":1005.28,"id":72857115}]}]}
{"op":"mcm","clk":"11877672794","pt":1724089136235,"mc":[{"id":"1.232018919","rc":[{"batb":[[0,1.27,10.54],[1,1.26,4],[2,1.25,34.29]],"ltp":1.26,"tv":1005.28,"id":72857115},{"trd":[[1.5,529.96]],"ltp":1.5,"tv":1531.51,"id":72857116}],"tv":2536.8}]}
{"op":"mcm","clk":"11877672909","pt":1724089137030,"mc":[{"id":"1.232018919","rc":[{"batb":[[1,1.25,34.29],[2,1.24,5.99]],"ltp":1.26,"tv":1005.28,"id":72857115}]}]}
{"op":"mcm","clk":"11877673230","pt":1724089139530,"mc":[{"id":"1.232018919","rc":[{"batb":[[0,1.26,4.54]],"ltp":1.26,"tv":1005.28,"id":72857115}]}]}
{"op":"mcm","clk":"11877673551","pt":1724089142049,"mc":[{"id":"1.232018919","rc":[{"batb":[[0,1.27,10.54]],"ltp":1.26,"tv":1005.28,"id":72857115}]}]}
{"op":"mcm","clk":"11877674028","pt":1724089145570,"mc":[{"id":"1.232018919","rc":[{"batb":[[0,1.25,34.83],[1,1.24,5.99],[2,1.2,250]],"ltp":1.26,"tv":1005.28,"id":72857115}]}]}
{"op":"mcm","clk":"11877674069","pt":1724089145840,"mc":[{"id":"1.232018919","rc":[{"batb":[[0,1.26,4.54],[1,1.25,34.29],[2,1.24,5.99]],"ltp":1.26,"tv":1005.28,"id":72857115}]}]}
{"op":"mcm","clk":"11877674396","pt":1724089148565,"mc":[{"id":"1.232018919","rc":[{"batb":[[0,1.26,10.54]],"ltp":1.26,"tv":1005.28,"id":72857115}]}]}
{"op":"mcm","clk":"11877674834","pt":1724089152242,"mc":[{"id":"1.232018919","rc":[{"batb":[[0,1.26,4.54]],"ltp":1.26,"tv":1005.28,"id":72857115}]}]}
{"op":"mcm","clk":"11877675131","pt":1724089154462,"mc":[{"id":"1.232018919","rc":[{"batb":[[0,1.27,10.54]],"ltp":1.26,"tv":1005.28,"id":72857115}]}]}
{"op":"mcm","clk":"11877675394","pt":1724089156656,"mc":[{"id":"1.232018919","rc":[{"batb":[[0,1.28,4.54],[1,1.27,10],[2,1.25,34.29]],"ltp":1.26,"tv":1005.28,"id":72857115},{"batb":[[0,1.26,14.54],[1,1.25,34.29],[2,1.24,7.15]],"batl":[[0,3.4,35.82]],"ltp":1.5,"tv":1531.51,"id":72857116}]}]}
{"op":"mcm","clk":"11877675575","pt":1724089158175,"mc":[{"id":"1.232018919","rc":[{"batb":[[1,1.25,34.29],[2,1.24,5.99]],"ltp":1.26,"tv":1005.28,"id":72857115}]}]}
{"op":"mcm","clk":"11877675674","pt":1724089158966,"mc":[{"id":"1.232018919","rc":[{"batb":[[0,1.25,34.83],[1,1.24,5.99],[2,1.2,250]],"ltp":1.26,"tv":1005.28,"id":72857115},{"batb":[[0,1.26,10.54]],"ltp":1.5,"tv":1531.51,"id":72857116}]}]}
{"op":"mcm","clk":"11877675889","pt":1724089160665,"mc":[{"id":"1.232018919","rc":[{"batb":[[0,1.26,10.54],[1,1.25,34.29],[2,1.24,5.99]],"ltp":1.26,"tv":1005.28,"id":72857115},{"trd":[[1.5,1053.77]],"batb":[[0,1.25,34.83],[1,1.24,7.15],[2,1.2,250]],"ltp":1.5,"tv":2055.32,"id":72857116}],"tv":3060.6}]}
{"op":"mcm","clk":"11877676170","pt":1724089163168,"mc":[{"id":"1.232018919","rc":[{"batb":[[0,1.27,4.54],[1,1.26,10],[2,1.25,34.29]],"ltp":1.26,"tv":1005.28,"id":72857115},{"batb":[[0,1.26,14.54],[1,1.25,34.29],[2,1.24,7.15]],"ltp":1.5,"tv":2055.32,"id":72857116}]}]}
{"op":"mcm","clk":"11877676283","pt":1724089164065,"mc":[{"id":"1.232018919","rc":[{"batb":[[1,1.25,34.29],[2,1.24,5.99]],"ltp":1.26,"tv":1005.28,"id":72857115}]}]}
{"op":"mcm","clk":"11877676497","pt":1724089165959,"mc":[{"id":"1.232018919","rc":[{"batb":[[0,1.25,34.83],[1,1.24,5.99],[2,1.2,250]],"ltp":1.26,"tv":1005.28,"id":72857115},{"batb":[[0,1.26,10.54]],"ltp":1.5,"tv":2055.32,"id":72857116}]}]}
{"op":"mcm","clk":"11877676670","pt":1724089167158,"mc":[{"id":"1.232018919","rc":[{"batb":[[0,1.26,10.54],[1,1.25,34.29],[2,1.24,5.99]],"ltp":1.26,"tv":1005.28,"id":72857115},{"batb":[[0,1.25,34.83],[1,1.24,7.15],[2,1.2,250]],"ltp":1.5,"tv":2055.32,"id":72857116}]}]}
{"op":"mcm","clk":"11877676858","pt":1724089168684,"mc":[{"id":"1.232018919","rc":[{"batb":[[0,1.27,4.54],[1,1.26,10],[2,1.25,34.29]],"ltp":1.26,"tv":1005.28,"id":72857115},{"batb":[[0,1.26,4.54],[1,1.25,34.29],[2,1.24,7.15]],"ltp":1.5,"tv":2055.32,"id":72857116}]}]}
{"op":"mcm","clk":"11877677107","pt":1724089170792,"mc":[{"id":"1.232018919","rc":[{"batb":[[1,1.25,34.29],[2,1.24,5.99]],"ltp":1.26,"tv":1005.28,"id":72857115},{"batb":[[0,1.27,10.54],[1,1.26,4],[2,1.25,34.29]],"ltp":1.5,"tv":2055.32,"id":72857116}]}]}
{"op":"mcm","clk":"11877677131","pt":1724089170951,"mc":[{"id":"1.232018919","rc":[{"batb":[[0,1.25,34.83],[1,1.24,5.99],[2,1.2,250]],"ltp":1.26,"tv":1005.28,"id":72857115},{"batb":[[1,1.25,34.29],[2,1.24,7.15]],"ltp":1.5,"tv":2055.32,"id":72857116}]}]}
{"op":"mcm","clk":"11877677466","pt":1724089173469,"mc":[{"id":"1.232018919","rc":[{"batb":[[0,1.26,14.54],[1,1.25,34.29],[2,1.24,5.99]],"ltp":1.26,"tv":1005.28,"id":72857115},{"batb":[[0,1.28,4.54],[1,1.27,10],[2,1.25,34.29]],"ltp":1.5,"tv":2055.32,"id":72857116}]}]}
{"op":"mcm","clk":"11877677547","pt":1724089173996,"mc":[{"id":"1.232018919","rc":[{"batb":[[1,1.25,34.29],[2,1.24,7.15]],"ltp":1.5,"tv":2055.32,"id":72857116}]}]}
{"op":"mcm","clk":"11877677768","pt":1724089175788,"mc":[{"id":"1.232018919","rc":[{"batb":[[0,1.26,10.54]],"ltp":1.26,"tv":1005.28,"id":72857115},{"batb":[[0,1.25,34.83],[1,1.24,7.15],[2,1.2,250]],"ltp":1.5,"tv":2055.32,"id":72857116}]}]}
{"op":"mcm","clk":"11877677934","pt":1724089177051,"mc":[{"id":"1.232018919","rc":[{"batb":[[0,1.25,34.83],[1,1.24,5.99],[2,1.2,250]],"ltp":1.26,"tv":1005.28,"id":72857115},{"batb":[[0,1.26,10.54],[1,1.25,34.29],[2,1.24,7.15]],"ltp":1.5,"tv":2055.32,"id":72857116}]}]}
{"op":"mcm","clk":"11877678124","pt":1724089178499,"mc":[{"id":"1.232018919","rc":[{"batb":[[0,1.26,4.54],[1,1.25,34.29],[2,1.24,5.99]],"ltp":1.26,"tv":1005.28,"id":72857115},{"batb":[[0,1.27,4.54],[1,1.26,10],[2,1.25,34.29]],"ltp":1.5,"tv":2055.32,"id":72857116}]}]}
{"op":"mcm","clk":"11877678389","pt":1724089180679,"mc":[{"id":"1.232018919","rc":[{"batb":[[0,1.27,10.54]],"batl":[[0,3,35.82]],"ltp":1.26,"tv":1005.28,"id":72857115},{"batb":[[0,1.25,34.83],[1,1.24,7.15],[2,1.2,250]],"ltp":1.5,"tv":2055.32,"id":72857116}]}]}
{"op":"mcm","clk":"11877678724","pt":1724089183566,"mc":[{"id":"1.232018919","rc":[{"batb":[[0,1.25,34.83],[1,1.24,5.99],[2,1.2,250]],"ltp":1.26,"tv":1005.28,"id":72857115}]}]}
{"op":"mcm","clk":"11877678781","pt":1724089183998,"mc":[{"id":"1.232018919","rc":[{"batb":[[0,1.26,4.54],[1,1.25,34.29],[2,1.24,5.99]],"ltp":1.26,"tv":1005.28,"id":72857115},{"batb":[[0,1.26,14.54],[1,1.25,34.29],[2,1.24,7.15]],"ltp":1.5,"tv":2055.32,"id":72857116}]}]}
{"op":"mcm","clk":"11877679092","pt":1724089186782,"mc":[{"id":"1.232018919","rc":[{"batb":[[0,1.26,10.54]],"ltp":1.26,"tv":1005.28,"id":72857115},{"batb":[[0,1.26,10.54]],"ltp":1.5,"tv":2055.32,"id":72857116}]}]}
{"op":"mcm","clk":"11877679170","pt":1724089187515,"mc":[{"id":"1.232018919","rc":[{"batb":[[0,1.25,34.83],[1,1.24,7.15],[2,1.2,250]],"ltp":1.5,"tv":2055.32,"id":72857116}]}]}
{"op":"mcm","clk":"11877679324","pt":1724089188779,"mc":[{"id":"1.232018919","rc":[{"batb":[[0,1.27,4.54],[1,1.26,10],[2,1.25,34.29]],"ltp":1.26,"tv":1005.28,"id":72857115},{"batb":[[0,1.26,4.54],[1,1.25,34.29],[2,1.24,7.15]],"batl":[[0,3,35.82]],"ltp":1.5,"tv":2055.32,"id":72857116}]}]}
{"op":"mcm","clk":"11877679502","pt":1724089190296,"mc":[{"id":"1.232018919","rc":[{"batb":[[1,1.25,34.29],[2,1.24,5.99]],"ltp":1.26,"tv":1005.28,"id":72857115},{"batb":[[0,1.27,10.54],[1,1.26,4],[2,1.25,34.29]],"ltp":1.5,"tv":2055.32,"id":72857116}]}]}
{"op":"mcm","clk":"11877679635","pt":1724089191313,"mc":[{"id":"1.232018919","rc":[{"batb":[[0,1.25,34.83],[1,1.24,5.99],[2,1.2,250]],"ltp":1.26,"tv":1005.28,"id":72857115},{"batb":[[1,1.25,34.29],[2,1.24,7.15]],"ltp":1.5,"tv":2055.32,"id":72857116}]}]}
{"op":"mcm","clk":"11877679975","pt":1724089193796,"mc":[{"id":"1.232018919","rc":[{"batb":[[0,1.26,10.54],[1,1.25,34.29],[2,1.24,5.99]],"ltp":1.26,"tv":1005.28,"id":72857115},{"batb":[[0,1.25,34.83],[1,1.24,7.15],[2,1.2,250]],"ltp":1.5,"tv":2055.32,"id":72857116}]}]}
{"op":"mcm","clk":"11877680029","pt":1724089194219,"mc":[{"id":"1.232018919","rc":[{"batb":[[0,1.27,4.54],[1,1.26,10],[2,1.25,34.29]],"ltp":1.26,"tv":1005.28,"id":72857115},{"batb":[[0,1.26,4.54],[1,1.25,34.29],[2,1.24,7.15]],"ltp":1.5,"tv":2055.32,"id":72857116}]}]}
{"op":"mcm","clk":"11877680228","pt":1724089195627,"mc":[{"id":"1.232018919","rc":[{"batb":[[0,1.6,1.54],[1,1.26,4.54],[2,1.25,34.29]],"ltp":1.5,"tv":2055.32,"id":72857116}]}]}
{"op":"mcm","clk":"11877680359","pt":1724089196714,"mc":[{"id":"1.232018919","rc":[{"batb":[[0,1.25,34.83],[1,1.24,5.99],[2,1.2,250]],"ltp":1.26,"tv":1005.28,"id":72857115},{"batb":[[1,1.25,34.83],[2,1.24,7.15]],"ltp":1.5,"tv":2055.32,"id":72857116}]}]}
{"op":"mcm","clk":"11877680598","pt":1724089198609,"mc":[{"id":"1.232018919","rc":[{"batb":[[0,1.26,4.54],[1,1.25,34.29],[2,1.24,5.99]],"ltp":1.26,"tv":1005.28,"id":72857115},{"batb":[[0,1.26,10.54],[1,1.25,34.29]],"ltp":1.5,"tv":2055.32,"id":72857116}]}]}
{"op":"mcm","clk":"11877680964","pt":1724089201532,"mc":[{"id":"1.232018919","rc":[{"batb":[[0,1.26,10.54]],"ltp":1.26,"tv":1005.28,"id":72857115},{"batb":[[0,1.27,4.54],[1,1.26,10],[2,1.25,34.29]],"ltp":1.5,"tv":2055.32,"id":72857116}]}]}
{"op":"mcm","clk":"11877681036","pt":1724089202019,"mc":[{"id":"1.232018919","rc":[{"batb":[[1,1.25,34.29],[2,1.24,7.15]],"ltp":1.5,"tv":2055.32,"id":72857116}]}]}
{"op":"mcm","clk":"11877681383","pt":1724089204769,"mc":[{"id":"1.232018919","rc":[{"batb":[[0,1.27,4.54],[1,1.26,10],[2,1.25,34.29]],"ltp":1.26,"tv":1005.28,"id":72857115},{"batb":[[0,1.26,10.54]],"batl":[[0,1.6,1.54],[1,3,35.82]],"ltp":1.5,"tv":2055.32,"id":72857116}]}]}
{"op":"mcm","clk":"11877681409","pt":1724089204982,"mc":[{"id":"1.232018919","rc":[{"batb":[[1,1.25,34.29],[2,1.24,5.99]],"ltp":1.26,"tv":1005.28,"id":72857115}]}]}
{"op":"mcm","clk":"11877681609","pt":1724089206562,"mc":[{"id":"1.232018919","rc":[{"batb":[[0,1.25,34.83],[1,1.24,5.99],[2,1.2,250]],"ltp":1.26,"tv":1005.28,"id":72857115}]}]}
{"op":"mcm","clk":"11877681733","pt":1724089207564,"mc":[{"id":"1.232018919","rc":[{"batb":[[0,1.26,10.54],[1,1.25,34.29],[2,1.24,5.99]],"ltp":1.26,"tv":1005.28,"id":72857115},{"batb":[[0,1.27,4.54]],"batl":[[0,3,35.82],[1,3,0]],"ltp":1.5,"tv":2055.32,"id":72857116}]}]}
{"op":"mcm","clk":"11877681959","pt":1724089209455,"mc":[{"id":"1.232018919","rc":[{"batb":[[0,1.27,4.54],[1,1.26,10],[2,1.25,34.29]],"ltp":1.26,"tv":1005.28,"id":72857115},{"batb":[[0,1.25,34.83],[1,1.24,7.15],[2,1.2,250]],"ltp":1.5,"tv":2055.32,"id":72857116}]}]}
{"op":"mcm","clk":"11877682147","pt":1724089210762,"mc":[{"id":"1.232018919","rc":[{"batb":[[1,1.25,34.29],[2,1.24,5.99]],"ltp":1.26,"tv":1005.28,"id":72857115},{"batb":[[0,1.26,10.54],[1,1.25,34.29],[2,1.24,7.15]],"ltp":1.5,"tv":2055.32,"id":72857116}]}]}
{"op":"mcm","clk":"11877682343","pt":1724089212291,"mc":[{"id":"1.232018919","rc":[{"batb":[[0,1.25,34.83],[1,1.24,5.99],[2,1.2,250]],"ltp":1.26,"tv":1005.28,"id":72857115},{"batb":[[0,1.27,4.54],[1,1.26,10],[2,1.25,34.29]],"ltp":1.5,"tv":2055.32,"id":72857116}]}]}
{"op":"mcm","clk":"11877682632","pt":1724089214558,"mc":[{"id":"1.232018919","rc":[{"batb":[[0,1.26,14.54],[1,1.25,34.29],[2,1.24,5.99]],"ltp":1.26,"tv":1005.28,"id":72857115},{"batb":[[0,1.25,34.83],[1,1.24,7.15],[2,1.2,250]],"ltp":1.5,"tv":2055.32,"id":72857116}]}]}
{"op":"mcm","clk":"11877682993","pt":1724089217292,"mc":[{"id":"1.232018919","rc":[{"batb":[[0,1.26,10.54]],"ltp":1.26,"tv":1005.28,"id":72857115},{"batb":[[0,1.26,14.54],[1,1.25,34.29],[2,1.24,7.15]],"ltp":1.5,"tv":2055.32,"id":72857116}]}]}
{"op":"mcm","clk":"11877683084","pt":1724089217978,"mc":[{"id":"1.232018919","rc":[{"batb":[[0,1.25,34.83],[1,1.24,5.99],[2,1.2,250]],"ltp":1.26,"tv":1005.28,"id":72857115}]}]}
{"op":"mcm","clk":"11877683285","pt":1724089219555,"mc":[{"id":"1.232018919","rc":[{"batb":[[0,1.26,4.54],[1,1.25,34.29],[2,1.24,5.99]],"batl":[[0,2.74,180.32],[1,3,35.82]],"ltp":1.26,"tv":1005.28,"id":72857115},{"batb":[[0,1.26,10.54]],"ltp":1.5,"tv":2055.32,"id":72857116}]}]}
{"op":"mcm","clk":"11877683440","pt":1724089220768,"mc":[{"id":"1.232018919","rc":[{"batb":[[0,1.27,10.54],[1,1.26,4],[2,1.25,34.29]],"ltp":1.26,"tv":1005.28,"id":72857115},{"batb":[[0,1.25,34.83],[1,1.24,7.15],[2,1.2,250]],"ltp":1.5,"tv":2055.32,"id":72857116}]}]}
{"op":"mcm","clk":"11877683616","pt":1724089222075,"mc":[{"id":"1.232018919","rc":[{"batb":[[1,1.25,34.29],[2,1.24,5.99]],"ltp":1.26,"tv":1005.28,"id":72857115},{"batb":[[0,1.26,4.54],[1,1.25,34.29],[2,1.24,7.15]],"ltp":1.5,"tv":2055.32,"id":72857116}]}]}
{"op":"mcm","clk":"11877683798","pt":1724089223371,"mc":[{"id":"1.232018919","rc":[{"batb":[[0,1.27,10.54],[1,1.26,4],[2,1.25,34.29]],"ltp":1.5,"tv":2055.32,"id":72857116}]}]}
{"op":"mcm","clk":"11877683933","pt":1724089224367,"mc":[{"id":"1.232018919","rc":[{"batb":[[0,1.26,4.54]],"ltp":1.26,"tv":1005.28,"id":72857115},{"batb":[[1,1.25,34.29],[2,1.24,7.15]],"ltp":1.5,"tv":2055.32,"id":72857116}]}]}
{"op":"mcm","clk":"11877684203","pt":1724089226675,"mc":[{"id":"1.232018919","rc":[{"batb":[[0,1.27,10.54]],"ltp":1.26,"tv":1005.28,"id":72857115},{"batb":[[0,1.28,4.54],[1,1.27,10],[2,1.25,34.29]],"ltp":1.5,"tv":2055.32,"id":72857116}]}]}
{"op":"mcm","clk":"11877684252","pt":1724089227088,"mc":[{"id":"1.232018919","rc":[{"batb":[[1,1.25,34.29],[2,1.24,7.15]],"ltp":1.5,"tv":2055.32,"id":72857116}]}]}
{"op":"mcm","clk":"11877684581","pt":1724089229393,"mc":[{"id":"1.232018919","rc":[{"batb":[[0,1.28,4.54],[1,1.27,10],[2,1.25,34.29]],"ltp":1.26,"tv":1005.28,"id":72857115},{"batb":[[0,1.26,10.54]],"ltp":1.5,"tv":2055.32,"id":72857116}]}]}
{"op":"mcm","clk":"11877684642","pt":1724089229906,"mc":[{"id":"1.232018919","rc":[{"batb":[[1,1.25,34.29],[2,1.24,5.99]],"ltp":1.26,"tv":1005.28,"id":72857115},{"batl":[[0,2.72,180.32],[1,3,35.82]],"ltp":1.5,"tv":2055.32,"id":72857116}]}]}
{"op":"mcm","clk":"11877684856","pt":1724089231485,"mc":[{"id":"1.232018919","rc":[{"batb":[[0,1.25,34.83],[1,1.24,5.99],[2,1.2,250]],"ltp":1.26,"tv":1005.28,"id":72857115},{"batb":[[0,1.27,4.54],[1,1.26,10],[2,1.25,34.29]],"ltp":1.5,"tv":2055.32,"id":72857116}]}]}
{"op":"mcm","clk":"11877685006","pt":1724089232791,"mc":[{"id":"1.232018919","rc":[{"batb":[[0,1.26,10.54],[1,1.25,34.29],[2,1.24,5.99]],"ltp":1.26,"tv":1005.28,"id":72857115},{"batb":[[1,1.25,34.29],[2,1.24,7.15]],"ltp":1.5,"tv":2055.32,"id":72857116}]}]}
{"op":"mcm","clk":"11877685148","pt":1724089233792,"mc":[{"id":"1.232018919","rc":[{"batb":[[0,1.27,4.54],[1,1.26,10],[2,1.25,34.29]],"ltp":1.26,"tv":1005.28,"id":72857115},{"batb":[[0,1.25,34.83],[1,1.24,7.15],[2,1.2,250]],"ltp":1.5,"tv":2055.32,"id":72857116}]}]}
{"op":"mcm","clk":"11877685520","pt":1724089236484,"mc":[{"id":"1.232018919","rc":[{"batb":[[0,1.25,34.83],[1,1.24,5.99],[2,1.2,250]],"ltp":1.26,"tv":1005.28,"id":72857115},{"batb":[[0,1.26,14.54],[1,1.25,34.29],[2,1.24,7.15]],"ltp":1.5,"tv":2055.32,"id":72857116}]}]}
{"op":"mcm","clk":"11877685731","pt":1724089238379,"mc":[{"id":"1.232018919","rc":[{"batb":[[0,1.26,4.54],[1,1.25,34.29],[2,1.24,5.99]],"ltp":1.26,"tv":1005.28,"id":72857115},{"batb":[[0,1.26,10.54]],"ltp":1.5,"tv":2055.32,"id":72857116}]}]}
{"op":"mcm","clk":"11877685863","pt":1724089239468,"mc":[{"id":"1.232018919","rc":[{"batb":[[0,1.27,10.54],[1,1.26,4],[2,1.25,34.29]],"ltp":1.26,"tv":1005.28,"id":72857115},{"batb":[[0,1.25,34.83],[1,1.24,7.15],[2,1.2,250]],"ltp":1.5,"tv":2055.32,"id":72857116}]}]}
{"op":"mcm","clk":"11877686025","pt":1724089240680,"mc":[{"id":"1.232018919","rc":[{"batb":[[1,1.25,34.29],[2,1.24,5.99]],"ltp":1.26,"tv":1005.28,"id":72857115}]}]}
{"op":"mcm","clk":"11877686049","pt":1724089240886,"mc":[{"id":"1.232018919","rc":[{"batb":[[0,1.26,4.54],[1,1.25,34.29],[2,1.24,7.15]],"ltp":1.5,"tv":2055.32,"id":72857116}]}]}
{"op":"mcm","clk":"11877686342","pt":1724089243310,"mc":[{"id":"1.232018919","rc":[{"batb":[[0,1.26,4.54]],"ltp":1.26,"tv":1005.28,"id":72857115},{"batb":[[0,1.27,10.54]],"ltp":1.5,"tv":2055.32,"id":72857116}]}]}
{"op":"mcm","clk":"11877686684","pt":1724089245607,"mc":[{"id":"1.232018919","rc":[{"batb":[[0,1.26,10.54]],"ltp":1.26,"tv":1005.28,"id":72857115},{"batb":[[0,1.28,4.54],[1,1.27,10],[2,1.25,34.29]],"ltp":1.5,"tv":2055.32,"id":72857116}]}]}
{"op":"mcm","clk":"11877686798","pt":1724089246630,"mc":[{"id":"1.232018919","rc":[{"batb":[[1,1.25,34.29],[2,1.24,7.15]],"ltp":1.5,"tv":2055.32,"id":72857116}]}]}
{"op":"mcm","clk":"11877686963","pt":1724089247822,"mc":[{"id":"1.232018919","rc":[{"batb":[[0,1.25,34.83],[1,1.24,7.15],[2,1.2,250]],"ltp":1.5,"tv":2055.32,"id":72857116}]}]}
{"op":"mcm","clk":"11877687086","pt":1724089248812,"mc":[{"id":"1.232018919","rc":[{"batb":[[0,1.27,4.54]],"ltp":1.26,"tv":1005.28,"id":72857115}]}]}
{"op":"mcm","clk":"11877687109","pt":1724089249022,"mc":[{"id":"1.232018919","rc":[{"batb":[[0,1.26,10.54],[1,1.25,34.29],[2,1.24,7.15]],"ltp":1.5,"tv":2055.32,"id":72857116}]}]}
{"op":"mcm","clk":"11877687309","pt":1724089250496,"mc":[{"id":"1.232018919","rc":[{"batb":[[0,1.25,34.83],[1,1.24,5.99],[2,1.2,250]],"ltp":1.26,"tv":1005.28,"id":72857115},{"batb":[[0,1.27,4.54],[1,1.26,10],[2,1.25,34.29]],"ltp":1.5,"tv":2055.32,"id":72857116}]}]}
{"op":"mcm","clk":"11877687452","pt":1724089251698,"mc":[{"id":"1.232018919","rc":[{"batb":[[0,1.26,10.54],[1,1.25,34.29],[2,1.24,5.99]],"ltp":1.26,"tv":1005.28,"id":72857115}]}]}
{"op":"mcm","clk":"11877687609","pt":1724089252800,"mc":[{"id":"1.232018919","rc":[{"batb":[[0,1.27,4.54],[1,1.26,10],[2,1.25,34.29]],"ltp":1.26,"tv":1005.28,"id":72857115},{"batb":[[0,1.25,34.83],[1,1.24,7.15],[2,1.2,250]],"ltp":1.5,"tv":2055.32,"id":72857116}]}]}
{"op":"mcm","clk":"11877687934","pt":1724089255531,"mc":[{"id":"1.232018919","rc":[{"batb":[[0,1.25,34.83],[1,1.24,5.99],[2,1.2,250]],"ltp":1.26,"tv":1005.28,"id":72857115},{"batb":[[0,1.26,14.54],[1,1.25,34.29],[2,1.24,7.15]],"ltp":1.5,"tv":2055.32,"id":72857116}]}]}
{"op":"mcm","clk":"11877688313","pt":1724089258403,"mc":[{"id":"1.232018919","rc":[{"batb":[[0,1.26,14.54],[1,1.25,34.29],[2,1.24,5.99]],"ltp":1.26,"tv":1005.28,"id":72857115},{"batb":[[0,1.26,10.54]],"ltp":1.5,"tv":2055.32,"id":72857116}]}]}
{"op":"mcm","clk":"11877688448","pt":1724089259501,"mc":[{"id":"1.232018919","rc":[{"batb":[[0,1.25,34.83],[1,1.24,7.15],[2,1.2,250]],"ltp":1.5,"tv":2055.32,"id":72857116}]}]}
{"op":"mcm","clk":"11877688613","pt":1724089260810,"mc":[{"id":"1.232018919","rc":[{"batb":[[0,1.26,10.54]],"ltp":1.26,"tv":1005.28,"id":72857115}]}]}
{"op":"mcm","clk":"11877688743","pt":1724089261810,"mc":[{"id":"1.232018919","rc":[{"batb":[[0,1.25,34.83],[1,1.24,5.99],[2,1.2,250]],"ltp":1.26,"tv":1005.28,"id":72857115},{"batb":[[0,1.27,10.54],[1,1.26,4],[2,1.25,34.29]],"ltp":1.5,"tv":2055.32,"id":72857116}]}]}
{"op":"mcm","clk":"11877688893","pt":1724089263122,"mc":[{"id":"1.232018919","rc":[{"batb":[[0,1.26,4.54],[1,1.25,34.29],[2,1.24,5.99]],"ltp":1.26,"tv":1005.28,"id":72857115},{"batb":[[1,1.25,34.29],[2,1.24,7.15]],"ltp":1.5,"tv":2055.32,"id":72857116}]}]}
{"op":"mcm","clk":"11877689199","pt":1724089265524,"mc":[{"id":"1.232018919","rc":[{"batb":[[0,1.27,10.54]],"ltp":1.26,"tv":1005.28,"id":72857115},{"batb":[[0,1.26,4.54]],"ltp":1.5,"tv":2055.32,"id":72857116}]}]}
{"op":"mcm","clk":"11877689500","pt":1724089268203,"mc":[{"id":"1.232018919","rc":[{"batb":[[0,1.28,4.54],[1,1.27,10],[2,1.25,34.29]],"ltp":1.26,"tv":1005.28,"id":72857115},{"batb":[[0,1.26,10.54]],"ltp":1.5,"tv":2055.32,"id":72857116}]}]}
{"op":"mcm","clk":"11877689582","pt":1724089268927,"mc":[{"id":"1.232018919","rc":[{"batb":[[1,1.25,34.29],[2,1.24,5.99]],"ltp":1.26,"tv":1005.28,"id":72857115}]}]}
{"op":"mcm","clk":"11877689770","pt":1724089270609,"mc":[{"id":"1.232018919","rc":[{"batb":[[0,1.25,34.83],[1,1.24,5.99],[2,1.2,250]],"ltp":1.26,"tv":1005.28,"id":72857115},{"batb":[[0,1.27,4.54],[1,1.26,10],[2,1.25,34.29]],"ltp":1.5,"tv":2055.32,"id":72857116}]}]}
{"op":"mcm","clk":"11877689932","pt":1724089271816,"mc":[{"id":"1.232018919","rc":[{"batb":[[0,1.26,10.54],[1,1.25,34.29],[2,1.24,5.99]],"ltp":1.26,"tv":1005.28,"id":72857115},{"batb":[[1,1.25,34.29],[2,1.24,7.15]],"ltp":1.5,"tv":2055.32,"id":72857116}]}]}
{"op":"mcm","clk":"11877690049","pt":1724089272814,"mc":[{"id":"1.232018919","rc":[{"batb":[[0,1.25,34.83],[1,1.24,7.15],[2,1.2,250]],"ltp":1.5,"tv":2055.32,"id":72857116}]}]}
{"op":"mcm","clk":"11877690060","pt":1724089272919,"mc":[{"id":"1.232018919","rc":[{"batb":[[0,1.27,4.54],[1,1.26,10],[2,1.25,34.29]],"ltp":1.26,"tv":1005.28,"id":72857115}]}]}
{"op":"mcm","clk":"11877690437","pt":1724089275410,"mc":[{"id":"1.232018919","rc":[{"batb":[[0,1.25,34.83],[1,1.24,5.99],[2,1.2,250]],"ltp":1.26,"tv":1005.28,"id":72857115},{"batb":[[0,1.26,14.54],[1,1.25,34.29],[2,1.24,7.15]],"ltp":1.5,"tv":2055.32,"id":72857116}]}]}
{"op":"mcm","clk":"11877690770","pt":1724089278123,"mc":[{"id":"1.232018919","rc":[{"batb":[[0,1.26,14.54],[1,1.25,34.29],[2,1.24,5.99]],"ltp":1.26,"tv":1005.28,"id":72857115},{"batb":[[0,1.26,10.54]],"ltp":1.5,"tv":2055.32,"id":72857116}]}]}
{"op":"mcm","clk":"11877690863","pt":1724089278967,"mc":[{"id":"1.232018919","rc":[{"batb":[[0,1.25,34.83],[1,1.24,7.15],[2,1.2,250]],"ltp":1.5,"tv":2055.32,"id":72857116}]}]}
{"op":"mcm","clk":"11877691063","pt":1724089280549,"mc":[{"id":"1.232018919","rc":[{"batb":[[0,1.26,10.54]],"ltp":1.26,"tv":1005.28,"id":72857115},{"batb":[[0,1.26,4.54],[1,1.25,34.29],[2,1.24,7.15]],"ltp":1.5,"tv":2055.32,"id":72857116}]}]}
{"op":"mcm","clk":"11877691199","pt":1724089281652,"mc":[{"id":"1.232018919","rc":[{"batb":[[0,1.25,34.83],[1,1.24,5.99],[2,1.2,250]],"ltp":1.26,"tv":1005.28,"id":72857115},{"batb":[[0,1.27,10.54],[1,1.26,4],[2,1.25,34.29]],"ltp":1.5,"tv":2055.32,"id":72857116}]}]}
{"op":"mcm","clk":"11877691336","pt":1724089282977,"mc":[{"id":"1.232018919","rc":[{"batb":[[0,1.26,4.54],[1,1.25,34.29],[2,1.24,5.99]],"ltp":1.26,"tv":1005.28,"id":72857115},{"batb":[[1,1.25,34.29],[2,1.24,7.15]],"ltp":1.5,"tv":2055.32,"id":72857116}]}]}
{"op":"mcm","clk":"11877691631","pt":1724089285465,"mc":[{"id":"1.232018919","rc":[{"batb":[[0,1.26,10.54]],"ltp":1.26,"tv":1005.28,"id":72857115},{"batb":[[0,1.26,4.54]],"ltp":1.5,"tv":2055.32,"id":72857116}]}]}
{"op":"mcm","clk":"11877692053","pt":1724089288818,"mc":[{"id":"1.232018919","rc":[{"batb":[[0,1.27,4.54]],"ltp":1.26,"tv":1005.28,"id":72857115},{"batb":[[0,1.26,10.54]],"ltp":1.5,"tv":2055.32,"id":72857116}]}]}
{"op":"mcm","clk":"11877692243","pt":1724089290355,"mc":[{"id":"1.232018919","rc":[{"batb":[[0,1.25,34.83],[1,1.24,5.99],[2,1.2,250]],"ltp":1.26,"tv":1005.28,"id":72857115},{"batb":[[0,1.27,4.54],[1,1.26,10],[2,1.25,34.29]],"ltp":1.5,"tv":2055.32,"id":72857116}]}]}
{"op":"mcm","clk":"11877692416","pt":1724089291731,"mc":[{"id":"1.232018919","rc":[{"batb":[[0,1.26,10.54],[1,1.25,34.29],[2,1.24,5.99]],"ltp":1.26,"tv":1005.28,"id":72857115},{"batb":[[1,1.25,34.29],[2,1.24,7.15]],"ltp":1.5,"tv":2055.32,"id":72857116}]}]}
{"op":"mcm","clk":"11877692511","pt":1724089292536,"mc":[{"id":"1.232018919","rc":[{"batb":[[0,1.25,34.83],[1,1.24,7.15],[2,1.2,250]],"ltp":1.5,"tv":2055.32,"id":72857116}]}]}
{"op":"mcm","clk":"11877692817","pt":1724089295270,"mc":[{"id":"1.232018919","rc":[{"batb":[[0,1.26,4.54]],"ltp":1.26,"tv":1005.28,"id":72857115},{"batb":[[0,1.26,14.54],[1,1.25,34.29],[2,1.24,7.15]],"ltp":1.5,"tv":2055.32,"id":72857116}]}]}
{"op":"mcm","clk":"11877693102","pt":1724089297733,"mc":[{"id":"1.232018919","rc":[{"batb":[[0,1.26,10.54]],"ltp":1.26,"tv":1005.28,"id":72857115},{"batb":[[0,1.26,10.54]],"ltp":1.5,"tv":2055.32,"id":72857116}]}]}
{"op":"mcm","clk":"11877693218","pt":1724089298681,"mc":[{"id":"1.232018919","rc":[{"batb":[[0,1.25,34.83],[1,1.24,7.15],[2,1.2,250]],"ltp":1.5,"tv":2055.32,"id":72857116}]}]}
{"op":"mcm","clk":"11877693509","pt":1724089301256,"mc":[{"id":"1.232018919","rc":[{"batb":[[0,1.26,4.54]],"ltp":1.26,"tv":1005.28,"id":72857115},{"batb":[[0,1.26,14.54],[1,1.25,34.29],[2,1.24,7.15]],"ltp":1.5,"tv":2055.32,"id":72857116}]}]}
{"op":"mcm","clk":"11877693794","pt":1724089303669,"mc":[{"id":"1.232018919","rc":[{"batb":[[0,1.26,10.54]],"ltp":1.26,"tv":1005.28,"id":72857115},{"batb":[[0,1.26,10.54]],"ltp":1.5,"tv":2055.32,"id":72857116}]}]}
{"op":"mcm","clk":"11877693896","pt":1724089304559,"mc":[{"id":"1.232018919","rc":[{"batb":[[0,1.25,34.83],[1,1.24,7.15],[2,1.2,250]],"ltp":1.5,"tv":2055.32,"id":72857116}]}]}
{"op":"mcm","clk":"11877694267","pt":1724089307307,"mc":[{"id":"1.232018919","rc":[{"batb":[[0,1.26,4.54]],"ltp":1.26,"tv":1005.28,"id":72857115},{"batb":[[0,1.26,14.54],[1,1.25,34.29],[2,1.24,7.15]],"ltp":1.5,"tv":2055.32,"id":72857116}]}]}
{"op":"mcm","clk":"11877694593","pt":1724089309667,"mc":[{"id":"1.232018919","rc":[{"batb":[[0,1.25,34.83],[1,1.24,5.99],[2,1.2,250]],"ltp":1.26,"tv":1005.28,"id":72857115},{"batb":[[0,1.26,10.54]],"ltp":1.5,"tv":2055.32,"id":72857116}]}]}
{"op":"mcm","clk":"11877694702","pt":1724089310560,"mc":[{"id":"1.232018919","rc":[{"batb":[[0,1.26,10.54],[1,1.25,34.29],[2,1.24,5.99]],"ltp":1.26,"tv":1005.28,"id":72857115},{"batb":[[0,1.25,34.83],[1,1.24,7.15],[2,1.2,250]],"ltp":1.5,"tv":2055.32,"id":72857116}]}]}
{"op":"mcm","clk":"11877695071","pt":1724089313189,"mc":[{"id":"1.232018919","rc":[{"batb":[[0,1.27,4.54]],"ltp":1.26,"tv":1005.28,"id":72857115},{"batb":[[0,1.26,14.54],[1,1.25,34.29],[2,1.24,7.15]],"ltp":1.5,"tv":2055.32,"id":72857116}]}]}
{"op":"mcm","clk":"11877695417","pt":1724089315776,"mc":[{"id":"1.232018919","rc":[{"batb":[[0,1.26,10.54]],"ltp":1.26,"tv":1005.28,"id":72857115},{"batb":[[0,1.26,10.54]],"ltp":1.5,"tv":2055.32,"id":72857116}]}]}
{"op":"mcm","clk":"11877695462","pt":1724089316186,"mc":[{"id":"1.232018919","rc":[{"batb":[[0,1.25,34.83],[1,1.24,7.15],[2,1.2,250]],"ltp":1.5,"tv":2055.32,"id":72857116}]}]}
{"op":"mcm","clk":"11877695873","pt":1724089319480,"mc":[{"id":"1.232018919","rc":[{"batb":[[0,1.26,4.54]],"ltp":1.26,"tv":1005.28,"id":72857115},{"batb":[[0,1.26,14.54],[1,1.25,34.29],[2,1.24,7.15]],"ltp":1.5,"tv":2055.32,"id":72857116}]}]}
{"op":"mcm","clk":"11877696170","pt":1724089321796,"mc":[{"id":"1.232018919","rc":[{"batb":[[0,1.25,34.83],[1,1.24,5.99],[2,1.2,250]],"ltp":1.26,"tv":1005.28,"id":72857115},{"batb":[[0,1.26,10.54]],"ltp":1.5,"tv":2055.32,"id":72857116}]}]}
{"op":"mcm","clk":"11877696288","pt":1724089322706,"mc":[{"id":"1.232018919","rc":[{"batb":[[0,1.27,10.54],[1,1.25,34.29],[2,1.24,5.99]],"ltp":1.26,"tv":1005.28,"id":72857115},{"batb":[[0,1.25,34.83],[1,1.24,7.15],[2,1.2,250]],"ltp":1.5,"tv":2055.32,"id":72857116}]}]}
{"op":"mcm","clk":"11877696686","pt":1724089325816,"mc":[{"id":"1.232018919","rc":[{"batb":[[0,1.26,4.54]],"ltp":1.26,"tv":1005.28,"id":72857115},{"batb":[[0,1.26,14.54],[1,1.25,34.29],[2,1.24,7.15]],"ltp":1.5,"tv":2055.32,"id":72857116}]}]}
{"op":"mcm","clk":"11877697009","pt":1724089328313,"mc":[{"id":"1.232018919","rc":[{"batb":[[0,1.26,10.54]],"ltp":1.26,"tv":1005.28,"id":72857115},{"batb":[[0,1.26,10.54]],"ltp":1.5,"tv":2055.32,"id":72857116}]}]}
{"op":"mcm","clk":"11877697113","pt":1724089329107,"mc":[{"id":"1.232018919","rc":[{"batb":[[0,1.25,34.83],[1,1.24,7.15],[2,1.2,250]],"ltp":1.5,"tv":2055.32,"id":72857116}]}]}
{"op":"mcm","clk":"11877697463","pt":1724089331726,"mc":[{"id":"1.232018919","rc":[{"batb":[[0,1.26,4.54]],"ltp":1.26,"tv":1005.28,"id":72857115},{"batb":[[0,1.26,14.54],[1,1.25,34.29],[2,1.24,7.15]],"ltp":1.5,"tv":2055.32,"id":72857116}]}]}
{"op":"mcm","clk":"11877697750","pt":1724089334200,"mc":[{"id":"1.232018919","rc":[{"batb":[[0,1.26,10.54]],"ltp":1.26,"tv":1005.28,"id":72857115},{"batb":[[0,1.26,10.54]],"ltp":1.5,"tv":2055.32,"id":72857116}]}]}
{"op":"mcm","clk":"11877697872","pt":1724089335215,"mc":[{"id":"1.232018919","rc":[{"batb":[[0,1.25,34.83],[1,1.24,7.15],[2,1.2,250]],"ltp":1.5,"tv":2055.32,"id":72857116}]}]}
{"op":"mcm","clk":"11877698089","pt":1724089336691,"mc":[{"id":"1.232018919","rc":[{"batb":[[0,1.27,4.54],[1,1.26,10],[2,1.25,34.29]],"ltp":1.26,"tv":1005.28,"id":72857115},{"batb":[[0,1.26,4.54],[1,1.25,34.29],[2,1.24,7.15]],"ltp":1.5,"tv":2055.32,"id":72857116}]}]}
{"op":"mcm","clk":"11877698209","pt":1724089337630,"mc":[{"id":"1.232018919","rc":[{"batb":[[1,1.25,34.29],[2,1.24,5.99]],"ltp":1.26,"tv":1005.28,"id":72857115}]}]}
{"op":"mcm","clk":"11877698237","pt":1724089337839,"mc":[{"id":"1.232018919","rc":[{"batb":[[0,1.27,10.54],[1,1.26,4],[2,1.25,34.29]],"ltp":1.5,"tv":2055.32,"id":72857116}]}]}
{"op":"mcm","clk":"11877698447","pt":1724089339401,"mc":[{"id":"1.232018919","rc":[{"batb":[[0,1.25,34.83],[1,1.24,5.99],[2,1.2,250]],"ltp":1.26,"tv":1005.28,"id":72857115},{"batb":[[1,1.25,34.29],[2,1.24,7.15]],"ltp":1.5,"tv":2055.32,"id":72857116}]}]}
{"op":"mcm","clk":"11877698761","pt":1724089341633,"mc":[{"id":"1.232018919","rc":[{"batb":[[0,1.27,4.54],[1,1.26,10],[2,1.25,34.29]],"ltp":1.26,"tv":1005.28,"id":72857115},{"batb":[[0,1.26,4.54]],"ltp":1.5,"tv":2055.32,"id":72857116}]}]}
{"op":"mcm","clk":"11877699085","pt":1724089344101,"mc":[{"id":"1.232018919","rc":[{"batb":[[0,1.26,10.54],[1,1.25,34.29],[2,1.24,5.99]],"ltp":1.26,"tv":1005.28,"id":72857115},{"batb":[[0,1.26,10.54]],"ltp":1.5,"tv":2055.32,"id":72857116}]}]}
{"op":"mcm","clk":"11877699173","pt":1724089344833,"mc":[{"id":"1.232018919","rc":[{"batb":[[0,1.25,34.83],[1,1.24,5.99],[2,1.2,250]],"ltp":1.26,"tv":1005.28,"id":72857115}]}]}
{"op":"mcm","clk":"11877699563","pt":1724089347439,"mc":[{"id":"1.232018919","rc":[{"batb":[[0,1.26,14.54],[1,1.25,34.29],[2,1.24,5.99]],"ltp":1.26,"tv":1005.28,"id":72857115},{"batb":[[0,1.26,4.54]],"ltp":1.5,"tv":2055.32,"id":72857116}]}]}
{"op":"mcm","clk":"11877700018","pt":1724089350807,"mc":[{"id":"1.232018919","rc":[{"batb":[[0,1.25,34.83],[1,1.24,5.99],[2,1.2,250]],"ltp":1.26,"tv":1005.28,"id":72857115},{"batb":[[0,1.27,10.54]],"ltp":1.5,"tv":2055.32,"id":72857116}]}]}
{"op":"mcm","clk":"11877700402","pt":1724089353648,"mc":[{"id":"1.232018919","rc":[{"batb":[[0,1.26,14.54],[1,1.25,34.29],[2,1.24,5.99]],"ltp":1.26,"tv":1005.28,"id":72857115},{"batb":[[0,1.26,4.54]],"ltp":1.5,"tv":2055.32,"id":72857116}]}]}
{"op":"mcm","clk":"11877700697","pt":1724089356127,"mc":[{"id":"1.232018919","rc":[{"batb":[[0,1.26,10.54]],"ltp":1.26,"tv":1005.28,"id":72857115},{"batb":[[0,1.26,10.54]],"ltp":1.5,"tv":2055.32,"id":72857116}]}]}
{"op":"mcm","clk":"11877700816","pt":1724089357125,"mc":[{"id":"1.232018919","rc":[{"batb":[[0,1.25,34.83],[1,1.24,5.99],[2,1.2,250]],"ltp":1.26,"tv":1005.28,"id":72857115}]}]}
{"op":"mcm","clk":"11877701126","pt":1724089359632,"mc":[{"id":"1.232018919","rc":[{"batb":[[0,1.26,14.54],[1,1.25,34.29],[2,1.24,5.99]],"ltp":1.26,"tv":1005.28,"id":72857115},{"batb":[[0,1.27,4.54]],"ltp":1.5,"tv":2055.32,"id":72857116}]}]}
{"op":"mcm","clk":"11877701520","pt":1724089362325,"mc":[{"id":"1.232018919","rc":[{"batb":[[0,1.26,10.54]],"ltp":1.26,"tv":1005.28,"id":72857115},{"batb":[[0,1.26,10.54]],"ltp":1.5,"tv":2055.32,"id":72857116}]}]}
{"op":"mcm","clk":"11877701606","pt":1724089363051,"mc":[{"id":"1.232018919","rc":[{"batb":[[0,1.25,34.83],[1,1.24,5.99],[2,1.2,250]],"ltp":1.26,"tv":1005.28,"id":72857115}]}]}
{"op":"mcm","clk":"11877701955","pt":1724089365631,"mc":[{"id":"1.232018919","rc":[{"batb":[[0,1.26,14.54],[1,1.25,34.29],[2,1.24,5.99]],"ltp":1.26,"tv":1005.28,"id":72857115},{"batb":[[0,1.27,4.54]],"ltp":1.5,"tv":2055.32,"id":72857116}]}]}
{"op":"mcm","clk":"11877702280","pt":1724089368253,"mc":[{"id":"1.232018919","rc":[{"batb":[[0,1.26,10.54]],"ltp":1.26,"tv":1005.28,"id":72857115},{"batb":[[0,1.26,10.54]],"ltp":1.5,"tv":2055.32,"id":72857116}]}]}
{"op":"mcm","clk":"11877702415","pt":1724089369256,"mc":[{"id":"1.232018919","rc":[{"batb":[[0,1.25,34.83],[1,1.24,5.99],[2,1.2,250]],"ltp":1.26,"tv":1005.28,"id":72857115}]}]}
{"op":"mcm","clk":"11877702731","pt":1724089371649,"mc":[{"id":"1.232018919","rc":[{"batb":[[0,1.26,14.54],[1,1.25,34.29],[2,1.24,5.99]],"ltp":1.26,"tv":1005.28,"id":72857115},{"batb":[[0,1.26,4.54]],"ltp":1.5,"tv":2055.32,"id":72857116}]}]}
{"op":"mcm","clk":"11877702982","pt":1724089373965,"mc":[{"id":"1.232018919","rc":[{"batb":[[0,1.26,10.54]],"ltp":1.26,"tv":1005.28,"id":72857115},{"batb":[[0,1.26,10.54]],"ltp":1.5,"tv":2055.32,"id":72857116}]}]}
{"op":"mcm","clk":"11877712924","pt":1724089375081,"mc":[{"id":"1.232018919","rc":[{"batb":[[0,1.25,34.83],[1,1.24,5.99],[2,1.2,250]],"ltp":1.26,"tv":1005.28,"id":72857115}]}]}
{"op":"mcm","clk":"11877713123","pt":1724089376556,"mc":[{"id":"1.232018919","rc":[{"batb":[[0,1.26,4.54]],"ltp":1.26,"tv":1005.28,"id":72857115},{"batb":[[0,1.27,4.54],[1,1.26,10]],"ltp":1.5,"tv":2055.32,"id":72857116}]}]}
{"op":"mcm","clk":"11877713230","pt":1724089377536,"mc":[{"id":"1.232018919","rc":[{"batb":[[0,1.27,10.54],[1,1.26,4],[2,1.24,5.99]],"ltp":1.26,"tv":1005.28,"id":72857115},{"batb":[[1,1.24,7.15],[2,1.2,250]],"ltp":1.5,"tv":2055.32,"id":72857116}]}]}
{"op":"mcm","clk":"11877713368","pt":1724089378942,"mc":[{"id":"1.232018919","rc":[{"batb":[[1,1.24,5.99],[2,1.2,250]],"ltp":1.26,"tv":1005.28,"id":72857115},{"batb":[[0,1.24,7.69],[1,1.2,250],[2,1.11,24.84]],"ltp":1.5,"tv":2055.32,"id":72857116}]}]}
{"op":"mcm","clk":"11877713643","pt":1724089381168,"mc":[{"id":"1.232018919","rc":[{"batb":[[0,1.25,4.54]],"ltp":1.26,"tv":1005.28,"id":72857115},{"batb":[[0,1.25,14.54],[1,1.24,7.15],[2,1.2,250]],"ltp":1.5,"tv":2055.32,"id":72857116}]}]}
{"op":"mcm","clk":"11877713976","pt":1724089383772,"mc":[{"id":"1.232018919","rc":[{"batb":[[0,1.25,10.54]],"ltp":1.26,"tv":1005.28,"id":72857115},{"batb":[[0,1.25,10.54]],"ltp":1.5,"tv":2055.32,"id":72857116}]}]}
{"op":"mcm","clk":"11877714051","pt":1724089384452,"mc":[{"id":"1.232018919","rc":[{"batb":[[0,1.24,7.69],[1,1.2,250],[2,1.11,24.84]],"ltp":1.5,"tv":2055.32,"id":72857116}]}]}
{"op":"mcm","clk":"11877714388","pt":1724089387371,"mc":[{"id":"1.232018919","rc":[{"batb":[[0,1.25,4.54]],"ltp":1.26,"tv":1005.28,"id":72857115},{"batb":[[0,1.25,14.54],[1,1.24,7.15],[2,1.2,250]],"ltp":1.5,"tv":2055.32,"id":72857116}]}]}
{"op":"mcm","clk":"11877714666","pt":1724089389776,"mc":[{"id":"1.232018919","rc":[{"batb":[[0,1.25,10.54]],"ltp":1.26,"tv":1005.28,"id":72857115},{"batb":[[0,1.25,10.54]],"ltp":1.5,"tv":2055.32,"id":72857116}]}]}
{"op":"mcm","clk":"11877714775","pt":1724089390566,"mc":[{"id":"1.232018919","rc":[{"batb":[[0,1.24,7.69],[1,1.2,250],[2,1.11,24.84]],"ltp":1.5,"tv":2055.32,"id":72857116}]}]}
{"op":"mcm","clk":"11877715083","pt":1724089393173,"mc":[{"id":"1.232018919","rc":[{"batb":[[0,1.25,4.54]],"ltp":1.26,"tv":1005.28,"id":72857115},{"batb":[[0,1.25,14.54],[1,1.24,7.15],[2,1.2,250]],"ltp":1.5,"tv":2055.32,"id":72857116}]}]}
{"op":"mcm","clk":"11877715397","pt":1724089395745,"mc":[{"id":"1.232018919","rc":[{"batb":[[0,1.25,10.54]],"ltp":1.26,"tv":1005.28,"id":72857115},{"batb":[[0,1.25,10.54]],"ltp":1.5,"tv":2055.32,"id":72857116}]}]}
{"op":"mcm","clk":"11877715473","pt":1724089396473,"mc":[{"id":"1.232018919","rc":[{"batb":[[0,1.24,7.69],[1,1.2,250],[2,1.11,24.84]],"ltp":1.5,"tv":2055.32,"id":72857116}]}]}
{"op":"mcm","clk":"11877715814","pt":1724089399361,"mc":[{"id":"1.232018919","rc":[{"batb":[[0,1.25,4.54]],"ltp":1.26,"tv":1005.28,"id":72857115},{"batb":[[0,1.25,14.54],[1,1.24,7.15],[2,1.2,250]],"ltp":1.5,"tv":2055.32,"id":72857116}]}]}
{"op":"mcm","clk":"11877716091","pt":1724089401665,"mc":[{"id":"1.232018919","rc":[{"batb":[[0,1.24,6.53],[1,1.2,250],[2,1.11,24.84]],"ltp":1.26,"tv":1005.28,"id":72857115},{"batb":[[0,1.25,10.54]],"ltp":1.5,"tv":2055.32,"id":72857116}]}]}
{"op":"mcm","clk":"11877716196","pt":1724089402658,"mc":[{"id":"1.232018919","rc":[{"batb":[[0,1.25,10.54],[1,1.24,5.99],[2,1.2,250]],"ltp":1.26,"tv":1005.28,"id":72857115},{"batb":[[0,1.24,7.69],[1,1.2,250],[2,1.11,24.84]],"ltp":1.5,"tv":2055.32,"id":72857116}]}]}
{"op":"mcm","clk":"11877716514","pt":1724089405263,"mc":[{"id":"1.232018919","rc":[{"batb":[[0,1.25,4.54]],"ltp":1.26,"tv":1005.28,"id":72857115},{"batb":[[0,1.25,14.54],[1,1.24,7.15],[2,1.2,250]],"ltp":1.5,"tv":2055.32,"id":72857116}]}]}
{"op":"mcm","clk":"11877716775","pt":1724089407570,"mc":[{"id":"1.232018919","rc":[{"batb":[[0,1.25,10.54]],"ltp":1.26,"tv":1005.28,"id":72857115},{"batb":[[0,1.25,10.54]],"ltp":1.5,"tv":2055.32,"id":72857116}]}]}
{"op":"mcm","clk":"11877716893","pt":1724089408555,"mc":[{"id":"1.232018919","rc":[{"batb":[[0,1.24,7.69],[1,1.2,250],[2,1.11,24.84]],"ltp":1.5,"tv":2055.32,"id":72857116}]}]}
{"op":"mcm","clk":"11877717302","pt":1724089411164,"mc":[{"id":"1.232018919","rc":[{"batb":[[0,1.25,4.54]],"ltp":1.26,"tv":1005.28,"id":72857115},{"batb":[[0,1.25,14.54],[1,1.24,7.15],[2,1.2,250]],"ltp":1.5,"tv":2055.32,"id":72857116}]}]}
{"op":"mcm","clk":"11877717645","pt":1724089413786,"mc":[{"id":"1.232018919","rc":[{"batb":[[0,1.25,10.54]],"ltp":1.26,"tv":1005.28,"id":72857115},{"batb":[[0,1.25,10.54]],"ltp":1.5,"tv":2055.32,"id":72857116}]}]}
{"op":"mcm","clk":"11877717718","pt":1724089414469,"mc":[{"id":"1.232018919","rc":[{"batb":[[0,1.24,7.69],[1,1.2,250],[2,1.11,24.84]],"ltp":1.5,"tv":2055.32,"id":72857116}]}]}
{"op":"mcm","clk":"11877718034","pt":1724089417183,"mc":[{"id":"1.232018919","rc":[{"batb":[[0,1.25,4.54]],"ltp":1.26,"tv":1005.28,"id":72857115},{"batb":[[0,1.25,14.54],[1,1.24,7.15],[2,1.2,250]],"ltp":1.5,"tv":2055.32,"id":72857116}]}]}
{"op":"mcm","clk":"11877718317","pt":1724089419585,"mc":[{"id":"1.232018919","rc":[{"batb":[[0,1.25,10.54]],"ltp":1.26,"tv":1005.28,"id":72857115},{"batb":[[0,1.25,10.54]],"ltp":1.5,"tv":2055.32,"id":72857116}]}]}
{"op":"mcm","clk":"11877718452","pt":1724089420580,"mc":[{"id":"1.232018919","rc":[{"batb":[[0,1.24,7.69],[1,1.2,250],[2,1.11,24.84]],"ltp":1.5,"tv":2055.32,"id":72857116}]}]}
{"op":"mcm","clk":"11877718603","pt":1724089421784,"mc":[{"id":"1.232018919","rc":[{"batb":[[0,1.26,4.54],[1,1.25,10],[2,1.24,5.99]],"ltp":1.26,"tv":1005.28,"id":72857115},{"batb":[[0,1.25,4.54],[1,1.24,7.15],[2,1.2,250]],"ltp":1.5,"tv":2055.32,"id":72857116}]}]}
{"op":"mcm","clk":"11877718759","pt":1724089422989,"mc":[{"id":"1.232018919","rc":[{"batb":[[1,1.24,5.99],[2,1.2,250]],"ltp":1.26,"tv":1005.28,"id":72857115},{"batb":[[0,1.26,10.54],[1,1.25,4],[2,1.24,7.15]],"ltp":1.5,"tv":2055.32,"id":72857116}]}]}
{"op":"mcm","clk":"11877718907","pt":1724089424317,"mc":[{"id":"1.232018919","rc":[{"batb":[[0,1.24,6.53],[1,1.2,250],[2,1.11,24.84]],"ltp":1.26,"tv":1005.28,"id":72857115},{"batb":[[1,1.24,7.15],[2,1.2,250]],"ltp":1.5,"tv":2055.32,"id":72857116}]}]}
{"op":"mcm","clk":"11877719175","pt":1724089426620,"mc":[{"id":"1.232018919","rc":[{"batb":[[0,1.26,4.54],[1,1.25,10],[2,1.24,5.99]],"ltp":1.26,"tv":1005.28,"id":72857115},{"batb":[[0,1.25,4.54]],"ltp":1.5,"tv":2055.32,"id":72857116}]}]}
{"op":"mcm","clk":"11877719567","pt":1724089429706,"mc":[{"id":"1.232018919","rc":[{"batb":[[0,1.24,6.53],[1,1.2,250],[2,1.11,24.84]],"ltp":1.26,"tv":1005.28,"id":72857115},{"batb":[[0,1.25,10.54]],"ltp":1.5,"tv":2055.32,"id":72857116}]}]}
{"op":"mcm","clk":"11877719926","pt":1724089432408,"mc":[{"id":"1.232018919","rc":[{"batb":[[0,1.25,14.54],[1,1.24,5.99],[2,1.2,250]],"ltp":1.26,"tv":1005.28,"id":72857115},{"batb":[[0,1.25,4.54]],"ltp":1.5,"tv":2055.32,"id":72857116}]}]}
{"op":"mcm","clk":"11877720218","pt":1724089434817,"mc":[{"id":"1.232018919","rc":[{"batb":[[0,1.25,10.54]],"ltp":1.26,"tv":1005.28,"id":72857115},{"batb":[[0,1.24,7.69],[1,1.2,250],[2,1.11,24.84]],"ltp":1.5,"tv":2055.32,"id":72857116}]}]}
{"op":"mcm","clk":"11877720334","pt":1724089435807,"mc":[{"id":"1.232018919","rc":[{"batb":[[0,1.24,6.53],[1,1.2,250],[2,1.11,24.84]],"ltp":1.26,"tv":1005.28,"id":72857115},{"batb":[[0,1.25,10.54],[1,1.24,7.15],[2,1.2,250]],"ltp":1.5,"tv":2055.32,"id":72857116}]}]}
{"op":"mcm","clk":"11877720641","pt":1724089438415,"mc":[{"id":"1.232018919","rc":[{"batb":[[0,1.25,14.54],[1,1.24,5.99],[2,1.2,250]],"ltp":1.26,"tv":1005.28,"id":72857115},{"batb":[[0,1.25,4.54]],"ltp":1.5,"tv":2055.32,"id":72857116}]}]}
{"op":"mcm","clk":"11877720939","pt":1724089441044,"mc":[{"id":"1.232018919","rc":[{"batb":[[0,1.25,10.54]],"ltp":1.26,"tv":1005.28,"id":72857115},{"batb":[[0,1.25,10.54]],"ltp":1.5,"tv":2055.32,"id":72857116}]}]}
{"op":"mcm","clk":"11877721042","pt":1724089441833,"mc":[{"id":"1.232018919","rc":[{"batb":[[0,1.24,6.53],[1,1.2,250],[2,1.11,24.84]],"ltp":1.26,"tv":1005.28,"id":72857115}]}]}
{"op":"mcm","clk":"11877721353","pt":1724089444408,"mc":[{"id":"1.232018919","rc":[{"batb":[[0,1.25,14.54],[1,1.24,5.99],[2,1.2,250]],"ltp":1.26,"tv":1005.28,"id":72857115},{"batb":[[0,1.25,4.54]],"ltp":1.5,"tv":2055.32,"id":72857116}]}]}
{"op":"mcm","clk":"11877721650","pt":1724089446614,"mc":[{"id":"1.232018919","rc":[{"batb":[[0,1.25,10.54]],"ltp":1.26,"tv":1005.28,"id":72857115},{"batb":[[0,1.26,10.54]],"ltp":1.5,"tv":2055.32,"id":72857116}]}]}
{"op":"mcm","clk":"11877721785","pt":1724089447722,"mc":[{"id":"1.232018919","rc":[{"batb":[[0,1.24,6.53],[1,1.2,250],[2,1.11,24.84]],"ltp":1.26,"tv":1005.28,"id":72857115}]}]}
{"op":"mcm","clk":"11877722107","pt":1724089450547,"mc":[{"id":"1.232018919","rc":[{"batb":[[0,1.25,14.54],[1,1.24,5.99],[2,1.2,250]],"ltp":1.26,"tv":1005.28,"id":72857115},{"batb":[[0,1.25,4.54]],"ltp":1.5,"tv":2055.32,"id":72857116}]}]}
{"op":"mcm","clk":"11877722450","pt":1724089453121,"mc":[{"id":"1.232018919","rc":[{"batb":[[0,1.25,10.54]],"ltp":1.26,"tv":1005.28,"id":72857115},{"batb":[[0,1.25,10.54]],"ltp":1.5,"tv":2055.32,"id":72857116}]}]}
{"op":"mcm","clk":"11877722549","pt":1724089453946,"mc":[{"id":"1.232018919","rc":[{"batb":[[0,1.24,6.53],[1,1.2,250],[2,1.11,24.84]],"ltp":1.26,"tv":1005.28,"id":72857115}]}]}
{"op":"mcm","clk":"11877722903","pt":1724089456743,"mc":[{"id":"1.232018919","rc":[{"batb":[[0,1.59,5.99],[1,1.25,14.54],[2,1.2,250]],"ltp":1.26,"tv":1005.28,"id":72857115},{"batb":[[0,1.25,4.54]],"ltp":1.5,"tv":2055.32,"id":72857116}]}]}
{"op":"mcm","clk":"11877722960","pt":1724089457124,"mc":[{"id":"1.232018919","rc":[{"batb":[[0,1.58,7.15],[1,1.25,4.54]],"ltp":1.5,"tv":2055.32,"id":72857116}]}]}
{"op":"mcm","clk":"11877723207","pt":1724089459142,"mc":[{"id":"1.232018919","rc":[{"batb":[[1,1.25,10.54]],"ltp":1.26,"tv":1005.28,"id":72857115},{"batb":[[0,1.59,10],[1,1.58,7.15],[2,1.2,250.54]],"ltp":1.5,"tv":2055.32,"id":72857116}]}]}
{"op":"mcm","clk":"11877723304","pt":1724089459945,"mc":[{"id":"1.232018919","rc":[{"batb":[[1,1.2,250.54],[2,1.11,24.84]],"ltp":1.26,"tv":1005.28,"id":72857115}]}]}
{"op":"mcm","clk":"11877723531","pt":1724089461632,"mc":[{"id":"1.232018919","rc":[{"batb":[[0,1.6,4],[1,1.59,5.99],[2,1.2,250.54]],"ltp":1.26,"tv":1005.28,"id":72857115},{"batb":[[0,1.6,4],[1,1.59,10],[2,1.58,7.15]],"ltp":1.5,"tv":2055.32,"id":72857116}]}]}
{"op":"mcm","clk":"11877723665","pt":1724089462805,"mc":[{"id":"1.232018919","rc":[{"batb":[[0,1.61,10],[1,1.6,4],[2,1.59,5.99]],"ltp":1.26,"tv":1005.28,"id":72857115},{"batb":[[1,1.58,7.15],[2,1.2,250.54]],"ltp":1.5,"tv":2055.32,"id":72857116}]}]}
{"op":"mcm","clk":"11877723803","pt":1724089463958,"mc":[{"id":"1.232018919","rc":[{"batb":[[1,1.59,5.99],[2,1.2,250.54]],"ltp":1.26,"tv":1005.28,"id":72857115},{"batb":[[0,1.58,7.15],[1,1.2,250.54],[2,1.11,24.84]],"ltp":1.5,"tv":2055.32,"id":72857116}]}]}
{"op":"mcm","clk":"11877723971","pt":1724089465167,"mc":[{"id":"1.232018919","rc":[{"batb":[[0,1.59,10],[1,1.58,7.15],[2,1.2,250.54]],"ltp":1.5,"tv":2055.32,"id":72857116}]}]}
{"op":"mcm","clk":"11877724112","pt":1724089466161,"mc":[{"id":"1.232018919","rc":[{"batb":[[0,1.6,4]],"ltp":1.26,"tv":1005.28,"id":72857115},{"batb":[[0,1.6,4],[1,1.59,10],[2,1.58,7.15]],"ltp":1.5,"tv":2055.32,"id":72857116}]}]}
{"op":"mcm","clk":"11877724394","pt":1724089468667,"mc":[{"id":"1.232018919","rc":[{"batb":[[0,1.6,10]],"ltp":1.26,"tv":1005.28,"id":72857115},{"batb":[[0,1.58,7.15],[1,1.2,250.54],[2,1.11,24.84]],"ltp":1.5,"tv":2055.32,"id":72857116}]}]}
{"op":"mcm","clk":"11877724816","pt":1724089472063,"mc":[{"id":"1.232018919","rc":[{"batb":[[0,1.6,4]],"ltp":1.26,"tv":1005.28,"id":72857115},{"batb":[[0,1.59,14],[1,1.58,7.15],[2,1.2,250.54]],"ltp":1.5,"tv":2055.32,"id":72857116}]}]}
{"op":"mcm","clk":"11877725143","pt":1724089474677,"mc":[{"id":"1.232018919","rc":[{"batb":[[0,1.6,10]],"ltp":1.26,"tv":1005.28,"id":72857115},{"batb":[[0,1.59,10]],"ltp":1.5,"tv":2055.32,"id":72857116}]}]}
{"op":"mcm","clk":"11877725245","pt":1724089475464,"mc":[{"id":"1.232018919","rc":[{"batb":[[0,1.58,7.15],[1,1.2,250.54],[2,1.11,24.84]],"ltp":1.5,"tv":2055.32,"id":72857116}]}]}
{"op":"mcm","clk":"11877725591","pt":1724089478277,"mc":[{"id":"1.232018919","rc":[{"batb":[[0,1.6,4]],"ltp":1.26,"tv":1005.28,"id":72857115},{"batb":[[0,1.59,14],[1,1.58,7.15],[2,1.2,250.54]],"ltp":1.5,"tv":2055.32,"id":72857116}]}]}
{"op":"mcm","clk":"11877725871","pt":1724089480779,"mc":[{"id":"1.232018919","rc":[{"batb":[[0,1.61,10]],"ltp":1.26,"tv":1005.28,"id":72857115},{"batb":[[0,1.59,10]],"ltp":1.5,"tv":2055.32,"id":72857116}]}]}
{"op":"mcm","clk":"11877725965","pt":1724089481467,"mc":[{"id":"1.232018919","rc":[{"batb":[[0,1.58,7.15],[1,1.2,250.54],[2,1.11,24.84]],"ltp":1.5,"tv":2055.32,"id":72857116}]}]}
{"op":"mcm","clk":"11877726307","pt":1724089484391,"mc":[{"id":"1.232018919","rc":[{"batb":[[0,1.62,4]],"ltp":1.26,"tv":1005.28,"id":72857115},{"batb":[[0,1.59,14],[1,1.58,7.15],[2,1.2,250.54]],"ltp":1.5,"tv":2055.32,"id":72857116}]}]}
{"op":"mcm","clk":"11877726665","pt":1724089487281,"mc":[{"id":"1.232018919","rc":[{"batb":[[0,1.63,10]],"ltp":1.26,"tv":1005.28,"id":72857115},{"batb":[[0,1.58,7.15],[1,1.2,250.54],[2,1.11,24.84]],"ltp":1.5,"tv":2055.32,"id":72857116}]}]}
{"op":"mcm","clk":"11877727200","pt":1724089491089,"mc":[{"id":"1.232018919","rc":[{"batb":[[0,1.59,5.99],[1,1.2,250.54],[2,1.11,24.84]],"ltp":1.26,"tv":1005.28,"id":72857115}]}]}
{"op":"mcm","clk":"11877727481","pt":1724089493311,"mc":[{"id":"1.232018919","rc":[{"batb":[[0,1.64,14],[1,1.59,5.99],[2,1.2,250.54]],"ltp":1.26,"tv":1005.28,"id":72857115},{"batb":[[0,1.59,14],[1,1.58,7.15],[2,1.2,250.54]],"ltp":1.5,"tv":2055.32,"id":72857116}]}]}
{"op":"mcm","clk":"11877728193","pt":1724089498513,"mc":[{"id":"1.232018919","rc":[{"batb":[[0,1.64,10]],"ltp":1.26,"tv":1005.28,"id":72857115},{"batb":[[0,1.59,10]],"ltp":1.5,"tv":2055.32,"id":72857116}]}]}
{"op":"mcm","clk":"11877728289","pt":1724089499404,"mc":[{"id":"1.232018919","rc":[{"batb":[[0,1.59,5.99],[1,1.2,250.54],[2,1.11,24.84]],"ltp":1.26,"tv":1005.28,"id":72857115},{"batb":[[0,1.58,7.15],[1,1.2,250.54],[2,1.11,24.84]],"ltp":1.5,"tv":2055.32,"id":72857116}]}]}
{"op":"mcm","clk":"11877728769","pt":1724089502626,"mc":[{"id":"1.232018919","rc":[{"batb":[[0,1.6,14],[1,1.59,5.99],[2,1.2,250.54]],"ltp":1.26,"tv":1005.28,"id":72857115},{"batb":[[0,1.59,14],[1,1.58,7.15],[2,1.2,250.54]],"ltp":1.5,"tv":2055.32,"id":72857116}]}]}
{"op":"mcm","clk":"11877729114","pt":1724089504903,"mc":[{"id":"1.232018919","rc":[{"batb":[[0,1.6,10]],"ltp":1.26,"tv":1005.28,"id":72857115},{"batb":[[0,1.59,10]],"ltp":1.5,"tv":2055.32,"id":72857116}]}]}
{"op":"mcm","clk":"11877729244","pt":1724089506016,"mc":[{"id":"1.232018919","rc":[{"batb":[[0,1.59,5.99],[1,1.2,250.54],[2,1.11,24.84]],"ltp":1.26,"tv":1005.28,"id":72857115},{"batb":[[0,1.58,7.15],[1,1.2,250.54],[2,1.11,24.84]],"ltp":1.5,"tv":2055.32,"id":72857116}]}]}
{"op":"mcm","clk":"11877729434","pt":1724089507597,"mc":[{"id":"1.232018919","rc":[{"batb":[[0,1.6,4],[1,1.59,5.99],[2,1.2,250.54]],"ltp":1.26,"tv":1005.28,"id":72857115},{"batb":[[0,1.59,4],[1,1.58,7.15],[2,1.2,250.54]],"ltp":1.5,"tv":2055.32,"id":72857116}]}]}
{"op":"mcm","clk":"11877729754","pt":1724089509898,"mc":[{"id":"1.232018919","rc":[{"batb":[[0,1.61,10]],"ltp":1.26,"tv":1005.28,"id":72857115},{"batb":[[0,1.6,10]],"ltp":1.5,"tv":2055.32,"id":72857116}]}]}
{"op":"mcm","clk":"11877730179","pt":1724089513508,"mc":[{"id":"1.232018919","rc":[{"batb":[[0,1.6,4]],"ltp":1.26,"tv":1005.28,"id":72857115},{"batb":[[0,1.59,4]],"ltp":1.5,"tv":2055.32,"id":72857116}]}]}
{"op":"mcm","clk":"11877730434","pt":1724089515912,"mc":[{"id":"1.232018919","rc":[{"batb":[[0,1.61,10]],"ltp":1.26,"tv":1005.28,"id":72857115},{"batb":[[0,1.6,10]],"ltp":1.5,"tv":2055.32,"id":72857116}]}]}
{"op":"mcm","clk":"11877730680","pt":1724089518212,"mc":[{"id":"1.232018919","rc":[{"batb":[[0,1.62,4],[1,1.61,10],[2,1.59,5.99]],"ltp":1.26,"tv":1005.28,"id":72857115},{"batb":[[0,1.61,4],[1,1.6,10],[2,1.58,7.15]],"ltp":1.5,"tv":2055.32,"id":72857116}]}]}
{"op":"mcm","clk":"11877730814","pt":1724089519307,"mc":[{"id":"1.232018919","rc":[{"batb":[[1,1.59,5.99],[2,1.2,250.54]],"ltp":1.26,"tv":1005.28,"id":72857115},{"batb":[[1,1.58,7.15],[2,1.2,250.54]],"ltp":1.5,"tv":2055.32,"id":72857116}]}]}
{"op":"mcm","clk":"11877731016","pt":1724089520822,"mc":[{"id":"1.232018919","rc":[{"batb":[[0,1.59,5.99],[1,1.2,250.54],[2,1.11,24.84]],"ltp":1.26,"tv":1005.28,"id":72857115},{"batb":[[0,1.58,7.15],[1,1.2,250.54],[2,1.11,24.84]],"ltp":1.5,"tv":2055.32,"id":72857116}]}]}
{"op":"mcm","clk":"11877731246","pt":1724089522703,"mc":[{"id":"1.232018919","rc":[{"batb":[[0,1.6,10],[1,1.59,5.99],[2,1.2,250.54]],"ltp":1.26,"tv":1005.28,"id":72857115},{"batb":[[0,1.59,10],[1,1.58,7.15],[2,1.2,250.54]],"ltp":1.5,"tv":2055.32,"id":72857116}]}]}
{"op":"mcm","clk":"11877731299","pt":1724089523223,"mc":[{"id":"1.232018919","rc":[{"batb":[[0,1.61,4],[1,1.6,10],[2,1.59,5.99]],"ltp":1.26,"tv":1005.28,"id":72857115},{"batb":[[0,1.6,4],[1,1.59,10],[2,1.58,7.15]],"ltp":1.5,"tv":2055.32,"id":72857116}]}]}
{"op":"mcm","clk":"11877731554","pt":1724089525522,"mc":[{"id":"1.232018919","rc":[{"batb":[[0,1.6,10],[1,1.59,5.99],[2,1.2,250.54]],"ltp":1.26,"tv":1005.28,"id":72857115},{"batb":[[0,1.59,10],[1,1.58,7.15],[2,1.2,250.54]],"ltp":1.5,"tv":2055.32,"id":72857116}]}]}
{"op":"mcm","clk":"11877731652","pt":1724089526418,"mc":[{"id":"1.232018919","rc":[{"batb":[[0,1.59,5.99],[1,1.2,250.54],[2,1.11,24.84]],"ltp":1.26,"tv":1005.28,"id":72857115},{"batb":[[0,1.58,7.15],[1,1.2,250.54],[2,1.11,24.84]],"ltp":1.5,"tv":2055.32,"id":72857116}]}]}
{"op":"mcm","clk":"11877731905","pt":1724089528812,"mc":[{"id":"1.232018919","rc":[{"batb":[[0,1.6,14],[1,1.59,5.99],[2,1.2,250.54]],"ltp":1.26,"tv":1005.28,"id":72857115},{"batb":[[0,1.59,14],[1,1.58,7.15],[2,1.2,250.54]],"ltp":1.5,"tv":2055.32,"id":72857116}]}]}
{"op":"mcm","clk":"11877732215","pt":1724089531425,"mc":[{"id":"1.232018919","rc":[{"batb":[[0,1.6,10]],"ltp":1.26,"tv":1005.28,"id":72857115},{"batb":[[0,1.59,10]],"ltp":1.5,"tv":2055.32,"id":72857116}]}]}
{"op":"mcm","clk":"11877732344","pt":1724089532318,"mc":[{"id":"1.232018919","rc":[{"batb":[[0,1.59,5.99],[1,1.2,250.54],[2,1.11,24.84]],"ltp":1.26,"tv":1005.28,"id":72857115},{"batb":[[0,1.58,7.15],[1,1.2,250.54],[2,1.11,24.84]],"ltp":1.5,"tv":2055.32,"id":72857116}]}]}
{"op":"mcm","clk":"11877732572","pt":1724089534504,"mc":[{"id":"1.232018919","rc":[{"batb":[[0,1.61,10],[1,1.6,4],[2,1.59,5.99]],"ltp":1.26,"tv":1005.28,"id":72857115},{"batb":[[0,1.6,10],[1,1.59,4],[2,1.58,7.15]],"ltp":1.5,"tv":2055.32,"id":72857116}]}]}
{"op":"mcm","clk":"11877732783","pt":1724089536539,"mc":[{"id":"1.232018919","rc":[{"batb":[[1,1.59,5.99],[2,1.2,250.54]],"ltp":1.26,"tv":1005.28,"id":72857115},{"batb":[[1,1.58,7.15],[2,1.2,250.54]],"ltp":1.5,"tv":2055.32,"id":72857116}]}]}
{"op":"mcm","clk":"11877732845","pt":1724089537118,"mc":[{"id":"1.232018919","rc":[{"batb":[[0,1.62,13.83],[1,1.61,10],[2,1.59,5.99]],"ltp":1.26,"tv":1005.28,"id":72857115},{"batb":[[0,1.61,14.05],[1,1.6,10],[2,1.58,7.15]],"ltp":1.5,"tv":2055.32,"id":72857116}]}]}
{"op":"mcm","clk":"11877732934","pt":1724089537949,"mc":[{"id":"1.232018919","rc":[{"batb":[[1,1.59,5.99],[2,1.2,250.54]],"ltp":1.26,"tv":1005.28,"id":72857115},{"batb":[[1,1.58,7.15],[2,1.2,250.54]],"ltp":1.5,"tv":2055.32,"id":72857116}]}]}
{"op":"mcm","clk":"11877733201","pt":1724089540333,"mc":[{"id":"1.232018919","rc":[{"batb":[[0,1.64,10],[1,1.63,4],[2,1.62,13.83]],"ltp":1.26,"tv":1005.28,"id":72857115},{"batb":[[0,1.63,10],[1,1.62,4],[2,1.61,14.05]],"ltp":1.5,"tv":2055.32,"id":72857116}]}]}
{"op":"mcm","clk":"11877733346","pt":1724089541643,"mc":[{"id":"1.232018919","rc":[{"batb":[[0,1.63,10.54]],"ltp":1.5,"tv":2055.32,"id":72857116}]}]}
{"op":"mcm","clk":"11877733387","pt":1724089542056,"mc":[{"id":"1.232018919","rc":[{"batb":[[1,1.62,13.83],[2,1.59,5.99]],"ltp":1.26,"tv":1005.28,"id":72857115},{"batb":[[1,1.61,14.05],[2,1.58,7.15]],"ltp":1.5,"tv":2055.32,"id":72857116}]}]}
{"op":"mcm","clk":"11877733572","pt":1724089543676,"mc":[{"id":"1.232018919","rc":[{"batb":[[0,1.62,13.83],[1,1.59,5.99],[2,1.2,250.54]],"ltp":1.26,"tv":1005.28,"id":72857115},{"batb":[[0,1.61,14.59],[1,1.58,7.15],[2,1.2,250]],"ltp":1.5,"tv":2055.32,"id":72857116}]}]}
{"op":"mcm","clk":"11877734309","pt":1724089549447,"mc":[{"id":"1.232018919","rc":[{"batb":[[0,1.63,14],[1,1.62,13.83],[2,1.59,5.99]],"ltp":1.26,"tv":1005.28,"id":72857115},{"batb":[[0,1.62,14.54],[1,1.61,14.05],[2,1.58,7.15]],"ltp":1.5,"tv":2055.32,"id":72857116}]}]}
{"op":"mcm","clk":"11877734651","pt":1724089552238,"mc":[{"id":"1.232018919","rc":[{"batb":[[0,1.63,10]],"ltp":1.26,"tv":1005.28,"id":72857115},{"batb":[[0,1.62,10.54]],"ltp":1.5,"tv":2055.32,"id":72857116}]}]}
{"op":"mcm","clk":"11877734749","pt":1724089552853,"mc":[{"id":"1.232018919","rc":[{"batb":[[0,1.62,13.83],[1,1.59,5.99],[2,1.2,250.54]],"ltp":1.26,"tv":1005.28,"id":72857115},{"batb":[[0,1.61,14.59],[1,1.58,7.15],[2,1.2,250]],"ltp":1.5,"tv":2055.32,"id":72857116}]}]}
{"op":"mcm","clk":"11877734950","pt":1724089554470,"mc":[{"id":"1.232018919","rc":[{"batb":[[0,1.63,4],[1,1.62,13.83],[2,1.59,5.99]],"ltp":1.26,"tv":1005.28,"id":72857115},{"batb":[[0,1.62,4.54],[1,1.61,14.05],[2,1.58,7.15]],"ltp":1.5,"tv":2055.32,"id":72857116}]}]}
{"op":"mcm","clk":"11877735081","pt":1724089555663,"mc":[{"id":"1.232018919","rc":[{"batb":[[0,1.64,10],[1,1.63,4],[2,1.62,13.83]],"ltp":1.26,"tv":1005.28,"id":72857115},{"batb":[[0,1.63,10.54],[1,1.62,4],[2,1.61,14.05]],"ltp":1.5,"tv":2055.32,"id":72857116}]}]}
{"op":"mcm","clk":"11877735216","pt":1724089556871,"mc":[{"id":"1.232018919","rc":[{"batb":[[1,1.62,13.83],[2,1.59,5.99]],"ltp":1.26,"tv":1005.28,"id":72857115},{"batb":[[1,1.61,14.05],[2,1.58,7.15]],"ltp":1.5,"tv":2055.32,"id":72857116}]}]}
{"op":"mcm","clk":"11877735476","pt":1724089559163,"mc":[{"id":"1.232018919","rc":[{"batb":[[0,1.65,4]],"ltp":1.26,"tv":1005.28,"id":72857115},{"batb":[[0,1.64,4.54]],"ltp":1.5,"tv":2055.32,"id":72857116}]}]}
{"op":"mcm","clk":"11877735740","pt":1724089561574,"mc":[{"id":"1.232018919","rc":[{"batb":[[0,1.63,10]],"ltp":1.26,"tv":1005.28,"id":72857115},{"batb":[[0,1.62,10.54]],"ltp":1.5,"tv":2055.32,"id":72857116}]}]}
{"op":"mcm","clk":"11877736085","pt":1724089564771,"mc":[{"id":"1.232018919","rc":[{"batb":[[0,1.61,14.59],[1,1.58,7.15],[2,1.2,250]],"ltp":1.5,"tv":2055.32,"id":72857116}]}]}
{"op":"mcm","clk":"11877736098","pt":1724089564877,"mc":[{"id":"1.232018919","rc":[{"batb":[[0,1.64,4]],"ltp":1.26,"tv":1005.28,"id":72857115},{"batb":[[0,1.62,4.54],[1,1.61,14.05],[2,1.58,7.15]],"ltp":1.5,"tv":2055.32,"id":72857116}]}]}
{"op":"mcm","clk":"11877736383","pt":1724089567275,"mc":[{"id":"1.232018919","rc":[{"batb":[[0,1.63,10]],"ltp":1.26,"tv":1005.28,"id":72857115},{"batb":[[0,1.62,10.54]],"ltp":1.5,"tv":2055.32,"id":72857116}]}]}
{"op":"mcm","clk":"11877736627","pt":1724089569479,"mc":[{"id":"1.232018919","rc":[{"batb":[[0,1.64,4],[1,1.63,10],[2,1.62,13.83]],"ltp":1.26,"tv":1005.28,"id":72857115},{"batb":[[0,1.63,4.54],[1,1.62,10],[2,1.61,14.05]],"ltp":1.5,"tv":2055.32,"id":72857116}]}]}
{"op":"mcm","clk":"11877736742","pt":1724089570472,"mc":[{"id":"1.232018919","rc":[{"batb":[[1,1.62,13.83],[2,1.59,5.99]],"ltp":1.26,"tv":1005.28,"id":72857115},{"batb":[[1,1.61,14.05],[2,1.58,7.15]],"ltp":1.5,"tv":2055.32,"id":72857116}]}]}
{"op":"mcm","clk":"11877736929","pt":1724089572202,"mc":[{"id":"1.232018919","rc":[{"batb":[[0,1.62,13.83],[1,1.59,5.99],[2,1.2,250.54]],"ltp":1.26,"tv":1005.28,"id":72857115},{"batb":[[0,1.61,14.59],[1,1.58,7.15],[2,1.2,250]],"ltp":1.5,"tv":2055.32,"id":72857116}]}]}
{"op":"mcm","clk":"11877737355","pt":1724089575705,"mc":[{"id":"1.232018919","rc":[{"batb":[[0,1.63,14],[1,1.62,13.83],[2,1.59,5.99]],"ltp":1.26,"tv":1005.28,"id":72857115},{"batb":[[0,1.62,14.54],[1,1.61,14.05],[2,1.58,7.15]],"ltp":1.5,"tv":2055.32,"id":72857116}]}]}
{"op":"mcm","clk":"11877737581","pt":1724089577890,"mc":[{"id":"1.232018919","rc":[{"batb":[[0,1.63,10]],"ltp":1.26,"tv":1005.28,"id":72857115},{"batb":[[0,1.62,10.54]],"ltp":1.5,"tv":2055.32,"id":72857116}]}]}
{"op":"mcm","clk":"11877737670","pt":1724089579002,"mc":[{"id":"1.232018919","rc":[{"batb":[[0,1.62,13.83],[1,1.59,5.99],[2,1.2,250]],"ltp":1.26,"tv":1005.28,"id":72857115},{"batb":[[0,1.61,14.59],[1,1.58,7.15],[2,1.2,250]],"ltp":1.5,"tv":2055.32,"id":72857116}]}]}
{"op":"mcm","clk":"11877738039","pt":1724089582728,"mc":[{"id":"1.232018919","rc":[{"batb":[[0,1.63,14],[1,1.62,13.83],[2,1.59,5.99]],"ltp":1.26,"tv":1005.28,"id":72857115},{"batb":[[0,1.62,14.54],[1,1.61,14.05],[2,1.58,7.15]],"ltp":1.5,"tv":2055.32,"id":72857116}]}]}
{"op":"mcm","clk":"11877738283","pt":1724089584925,"mc":[{"id":"1.232018919","rc":[{"batb":[[0,1.63,10]],"ltp":1.26,"tv":1005.28,"id":72857115},{"batb":[[0,1.62,10.54]],"ltp":1.5,"tv":2055.32,"id":72857116}]}]}
{"op":"mcm","clk":"11877738383","pt":1724089585916,"mc":[{"id":"1.232018919","rc":[{"batb":[[0,1.62,13.83],[1,1.59,5.99],[2,1.2,250]],"ltp":1.26,"tv":1005.28,"id":72857115},{"batb":[[0,1.61,14.59],[1,1.58,7.15],[2,1.2,250]],"ltp":1.5,"tv":2055.32,"id":72857116}]}]}
{"op":"mcm","clk":"11877738554","pt":1724089587426,"mc":[{"id":"1.232018919","rc":[{"batb":[[0,1.63,4],[1,1.62,13.83],[2,1.59,5.99]],"ltp":1.26,"tv":1005.28,"id":72857115},{"batb":[[0,1.62,4.54],[1,1.61,14.05],[2,1.58,7.15]],"ltp":1.5,"tv":2055.32,"id":72857116}]}]}
{"op":"mcm","clk":"11877738624","pt":1724089588103,"mc":[{"id":"1.232018919","rc":[{"batb":[[0,1.64,10],[1,1.63,4],[2,1.62,13.83]],"ltp":1.26,"tv":1005.28,"id":72857115},{"batb":[[0,1.63,10.54],[1,1.62,4],[2,1.61,14.05]],"ltp":1.5,"tv":2055.32,"id":72857116}]}]}
{"op":"mcm","clk":"11877738848","pt":1724089590038,"mc":[{"id":"1.232018919","rc":[{"batb":[[1,1.62,13.83],[2,1.59,5.99]],"ltp":1.26,"tv":1005.28,"id":72857115},{"batb":[[1,1.61,14.05],[2,1.58,7.15]],"ltp":1.5,"tv":2055.32,"id":72857116}]}]}
{"op":"mcm","clk":"11877739036","pt":1724089591606,"mc":[{"id":"1.232018919","rc":[{"batb":[[0,1.62,13.83],[1,1.59,5.99],[2,1.2,250]],"ltp":1.26,"tv":1005.28,"id":72857115},{"batb":[[0,1.61,14.59],[1,1.58,7.15],[2,1.2,250]],"ltp":1.5,"tv":2055.32,"id":72857116}]}]}
{"op":"mcm","clk":"11877739283","pt":1724089593895,"mc":[{"id":"1.232018919","rc":[{"batb":[[0,1.63,14],[1,1.62,13.83],[2,1.59,5.99]],"ltp":1.26,"tv":1005.28,"id":72857115},{"batb":[[0,1.62,14.54],[1,1.61,14.05],[2,1.58,7.15]],"ltp":1.5,"tv":2055.32,"id":72857116}]}]}
{"op":"mcm","clk":"11877739615","pt":1724089596723,"mc":[{"id":"1.232018919","rc":[{"batb":[[0,1.63,10]],"ltp":1.26,"tv":1005.28,"id":72857115},{"batb":[[0,1.62,10.54]],"ltp":1.5,"tv":2055.32,"id":72857116}]}]}
{"op":"mcm","clk":"11877739678","pt":1724089597248,"mc":[{"id":"1.232018919","rc":[{"batb":[[0,1.62,13.83],[1,1.59,5.99],[2,1.2,250]],"ltp":1.26,"tv":1005.28,"id":72857115},{"batb":[[0,1.61,14.59],[1,1.58,7.15],[2,1.2,250]],"ltp":1.5,"tv":2055.32,"id":72857116}]}]}
{"op":"mcm","clk":"11877739889","pt":1724089598714,"mc":[{"id":"1.232018919","rc":[{"batb":[[0,1.63,4],[1,1.62,13.83],[2,1.59,5.99]],"ltp":1.26,"tv":1005.28,"id":72857115}]}]}
{"op":"mcm","clk":"11877739915","pt":1724089598923,"mc":[{"id":"1.232018919","rc":[{"batb":[[0,1.62,4.54],[1,1.61,14.05],[2,1.58,7.15]],"ltp":1.5,"tv":2055.32,"id":72857116}]}]}
{"op":"mcm","clk":"11877740184","pt":1724089601213,"mc":[{"id":"1.232018919","rc":[{"batb":[[0,1.64,10]],"ltp":1.26,"tv":1005.28,"id":72857115},{"batb":[[0,1.63,10.54]],"ltp":1.5,"tv":2055.32,"id":72857116}]}]}
{"op":"mcm","clk":"11877740579","pt":1724089604430,"mc":[{"id":"1.232018919","rc":[{"batb":[[0,1.63,4]],"ltp":1.26,"tv":1005.28,"id":72857115},{"batb":[[0,1.64,4.54]],"ltp":1.5,"tv":2055.32,"id":72857116}]}]}
{"op":"mcm","clk":"11877740868","pt":1724089606756,"mc":[{"id":"1.232018919","rc":[{"batb":[[0,1.62,13.83],[1,1.59,5.99],[2,1.2,250]],"ltp":1.26,"tv":1005.28,"id":72857115}]}]}
{"op":"mcm","clk":"11877740951","pt":1724089607431,"mc":[{"id":"1.232018919","rc":[{"batb":[[0,1.63,10],[1,1.62,13.83],[2,1.59,5.99]],"batl":[[2,4,0.77]],"ltp":1.26,"tv":1005.28,"id":72857115},{"batb":[[0,1.65,10.54]],"batl":[[2,4,0.77]],"ltp":1.5,"tv":2055.32,"id":72857116}]}]}
{"op":"mcm","clk":"11877741246","pt":1724089610082,"mc":[{"id":"1.232018919","rc":[{"batb":[[0,1.64,4]],"ltp":1.26,"tv":1005.28,"id":72857115},{"batb":[[0,1.66,4],[1,1.61,14.59]],"ltp":1.5,"tv":2055.32,"id":72857116}]}]}
{"op":"mcm","clk":"11877741559","pt":1724089612774,"mc":[{"id":"1.232018919","rc":[{"batb":[[0,1.63,10]],"ltp":1.26,"tv":1005.28,"id":72857115},{"batb":[[0,1.62,10.54],[1,1.61,14.05]],"ltp":1.5,"tv":2055.32,"id":72857116}]}]}
{"op":"mcm","clk":"11877741851","pt":1724089615174,"mc":[{"id":"1.232018919","rc":[{"batb":[[0,1.64,4],[1,1.63,10],[2,1.62,13.83]],"batl":[[2,5,1.54]],"ltp":1.26,"tv":1005.28,"id":72857115},{"batb":[[0,1.63,4.54],[1,1.62,10],[2,1.61,14.05]],"batl":[[2,5,1.54]],"ltp":1.5,"tv":2055.32,"id":72857116}]}]}
{"op":"mcm","clk":"11877741956","pt":1724089616046,"mc":[{"id":"1.232018919","rc":[{"batb":[[1,1.62,13.83],[2,1.59,5.99]],"ltp":1.26,"tv":1005.28,"id":72857115},{"batb":[[1,1.61,14.05],[2,1.58,7.15]],"ltp":1.5,"tv":2055.32,"id":72857116}]}]}
{"op":"mcm","clk":"11877742129","pt":1724089617460,"mc":[{"id":"1.232018919","rc":[{"batb":[[0,1.62,13.83],[1,1.59,5.99],[2,1.2,250]],"ltp":1.26,"tv":1005.28,"id":72857115},{"batb":[[0,1.61,14.59],[1,1.58,7.15],[2,1.2,250]],"ltp":1.5,"tv":2055.32,"id":72857116}]}]}
{"op":"mcm","clk":"11877742308","pt":1724089618962,"mc":[{"id":"1.232018919","rc":[{"batb":[[0,1.63,10],[1,1.62,13.83],[2,1.59,5.99]],"ltp":1.26,"tv":1005.28,"id":72857115},{"batb":[[0,1.62,10.54],[1,1.61,14.05],[2,1.58,7.15]],"ltp":1.5,"tv":2055.32,"id":72857116}]}]}
{"op":"mcm","clk":"11877742431","pt":1724089620099,"mc":[{"id":"1.232018919","rc":[{"batb":[[0,1.64,4],[1,1.63,10],[2,1.62,13.83]],"ltp":1.26,"tv":1005.28,"id":72857115},{"batb":[[0,1.63,4.54],[1,1.62,10],[2,1.61,14.05]],"ltp":1.5,"tv":2055.32,"id":72857116}]}]}
{"op":"mcm","clk":"11877742756","pt":1724089622778,"mc":[{"id":"1.232018919","rc":[{"batb":[[0,1.62,13.83],[1,1.59,5.99],[2,1.2,250]],"ltp":1.26,"tv":1005.28,"id":72857115},{"batb":[[0,1.61,14.59],[1,1.58,7.15],[2,1.2,250]],"ltp":1.5,"tv":2055.32,"id":72857116}]}]}
{"op":"mcm","clk":"11877743456","pt":1724089628867,"mc":[{"id":"1.232018919","rc":[{"batb":[[0,1.63,14],[1,1.62,13.83],[2,1.59,5.99]],"ltp":1.26,"tv":1005.28,"id":72857115},{"batb":[[0,1.62,14.54],[1,1.61,14.05],[2,1.58,7.15]],"ltp":1.5,"tv":2055.32,"id":72857116}]}]}
{"op":"mcm","clk":"11877743708","pt":1724089631108,"mc":[{"id":"1.232018919","rc":[{"batb":[[0,1.63,10]],"ltp":1.26,"tv":1005.28,"id":72857115},{"batb":[[0,1.62,10.54]],"ltp":1.5,"tv":2055.32,"id":72857116}]}]}
{"op":"mcm","clk":"11877743825","pt":1724089632191,"mc":[{"id":"1.232018919","rc":[{"batb":[[0,1.62,13.83],[1,1.59,5.99],[2,1.2,250]],"ltp":1.26,"tv":1005.28,"id":72857115},{"batb":[[0,1.61,14.59],[1,1.58,7.15],[2,1.2,250]],"ltp":1.5,"tv":2055.32,"id":72857116}]}]}
{"op":"mcm","clk":"11877743960","pt":1724089633284,"mc":[{"id":"1.232018919","rc":[{"batb":[[0,1.63,4],[1,1.62,13.83],[2,1.59,5.99]],"ltp":1.26,"tv":1005.28,"id":72857115},{"batb":[[0,1.62,4.54],[1,1.61,14.05],[2,1.58,7.15]],"ltp":1.5,"tv":2055.32,"id":72857116}]}]}
{"op":"mcm","clk":"11877744245","pt":1724089635577,"mc":[{"id":"1.232018919","rc":[{"batb":[[0,1.63,10]],"ltp":1.26,"tv":1005.28,"id":72857115},{"batb":[[0,1.62,10.54]],"ltp":1.5,"tv":2055.32,"id":72857116}]}]}
{"op":"mcm","clk":"11877744630","pt":1724089638797,"mc":[{"id":"1.232018919","rc":[{"batb":[[0,1.62,13.83],[1,1.59,5.99],[2,1.2,250]],"ltp":1.26,"tv":1005.28,"id":72857115},{"batb":[[0,1.61,14.59],[1,1.58,7.15],[2,1.2,250]],"ltp":1.5,"tv":2055.32,"id":72857116}]}]}
{"op":"mcm","clk":"11877744665","pt":1724089639112,"mc":[{"id":"1.232018919","rc":[{"batb":[[0,1.63,4],[1,1.62,13.83],[2,1.59,5.99]],"ltp":1.26,"tv":1005.28,"id":72857115},{"batb":[[0,1.62,4.54],[1,1.61,14.05],[2,1.58,7.15]],"ltp":1.5,"tv":2055.32,"id":72857116}]}]}
{"op":"mcm","clk":"11877744949","pt":1724089641399,"mc":[{"id":"1.232018919","rc":[{"batb":[[0,1.63,10]],"ltp":1.26,"tv":1005.28,"id":72857115},{"batb":[[0,1.63,10.54]],"ltp":1.5,"tv":2055.32,"id":72857116}]}]}
{"op":"mcm","clk":"11877745356","pt":1724089644679,"mc":[{"id":"1.232018919","rc":[{"batb":[[0,1.62,13.83],[1,1.59,5.99],[2,1.2,250]],"ltp":1.26,"tv":1005.28,"id":72857115},{"batb":[[0,1.61,14.59],[1,1.58,7.15],[2,1.2,250]],"ltp":1.5,"tv":2055.32,"id":72857116}]}]}
{"op":"mcm","clk":"11877745364","pt":1724089644829,"mc":[{"id":"1.232018919","rc":[{"batb":[[0,1.63,4],[1,1.62,13.83],[2,1.59,5.99]],"ltp":1.26,"tv":1005.28,"id":72857115},{"batb":[[0,1.62,4.54],[1,1.61,14.05],[2,1.58,7.15]],"ltp":1.5,"tv":2055.32,"id":72857116}]}]}
{"op":"mcm","clk":"11877745702","pt":1724089647388,"mc":[{"id":"1.232018919","rc":[{"batb":[[0,1.63,10]],"ltp":1.26,"tv":1005.28,"id":72857115},{"batb":[[0,1.62,10.54]],"ltp":1.5,"tv":2055.32,"id":72857116}]}]}
{"op":"mcm","clk":"11877746075","pt":1724089650815,"mc":[{"id":"1.232018919","rc":[{"batb":[[0,1.63,4]],"ltp":1.26,"tv":1005.28,"id":72857115},{"batb":[[0,1.62,4.54]],"ltp":1.5,"tv":2055.32,"id":72857116}]}]}
{"op":"mcm","clk":"11877746319","pt":1724089653230,"mc":[{"id":"1.232018919","rc":[{"batb":[[0,1.64,10]],"ltp":1.26,"tv":1005.28,"id":72857115},{"batb":[[0,1.63,10.54]],"ltp":1.5,"tv":2055.32,"id":72857116}]}]}
{"op":"mcm","clk":"11877746729","pt":1724089656714,"mc":[{"id":"1.232018919","rc":[{"batb":[[0,1.63,4]],"ltp":1.26,"tv":1005.28,"id":72857115},{"batb":[[0,1.62,4.54]],"ltp":1.5,"tv":2055.32,"id":72857116}]}]}
{"op":"mcm","clk":"11877746958","pt":1724089658641,"mc":[{"id":"1.232018919","rc":[{"batb":[[0,1.64,10],[1,1.63,4],[2,1.62,13.83]],"ltp":1.26,"tv":1005.28,"id":72857115},{"batb":[[0,1.63,10.54],[1,1.62,4],[2,1.61,14.05]],"ltp":1.5,"tv":2055.32,"id":72857116}]}]}
{"op":"mcm","clk":"11877747008","pt":1724089659006,"mc":[{"id":"1.232018919","rc":[{"batb":[[1,1.62,13.83],[2,1.59,5.99]],"ltp":1.26,"tv":1005.28,"id":72857115},{"batb":[[1,1.61,14.05],[2,1.58,7.15]],"ltp":1.5,"tv":2055.32,"id":72857116}]}]}
{"op":"mcm","clk":"11877747414","pt":1724089662026,"mc":[{"id":"1.232018919","rc":[{"batb":[[0,1.65,4]],"ltp":1.26,"tv":1005.28,"id":72857115},{"batb":[[0,1.64,4.54]],"ltp":1.5,"tv":2055.32,"id":72857116}]}]}
{"op":"mcm","clk":"11877747920","pt":1724089665198,"mc":[{"id":"1.232018919","rc":[{"batb":[[0,1.66,10]],"ltp":1.26,"tv":1005.28,"id":72857115},{"batb":[[0,1.65,10.54]],"ltp":1.5,"tv":2055.32,"id":72857116}]}]}
{"op":"mcm","clk":"11877748744","pt":1724089667552,"mc":[{"id":"1.232018919","rc":[{"batb":[[0,1.67,4],[1,1.66,10],[2,1.62,13.83]],"ltp":1.26,"tv":1005.28,"id":72857115},{"batb":[[0,1.66,4.54],[1,1.65,10],[2,1.61,14.05]],"ltp":1.5,"tv":2055.32,"id":72857116}]}]}
{"op":"mcm","clk":"11877749427","pt":1724089669728,"mc":[{"id":"1.232018919","rc":[{"batb":[[0,1.62,13.83],[1,1.59,5.99],[2,1.2,250]],"ltp":1.26,"tv":1005.28,"id":72857115},{"batb":[[0,1.61,14.59],[1,1.58,7.15],[2,1.2,250]],"ltp":1.5,"tv":2055.32,"id":72857116}]}]}
{"op":"mcm","clk":"11877749845","pt":1724089671114,"mc":[{"id":"1.232018919","rc":[{"batb":[[0,1.63,10],[1,1.62,13.83],[2,1.59,5.99]],"ltp":1.26,"tv":1005.28,"id":72857115},{"batb":[[0,1.62,10.54],[1,1.61,14.05],[2,1.58,7.15]],"ltp":1.5,"tv":2055.32,"id":72857116}]}]}
{"op":"mcm","clk":"11877750127","pt":1724089672328,"mc":[{"id":"1.232018919","rc":[{"batb":[[0,1.64,4],[1,1.63,10],[2,1.62,13.83]],"ltp":1.26,"tv":1005.28,"id":72857115},{"batb":[[0,1.63,4.54],[1,1.62,10],[2,1.61,14.05]],"ltp":1.5,"tv":2055.32,"id":72857116}]}]}
{"op":"mcm","clk":"11877750572","pt":1724089674524,"mc":[{"id":"1.232018919","rc":[{"batb":[[0,1.62,13.83],[1,1.59,5.99],[2,1.2,250]],"ltp":1.26,"tv":1005.28,"id":72857115},{"batb":[[0,1.61,14.59],[1,1.58,7.15],[2,1.2,250]],"ltp":1.5,"tv":2055.32,"id":72857116}]}]}
{"op":"mcm","clk":"11877750976","pt":1724089676834,"mc":[{"id":"1.232018919","rc":[{"batb":[[0,1.63,14],[1,1.62,13.83],[2,1.59,5.99]],"ltp":1.26,"tv":1005.28,"id":72857115},{"batb":[[0,1.62,14.54],[1,1.61,14.05],[2,1.58,7.15]],"ltp":1.5,"tv":2055.32,"id":72857116}]}]}
{"op":"mcm","clk":"11877751421","pt":1724089679457,"mc":[{"id":"1.232018919","rc":[{"batb":[[0,1.63,10]],"ltp":1.26,"tv":1005.28,"id":72857115},{"batb":[[0,1.62,10.54]],"ltp":1.5,"tv":2055.32,"id":72857116}]}]}
{"op":"mcm","clk":"11877751579","pt":1724089680461,"mc":[{"id":"1.232018919","rc":[{"batb":[[0,1.62,13.83],[1,1.59,5.99],[2,1.2,250]],"ltp":1.26,"tv":1005.28,"id":72857115},{"batb":[[0,1.61,14.59],[1,1.58,7.15],[2,1.2,250]],"ltp":1.5,"tv":2055.32,"id":72857116}]}]}
{"op":"mcm","clk":"11877751943","pt":1724089682647,"mc":[{"id":"1.232018919","rc":[{"batb":[[0,1.63,14],[1,1.62,13.83],[2,1.59,5.99]],"ltp":1.26,"tv":1005.28,"id":72857115},{"batb":[[0,1.62,14.54],[1,1.61,14.05],[2,1.58,7.15]],"ltp":1.5,"tv":2055.32,"id":72857116}]}]}
{"op":"mcm","clk":"11877752268","pt":1724089684850,"mc":[{"id":"1.232018919","rc":[{"batb":[[0,1.63,10]],"ltp":1.26,"tv":1005.28,"id":72857115},{"batb":[[0,1.62,10.54]],"ltp":1.5,"tv":2055.32,"id":72857116}]}]}
{"op":"mcm","clk":"11877752427","pt":1724089685978,"mc":[{"id":"1.232018919","rc":[{"batb":[[0,1.62,13.83],[1,1.59,5.99],[2,1.2,250]],"ltp":1.26,"tv":1005.28,"id":72857115},{"batb":[[0,1.61,14.59],[1,1.58,7.15],[2,1.2,250]],"ltp":1.5,"tv":2055.32,"id":72857116}]}]}
{"op":"mcm","clk":"11877752941","pt":1724089689623,"mc":[{"id":"1.232018919","rc":[{"batb":[[0,1.63,14],[1,1.62,13.83],[2,1.59,5.99]],"ltp":1.26,"tv":1005.28,"id":72857115},{"batb":[[0,1.62,14.54],[1,1.61,14.05],[2,1.58,7.15]],"ltp":1.5,"tv":2055.32,"id":72857116}]}]}
{"op":"mcm","clk":"11877753262","pt":1724089692067,"mc":[{"id":"1.232018919","rc":[{"batb":[[0,1.63,10]],"ltp":1.26,"tv":1005.28,"id":72857115},{"batb":[[0,1.62,10.54]],"ltp":1.5,"tv":2055.32,"id":72857116}]}]}
{"op":"mcm","clk":"11877753360","pt":1724089692846,"mc":[{"id":"1.232018919","rc":[{"batb":[[0,1.62,13.83],[1,1.59,5.99],[2,1.2,250]],"ltp":1.26,"tv":1005.28,"id":72857115},{"batb":[[0,1.61,14.59],[1,1.58,7.15],[2,1.2,250]],"ltp":1.5,"tv":2055.32,"id":72857116}]}]}
{"op":"mcm","clk":"11877754077","pt":1724089698062,"mc":[{"id":"1.232018919","rc":[{"batb":[[0,1.63,14],[1,1.62,13.83],[2,1.59,5.99]],"ltp":1.26,"tv":1005.28,"id":72857115},{"batb":[[0,1.62,14.54],[1,1.61,14.05],[2,1.58,7.15]],"ltp":1.5,"tv":2055.32,"id":72857116}]}]}
{"op":"mcm","clk":"11877754422","pt":1724089700732,"mc":[{"id":"1.232018919","rc":[{"batb":[[0,1.63,10]],"ltp":1.26,"tv":1005.28,"id":72857115},{"batb":[[0,1.62,10.54]],"ltp":1.5,"tv":2055.32,"id":72857116}]}]}
{"op":"mcm","clk":"11877754539","pt":1724089701673,"mc":[{"id":"1.232018919","rc":[{"batb":[[0,1.62,13.83],[1,1.59,5.99],[2,1.2,250]],"ltp":1.26,"tv":1005.28,"id":72857115},{"batb":[[0,1.61,14.59],[1,1.58,7.15],[2,1.2,250]],"ltp":1.5,"tv":2055.32,"id":72857116}]}]}
{"op":"mcm","clk":"11877754812","pt":1724089703859,"mc":[{"id":"1.232018919","rc":[{"batb":[[0,1.63,14],[1,1.62,13.83],[2,1.59,5.99]],"ltp":1.26,"tv":1005.28,"id":72857115},{"batb":[[0,1.62,14.54],[1,1.61,14.05],[2,1.58,7.15]],"ltp":1.5,"tv":2055.32,"id":72857116}]}]}
{"op":"mcm","clk":"11877755103","pt":1724089706371,"mc":[{"id":"1.232018919","rc":[{"batb":[[0,1.63,10]],"ltp":1.26,"tv":1005.28,"id":72857115},{"batb":[[0,1.62,10.54]],"ltp":1.5,"tv":2055.32,"id":72857116}]}]}
{"op":"mcm","clk":"11877755209","pt":1724089707254,"mc":[{"id":"1.232018919","rc":[{"batb":[[0,1.62,13.83],[1,1.59,5.99],[2,1.2,250]],"ltp":1.26,"tv":1005.28,"id":72857115},{"batb":[[0,1.61,14.59],[1,1.58,7.15],[2,1.2,250]],"ltp":1.5,"tv":2055.32,"id":72857116}]}]}
{"op":"mcm","clk":"11877755480","pt":1724089708975,"mc":[{"id":"1.232018919","rc":[{"batb":[[0,1.63,4],[1,1.62,13.83],[2,1.59,5.99]],"ltp":1.26,"tv":1005.28,"id":72857115},{"batb":[[0,1.62,4.54],[1,1.61,14.05],[2,1.58,7.15]],"ltp":1.5,"tv":2055.32,"id":72857116}]}]}
{"op":"mcm","clk":"11877755626","pt":1724089710161,"mc":[{"id":"1.232018919","rc":[{"batb":[[0,1.64,10],[1,1.63,4],[2,1.62,13.83]],"ltp":1.26,"tv":1005.28,"id":72857115},{"batb":[[0,1.63,10.54],[1,1.62,4],[2,1.61,14.05]],"ltp":1.5,"tv":2055.32,"id":72857116}]}]}
{"op":"mcm","clk":"11877755854","pt":1724089711778,"mc":[{"id":"1.232018919","rc":[{"batb":[[1,1.62,13.83],[2,1.59,5.99]],"ltp":1.26,"tv":1005.28,"id":72857115},{"batb":[[1,1.61,14.05],[2,1.58,7.15]],"ltp":1.5,"tv":2055.32,"id":72857116}]}]}
{"op":"mcm","clk":"11877756064","pt":1724089713489,"mc":[{"id":"1.232018919","rc":[{"batb":[[0,1.62,13.83],[1,1.59,5.99],[2,1.2,250]],"ltp":1.26,"tv":1005.28,"id":72857115},{"batb":[[0,1.61,14.59],[1,1.58,7.15],[2,1.2,250]],"ltp":1.5,"tv":2055.32,"id":72857116}]}]}
{"op":"mcm","clk":"11877756305","pt":1724089715356,"mc":[{"id":"1.232018919","rc":[{"batb":[[0,1.63,4],[1,1.62,13.83],[2,1.59,5.99]],"ltp":1.26,"tv":1005.28,"id":72857115},{"batb":[[0,1.62,4.54],[1,1.61,14.05],[2,1.58,7.15]],"ltp":1.5,"tv":2055.32,"id":72857116}]}]}
{"op":"mcm","clk":"11877756441","pt":1724089716558,"mc":[{"id":"1.232018919","rc":[{"batb":[[0,1.64,10],[1,1.63,4],[2,1.62,13.83]],"ltp":1.26,"tv":1005.28,"id":72857115},{"batb":[[0,1.63,10.54],[1,1.62,4],[2,1.61,14.05]],"ltp":1.5,"tv":2055.32,"id":72857116}]}]}
{"op":"mcm","clk":"11877756580","pt":1724089717599,"mc":[{"id":"1.232018919","rc":[{"batb":[[1,1.62,13.83],[2,1.59,5.99]],"ltp":1.26,"tv":1005.28,"id":72857115},{"batb":[[1,1.61,14.05],[2,1.58,7.15]],"ltp":1.5,"tv":2055.32,"id":72857116}]}]}
{"op":"mcm","clk":"11877756916","pt":1724089720257,"mc":[{"id":"1.232018919","rc":[{"batb":[[0,1.65,4]],"ltp":1.26,"tv":1005.28,"id":72857115},{"batb":[[0,1.64,4.54]],"ltp":1.5,"tv":2055.32,"id":72857116}]}]}
{"op":"mcm","clk":"11877757221","pt":1724089722565,"mc":[{"id":"1.232018919","rc":[{"batb":[[0,1.66,10]],"ltp":1.26,"tv":1005.28,"id":72857115},{"batb":[[0,1.65,10.54]],"ltp":1.5,"tv":2055.32,"id":72857116}]}]}
{"op":"mcm","clk":"11877757681","pt":1724089726314,"mc":[{"id":"1.232018919","rc":[{"batb":[[0,1.63,4]],"ltp":1.26,"tv":1005.28,"id":72857115},{"batb":[[0,1.62,4.54]],"ltp":1.5,"tv":2055.32,"id":72857116}]}]}
{"op":"mcm","clk":"11877757913","pt":1724089728385,"mc":[{"id":"1.232018919","rc":[{"batb":[[0,1.64,10],[1,1.63,4],[2,1.62,13.83]],"ltp":1.26,"tv":1005.28,"id":72857115},{"batb":[[0,1.63,10.54],[1,1.62,4],[2,1.61,14.05]],"ltp":1.5,"tv":2055.32,"id":72857116}]}]}
{"op":"mcm","clk":"11877757978","pt":1724089728902,"mc":[{"id":"1.232018919","rc":[{"batb":[[1,1.62,13.83],[2,1.59,5.99]],"ltp":1.26,"tv":1005.28,"id":72857115},{"batb":[[1,1.61,14.05],[2,1.58,7.15]],"ltp":1.5,"tv":2055.32,"id":72857116}]}]}
{"op":"mcm","clk":"11877758349","pt":1724089732074,"mc":[{"id":"1.232018919","rc":[{"batb":[[0,1.63,4]],"ltp":1.26,"tv":1005.28,"id":72857115},{"batb":[[0,1.62,4.54]],"ltp":1.5,"tv":2055.32,"id":72857116}]}]}
{"op":"mcm","clk":"11877758694","pt":1724089734784,"mc":[{"id":"1.232018919","rc":[{"batb":[[0,1.64,10]],"ltp":1.26,"tv":1005.28,"id":72857115},{"batb":[[0,1.63,10.54]],"ltp":1.5,"tv":2055.32,"id":72857116}]}]}
{"op":"mcm","clk":"11877758984","pt":1724089737683,"mc":[{"id":"1.232018919","rc":[{"batb":[[0,1.65,4],[1,1.64,10],[2,1.62,13.83]],"ltp":1.26,"tv":1005.28,"id":72857115},{"batb":[[0,1.64,4.54],[1,1.63,10],[2,1.61,14.05]],"ltp":1.5,"tv":2055.32,"id":72857116}]}]}
{"op":"mcm","clk":"11877759085","pt":1724089738407,"mc":[{"id":"1.232018919","rc":[{"batb":[[1,1.62,13.83],[2,1.59,5.99]],"ltp":1.26,"tv":1005.28,"id":72857115},{"batb":[[1,1.61,14.05],[2,1.58,7.15]],"ltp":1.5,"tv":2055.32,"id":72857116}]}]}
{"op":"mcm","clk":"11877759243","pt":1724089739909,"mc":[{"id":"1.232018919","rc":[{"batb":[[0,1.62,13.83],[1,1.59,5.99],[2,1.2,250]],"ltp":1.26,"tv":1005.28,"id":72857115},{"batb":[[0,1.61,14.59],[1,1.58,7.15],[2,1.2,250]],"ltp":1.5,"tv":2055.32,"id":72857116}]}]}
{"op":"mcm","clk":"11877759380","pt":1724089741105,"mc":[{"id":"1.232018919","rc":[{"batb":[[0,1.63,10],[1,1.62,13.83],[2,1.59,5.99]],"ltp":1.26,"tv":1005.28,"id":72857115},{"batb":[[0,1.62,10.54],[1,1.61,14.05],[2,1.58,7.15]],"ltp":1.5,"tv":2055.32,"id":72857116}]}]}
{"op":"mcm","clk":"11877759774","pt":1724089744495,"mc":[{"id":"1.232018919","rc":[{"batb":[[0,1.63,4]],"ltp":1.26,"tv":1005.28,"id":72857115},{"batb":[[0,1.62,4.54]],"ltp":1.5,"tv":2055.32,"id":72857116}]}]}
{"op":"mcm","clk":"11877760033","pt":1724089746779,"mc":[{"id":"1.232018919","rc":[{"batb":[[0,1.64,10]],"ltp":1.26,"tv":1005.28,"id":72857115},{"batb":[[0,1.63,10.54]],"ltp":1.5,"tv":2055.32,"id":72857116}]}]}
{"op":"mcm","clk":"11877760306","pt":1724089749124,"mc":[{"id":"1.232018919","rc":[{"batb":[[0,1.65,4],[1,1.64,10],[2,1.62,13.83]],"ltp":1.26,"tv":1005.28,"id":72857115},{"batb":[[0,1.64,4.54],[1,1.63,10],[2,1.61,14.05]],"ltp":1.5,"tv":2055.32,"id":72857116}]}]}
{"op":"mcm","clk":"11877760430","pt":1724089750220,"mc":[{"id":"1.232018919","rc":[{"batb":[[1,1.62,13.83],[2,1.59,5.99]],"ltp":1.26,"tv":1005.28,"id":72857115},{"batb":[[1,1.61,14.05],[2,1.58,7.15]],"ltp":1.5,"tv":2055.32,"id":72857116}]}]}
{"op":"mcm","clk":"11877760562","pt":1724089751411,"mc":[{"id":"1.232018919","rc":[{"batb":[[0,1.62,13.83],[1,1.59,5.99],[2,1.2,250]],"ltp":1.26,"tv":1005.28,"id":72857115},{"batb":[[0,1.61,14.59],[1,1.58,7.15],[2,1.2,250]],"ltp":1.5,"tv":2055.32,"id":72857116}]}]}
{"op":"mcm","clk":"11877760705","pt":1724089752813,"mc":[{"id":"1.232018919","rc":[{"batb":[[0,1.63,10],[1,1.62,13.83],[2,1.59,5.99]],"ltp":1.26,"tv":1005.28,"id":72857115},{"batb":[[0,1.62,10.54],[1,1.61,14.05],[2,1.58,7.15]],"ltp":1.5,"tv":2055.32,"id":72857116}]}]}
{"op":"mcm","clk":"11877760960","pt":1724089754897,"mc":[{"id":"1.232018919","rc":[{"batb":[[0,1.64,4],[1,1.63,10],[2,1.62,13.83]],"ltp":1.26,"tv":1005.28,"id":72857115},{"batb":[[0,1.63,4.54],[1,1.62,10],[2,1.61,14.05]],"ltp":1.5,"tv":2055.32,"id":72857116}]}]}
{"op":"mcm","clk":"11877761116","pt":1724089756200,"mc":[{"id":"1.232018919","rc":[{"batb":[[1,1.62,13.83],[2,1.59,5.99]],"ltp":1.26,"tv":1005.28,"id":72857115},{"batb":[[1,1.61,14.05],[2,1.58,7.15]],"ltp":1.5,"tv":2055.32,"id":72857116}]}]}
{"op":"mcm","clk":"11877761272","pt":1724089757396,"mc":[{"id":"1.232018919","rc":[{"batb":[[0,1.62,13.83],[1,1.59,5.99],[2,1.2,250]],"ltp":1.26,"tv":1005.28,"id":72857115},{"batb":[[0,1.61,14.59],[1,1.58,7.15],[2,1.2,250]],"ltp":1.5,"tv":2055.32,"id":72857116}]}]}
{"op":"mcm","clk":"11877761542","pt":1724089759737,"mc":[{"id":"1.232018919","rc":[{"batb":[[0,1.63,14],[1,1.62,13.83],[2,1.59,5.99]],"ltp":1.26,"tv":1005.28,"id":72857115},{"batb":[[0,1.62,14.54],[1,1.61,14.05],[2,1.58,7.15]],"ltp":1.5,"tv":2055.32,"id":72857116}]}]}
{"op":"mcm","clk":"11877761818","pt":1724089762017,"mc":[{"id":"1.232018919","rc":[{"batb":[[0,1.63,10]],"ltp":1.26,"tv":1005.28,"id":72857115},{"batb":[[0,1.62,10.54]],"ltp":1.5,"tv":2055.32,"id":72857116}]}]}
{"op":"mcm","clk":"11877761921","pt":1724089762908,"mc":[{"id":"1.232018919","rc":[{"batb":[[0,1.62,13.83],[1,1.59,5.99],[2,1.2,250]],"ltp":1.26,"tv":1005.28,"id":72857115},{"batb":[[0,1.61,14.59],[1,1.58,7.15],[2,1.2,250]],"ltp":1.5,"tv":2055.32,"id":72857116}]}]}
{"op":"mcm","clk":"11877762368","pt":1724089766702,"mc":[{"id":"1.232018919","rc":[{"batb":[[0,1.63,14],[1,1.62,13.83],[2,1.59,5.99]],"ltp":1.26,"tv":1005.28,"id":72857115},{"batb":[[0,1.62,14.54],[1,1.61,14.05],[2,1.58,7.15]],"ltp":1.5,"tv":2055.32,"id":72857116}]}]}
{"op":"mcm","clk":"11877762686","pt":1724089769559,"mc":[{"id":"1.232018919","rc":[{"batb":[[0,1.63,10]],"ltp":1.26,"tv":1005.28,"id":72857115},{"batb":[[0,1.62,10.54]],"ltp":1.5,"tv":2055.32,"id":72857116}]}]}
{"op":"mcm","clk":"11877762747","pt":1724089770033,"mc":[{"id":"1.232018919","rc":[{"batb":[[0,1.62,13.83],[1,1.59,5.99],[2,1.2,250]],"ltp":1.26,"tv":1005.28,"id":72857115},{"batb":[[0,1.61,14.59],[1,1.58,7.15],[2,1.2,250]],"ltp":1.5,"tv":2055.32,"id":72857116}]}]}
{"op":"mcm","clk":"11877763140","pt":1724089773271,"mc":[{"id":"1.232018919","rc":[{"batb":[[0,1.63,14],[1,1.62,13.83],[2,1.59,5.99]],"ltp":1.26,"tv":1005.28,"id":72857115},{"batb":[[0,1.62,14.54],[1,1.61,14.05],[2,1.58,7.15]],"ltp":1.5,"tv":2055.32,"id":72857116}]}]}
{"op":"mcm","clk":"11877763430","pt":1724089775839,"mc":[{"id":"1.232018919","rc":[{"batb":[[0,1.63,10]],"ltp":1.26,"tv":1005.28,"id":72857115},{"batb":[[0,1.62,10.54]],"ltp":1.5,"tv":2055.32,"id":72857116}]}]}
{"op":"mcm","clk":"11877763536","pt":1724089776854,"mc":[{"id":"1.232018919","rc":[{"batb":[[0,1.62,13.83],[1,1.59,5.99],[2,1.2,250]],"ltp":1.26,"tv":1005.28,"id":72857115},{"batb":[[0,1.61,14.59],[1,1.58,7.15],[2,1.2,250]],"ltp":1.5,"tv":2055.32,"id":72857116}]}]}
{"op":"mcm","clk":"11877763684","pt":1724089778238,"mc":[{"id":"1.232018919","rc":[{"batb":[[0,1.63,4],[1,1.62,13.83],[2,1.59,5.99]],"ltp":1.26,"tv":1005.28,"id":72857115},{"batb":[[0,1.62,4.54],[1,1.61,14.05],[2,1.58,7.15]],"ltp":1.5,"tv":2055.32,"id":72857116}]}]}
{"op":"mcm","clk":"11877763854","pt":1724089779541,"mc":[{"id":"1.232018919","rc":[{"batb":[[0,1.64,10],[1,1.63,4],[2,1.62,13.83]],"ltp":1.26,"tv":1005.28,"id":72857115},{"batb":[[0,1.63,10.54],[1,1.62,4],[2,1.61,14.05]],"ltp":1.5,"tv":2055.32,"id":72857116}]}]}
{"op":"mcm","clk":"11877763971","pt":1724089780562,"mc":[{"id":"1.232018919","rc":[{"batb":[[1,1.62,13.83],[2,1.59,5.99]],"ltp":1.26,"tv":1005.28,"id":72857115},{"batb":[[1,1.61,14.05],[2,1.58,7.15]],"ltp":1.5,"tv":2055.32,"id":72857116}]}]}
{"op":"mcm","clk":"11877764188","pt":1724089782737,"mc":[{"id":"1.232018919","rc":[{"batb":[[0,1.65,4],[1,1.64,10],[2,1.62,13.83]],"ltp":1.26,"tv":1005.28,"id":72857115},{"batb":[[0,1.64,4.54],[1,1.63,10],[2,1.61,14.05]],"ltp":1.5,"tv":2055.32,"id":72857116}]}]}
{"op":"mcm","clk":"11877764218","pt":1724089783049,"mc":[{"id":"1.232018919","rc":[{"batb":[[1,1.62,13.83],[2,1.59,5.99]],"ltp":1.26,"tv":1005.28,"id":72857115},{"batb":[[1,1.61,14.05],[2,1.58,7.15]],"ltp":1.5,"tv":2055.32,"id":72857116}]}]}
{"op":"mcm","clk":"11877764471","pt":1724089785266,"mc":[{"id":"1.232018919","rc":[{"batb":[[0,1.63,10]],"ltp":1.26,"tv":1005.28,"id":72857115},{"batb":[[0,1.62,10.54]],"ltp":1.5,"tv":2055.32,"id":72857116}]}]}
{"op":"mcm","clk":"11877764750","pt":1724089787748,"mc":[{"id":"1.232018919","rc":[{"batb":[[0,1.64,4],[1,1.63,10],[2,1.62,13.83]],"ltp":1.26,"tv":1005.28,"id":72857115},{"batb":[[0,1.63,4.54],[1,1.62,10],[2,1.61,14.05]],"ltp":1.5,"tv":2055.32,"id":72857116}]}]}
{"op":"mcm","clk":"11877764825","pt":1724089788470,"mc":[{"id":"1.232018919","rc":[{"batb":[[1,1.62,13.83],[2,1.59,5.99]],"ltp":1.26,"tv":1005.28,"id":72857115},{"batb":[[1,1.61,14.05],[2,1.58,7.15]],"ltp":1.5,"tv":2055.32,"id":72857116}]}]}
{"op":"mcm","clk":"11877765012","pt":1724089790077,"mc":[{"id":"1.232018919","rc":[{"batb":[[0,1.62,13.83],[1,1.59,5.99],[2,1.2,250]],"ltp":1.26,"tv":1005.28,"id":72857115},{"batb":[[0,1.61,14.59],[1,1.58,7.15],[2,1.2,250]],"ltp":1.5,"tv":2055.32,"id":72857116}]}]}
{"op":"mcm","clk":"11877765148","pt":1724089791374,"mc":[{"id":"1.232018919","rc":[{"batb":[[0,1.63,10],[1,1.62,13.83],[2,1.59,5.99]],"ltp":1.26,"tv":1005.28,"id":72857115},{"batb":[[0,1.62,10.54],[1,1.61,14.05],[2,1.58,7.15]],"ltp":1.5,"tv":2055.32,"id":72857116}]}]}
{"op":"mcm","clk":"11877765374","pt":1724089793544,"mc":[{"id":"1.232018919","rc":[{"batb":[[0,1.64,4],[1,1.63,10],[2,1.62,13.83]],"ltp":1.26,"tv":1005.28,"id":72857115},{"batb":[[0,1.63,4.54],[1,1.62,10],[2,1.61,14.05]],"ltp":1.5,"tv":2055.32,"id":72857116}]}]}
{"op":"mcm","clk":"11877765506","pt":1724089794680,"mc":[{"id":"1.232018919","rc":[{"batb":[[1,1.62,13.83],[2,1.59,5.99]],"ltp":1.26,"tv":1005.28,"id":72857115},{"batb":[[1,1.61,14.05],[2,1.58,7.15]],"ltp":1.5,"tv":2055.32,"id":72857116}]}]}
{"op":"mcm","clk":"11877765729","pt":1724089796760,"mc":[{"id":"1.232018919","rc":[{"batb":[[0,1.62,13.83],[1,1.59,5.99],[2,1.2,250]],"ltp":1.26,"tv":1005.28,"id":72857115},{"batb":[[0,1.61,14.59],[1,1.58,7.15],[2,1.2,250]],"ltp":1.5,"tv":2055.32,"id":72857116}]}]}
{"op":"mcm","clk":"11877765747","pt":1724089796961,"mc":[{"id":"1.232018919","rc":[{"batb":[[0,1.63,10],[1,1.62,13.83],[2,1.59,5.99]],"ltp":1.26,"tv":1005.28,"id":72857115},{"batb":[[0,1.62,10.54],[1,1.61,14.05],[2,1.58,7.15]],"ltp":1.5,"tv":2055.32,"id":72857116}]}]}
{"op":"mcm","clk":"11877765957","pt":1724089798979,"mc":[{"id":"1.232018919","rc":[{"batb":[[0,1.64,4],[1,1.63,10],[2,1.62,13.83]],"ltp":1.26,"tv":1005.28,"id":72857115},{"batb":[[0,1.63,4.54],[1,1.62,10],[2,1.61,14.05]],"ltp":1.5,"tv":2055.32,"id":72857116}]}]}
{"op":"mcm","clk":"11877766103","pt":1724089800379,"mc":[{"id":"1.232018919","rc":[{"batb":[[1,1.62,13.83],[2,1.59,5.99]],"ltp":1.26,"tv":1005.28,"id":72857115},{"batb":[[1,1.61,14.05],[2,1.58,7.15]],"ltp":1.5,"tv":2055.32,"id":72857116}]}]}
{"op":"mcm","clk":"11877766218","pt":1724089801367,"mc":[{"id":"1.232018919","rc":[{"batb":[[0,1.62,13.83],[1,1.59,5.99],[2,1.2,250]],"ltp":1.26,"tv":1005.28,"id":72857115},{"batb":[[0,1.61,14.59],[1,1.58,7.15],[2,1.2,250]],"ltp":1.5,"tv":2055.32,"id":72857116}]}]}
{"op":"mcm","clk":"11877766367","pt":1724089802695,"mc":[{"id":"1.232018919","rc":[{"batb":[[0,1.63,10],[1,1.62,13.83],[2,1.59,5.99]],"ltp":1.26,"tv":1005.28,"id":72857115},{"batb":[[0,1.62,10.54],[1,1.61,14.05],[2,1.58,7.15]],"ltp":1.5,"tv":2055.32,"id":72857116}]}]}
{"op":"mcm","clk":"11877766569","pt":1724089804268,"mc":[{"id":"1.232018919","rc":[{"batb":[[0,1.64,4],[1,1.63,10],[2,1.62,13.83]],"ltp":1.26,"tv":1005.28,"id":72857115},{"batb":[[0,1.63,4.54],[1,1.62,10],[2,1.61,14.05]],"ltp":1.5,"tv":2055.32,"id":72857116}]}]}
{"op":"mcm","clk":"11877766824","pt":1724089806591,"mc":[{"id":"1.232018919","rc":[{"batb":[[0,1.62,13.83],[1,1.59,5.99],[2,1.2,250]],"ltp":1.26,"tv":1005.28,"id":72857115},{"batb":[[0,1.61,14.59],[1,1.58,7.15],[2,1.2,250]],"ltp":1.5,"tv":2055.32,"id":72857116}]}]}
{"op":"mcm","clk":"11877767213","pt":1724089809912,"mc":[{"id":"1.232018919","rc":[{"batb":[[0,1.63,14],[1,1.62,13.83],[2,1.59,5.99]],"ltp":1.26,"tv":1005.28,"id":72857115},{"batb":[[0,1.62,14.54],[1,1.61,14.05],[2,1.58,7.15]],"ltp":1.5,"tv":2055.32,"id":72857116}]}]}
{"op":"mcm","clk":"11877767534","pt":1724089812611,"mc":[{"id":"1.232018919","rc":[{"batb":[[0,1.63,10]],"ltp":1.26,"tv":1005.28,"id":72857115},{"batb":[[0,1.62,10.54]],"ltp":1.5,"tv":2055.32,"id":72857116}]}]}
{"op":"mcm","clk":"11877767648","pt":1724089813611,"mc":[{"id":"1.232018919","rc":[{"batb":[[0,1.62,13.83],[1,1.59,5.99],[2,1.2,250]],"ltp":1.26,"tv":1005.28,"id":72857115},{"batb":[[0,1.61,14.59],[1,1.58,7.15],[2,1.2,250]],"ltp":1.5,"tv":2055.32,"id":72857116}]}]}
{"op":"mcm","clk":"11877767884","pt":1724089815697,"mc":[{"id":"1.232018919","rc":[{"batb":[[0,1.63,4],[1,1.62,13.83],[2,1.59,5.99]],"ltp":1.26,"tv":1005.28,"id":72857115},{"batb":[[0,1.62,4.54],[1,1.61,14.05],[2,1.58,7.15]],"ltp":1.5,"tv":2055.32,"id":72857116}]}]}
{"op":"mcm","clk":"11877767908","pt":1724089815902,"mc":[{"id":"1.232018919","rc":[{"batb":[[0,1.64,10],[1,1.63,4],[2,1.62,13.83]],"ltp":1.26,"tv":1005.28,"id":72857115},{"batb":[[0,1.63,10.54],[1,1.62,4],[2,1.61,14.05]],"ltp":1.5,"tv":2055.32,"id":72857116}]}]}
{"op":"mcm","clk":"11877768126","pt":1724089818081,"mc":[{"id":"1.232018919","rc":[{"batb":[[1,1.62,13.83],[2,1.59,5.99]],"ltp":1.26,"tv":1005.28,"id":72857115},{"batb":[[1,1.61,14.05],[2,1.58,7.15]],"ltp":1.5,"tv":2055.32,"id":72857116}]}]}
{"op":"mcm","clk":"11877768272","pt":1724089819594,"mc":[{"id":"1.232018919","rc":[{"batb":[[0,1.62,13.83],[1,1.59,5.99],[2,1.2,250]],"ltp":1.26,"tv":1005.28,"id":72857115},{"batb":[[0,1.61,14.59],[1,1.58,7.15],[2,1.2,250]],"ltp":1.5,"tv":2055.32,"id":72857116}]}]}
{"op":"mcm","clk":"11877768651","pt":1724089822938,"mc":[{"id":"1.232018919","rc":[{"batb":[[0,1.63,14],[1,1.62,13.83],[2,1.59,5.99]],"ltp":1.26,"tv":1005.28,"id":72857115},{"batb":[[0,1.62,14.54],[1,1.61,14.05],[2,1.58,7.15]],"ltp":1.5,"tv":2055.32,"id":72857116}]}]}
