{"op":"mcm","clk":"11901243542","pt":1724324806979,"mc":[{"id":"1.232135082","marketDefinition":{"bspMarket":false,"turnInPlayEnabled":true,"persistenceEnabled":true,"marketBaseRate":5.0,"eventId":"33517477","eventTypeId":"4","numberOfWinners":1,"bettingType":"ODDS","marketType":"MATCH_ODDS","marketTime":"2024-08-23T02:30:00.000Z","suspendTime":"2024-08-23T02:30:00.000Z","bspReconciled":false,"complete":true,"inPlay":false,"crossMatching":true,"runnersVoidable":false,"numberOfActiveRunners":2,"betDelay":0,"status":"OPEN","runners":[{"status":"ACTIVE","sortPriority":1,"id":247649,"name":"Hong Kong"},{"status":"ACTIVE","sortPriority":2,"id":2857968,"name":"Malaysia"}],"regulators":["MR_INT"],"countryCode":"GB","discountAllowed":true,"timezone":"GMT","openDate":"2024-08-23T02:30:00.000Z","version":6090746797,"name":"Match Odds","eventName":"Hong Kong v Malaysia"}}]}
{"op":"mcm","clk":"11902390451","pt":1724339379927,"mc":[{"id":"1.232135082","rc":[{"ltp":2.18,"id":2857968}]}]}
{"op":"mcm","clk":"11903420006","pt":1724347338852,"mc":[{"id":"1.232135082","rc":[{"ltp":1.77,"id":247649}]}]}
{"op":"mcm","clk":"11905051180","pt":1724357684292,"mc":[{"id":"1.232135082","rc":[{"ltp":1.83,"id":247649}]}]}
{"op":"mcm","clk":"11905064490","pt":1724357795695,"mc":[{"id":"1.232135082","rc":[{"ltp":1.8,"id":247649}]}]}
{"op":"mcm","clk":"11905071709","pt":1724357860302,"mc":[{"id":"1.232135082","rc":[{"ltp":1.85,"id":247649}]}]}
{"op":"mcm","clk":"11905078463","pt":1724357919966,"mc":[{"id":"1.232135082","rc":[{"ltp":1.78,"id":247649}]}]}
{"op":"mcm","clk":"11905085000","pt":1724357973919,"mc":[{"id":"1.232135082","rc":[{"ltp":1.79,"id":247649}]}]}
{"op":"mcm","clk":"11905091542","pt":1724358024880,"mc":[{"id":"1.232135082","rc":[{"ltp":1.83,"id":247649}]}]}
{"op":"mcm","clk":"11905117611","pt":1724358276792,"mc":[{"id":"1.232135082","rc":[{"ltp":1.85,"id":247649}]}]}
{"op":"mcm","clk":"11905124589","pt":1724358342770,"mc":[{"id":"1.232135082","rc":[{"ltp":1.83,"id":247649}]}]}
{"op":"mcm","clk":"11905171776","pt":1724358820120,"mc":[{"id":"1.232135082","rc":[{"ltp":1.77,"id":247649},{"ltp":2.3,"id":2857968}]}]}
{"op":"mcm","clk":"11905201961","pt":1724359181717,"mc":[{"id":"1.232135082","rc":[{"ltp":1.84,"id":247649}]}]}
{"op":"mcm","clk":"11905244862","pt":1724359779678,"mc":[{"id":"1.232135082","rc":[{"ltp":1.79,"id":247649},{"ltp":2.28,"id":2857968}]}]}
{"op":"mcm","clk":"11905555112","pt":1724364678483,"mc":[{"id":"1.232135082","rc":[{"ltp":1.77,"id":247649}]}]}
{"op":"mcm","clk":"11905934474","pt":1724371360364,"mc":[{"id":"1.232135082","rc":[{"ltp":2.2,"id":2857968}]}]}
{"op":"mcm","clk":"11905988760","pt":1724372144808,"mc":[{"id":"1.232135082","rc":[{"ltp":1.8,"id":247649},{"ltp":2.24,"id":2857968}]}]}
{"op":"mcm","clk":"11905991867","pt":1724372204562,"mc":[{"id":"1.232135082","rc":[{"ltp":1.71,"id":247649},{"ltp":2.3,"id":2857968}]}]}
{"op":"mcm","clk":"11905994583","pt":1724372264339,"mc":[{"id":"1.232135082","rc":[{"ltp":1.73,"id":247649}]}]}
{"op":"mcm","clk":"11906002564","pt":1724372384235,"mc":[{"id":"1.232135082","rc":[{"ltp":2.2,"id":2857968}]}]}
{"op":"mcm","clk":"11906005621","pt":1724372443618,"mc":[{"id":"1.232135082","rc":[{"ltp":1.83,"id":247649}]}]}
{"op":"mcm","clk":"11906008617","pt":1724372503581,"mc":[{"id":"1.232135082","rc":[{"ltp":1.81,"id":247649},{"ltp":2.22,"id":2857968}]}]}
{"op":"mcm","clk":"11906011892","pt":1724372564640,"mc":[{"id":"1.232135082","rc":[{"ltp":1.63,"id":247649}]}]}
{"op":"mcm","clk":"11906014679","pt":1724372624629,"mc":[{"id":"1.232135082","rc":[{"ltp":1.64,"id":247649},{"ltp":2.26,"id":2857968}]}]}
{"op":"mcm","clk":"11906017456","pt":1724372684517,"mc":[{"id":"1.232135082","rc":[{"ltp":1.62,"id":247649},{"ltp":2.3,"id":2857968}]}]}
{"op":"mcm","clk":"11906023165","pt":1724372803549,"mc":[{"id":"1.232135082","rc":[{"ltp":1.77,"id":247649}]}]}
{"op":"mcm","clk":"11906026136","pt":1724372864272,"mc":[{"id":"1.232135082","rc":[{"ltp":1.62,"id":247649}]}]}
{"op":"mcm","clk":"11906036111","pt":1724373042114,"mc":[{"id":"1.232135082","rc":[{"ltp":1.76,"id":247649}]}]}
{"op":"mcm","clk":"11906039781","pt":1724373104959,"mc":[{"id":"1.232135082","rc":[{"ltp":1.64,"id":247649}]}]}
{"op":"mcm","clk":"11906043097","pt":1724373162412,"mc":[{"id":"1.232135082","rc":[{"ltp":1.72,"id":247649},{"ltp":2.42,"id":2857968}]}]}
{"op":"mcm","clk":"11906046807","pt":1724373224721,"mc":[{"id":"1.232135082","rc":[{"ltp":2.4,"id":2857968}]}]}
{"op":"mcm","clk":"11906050245","pt":1724373280894,"mc":[{"id":"1.232135082","rc":[{"ltp":1.81,"id":247649},{"ltp":2.44,"id":2857968}]}]}
{"op":"mcm","clk":"11906054076","pt":1724373343744,"mc":[{"id":"1.232135082","rc":[{"ltp":2.4,"id":2857968}]}]}
{"op":"mcm","clk":"11906087270","pt":1724373884399,"mc":[{"id":"1.232135082","rc":[{"ltp":2.38,"id":2857968}]}]}
{"op":"mcm","clk":"11906091196","pt":1724373944960,"mc":[{"id":"1.232135082","rc":[{"ltp":1.72,"id":247649}]}]}
{"op":"mcm","clk":"11906094689","pt":1724374001714,"mc":[{"id":"1.232135082","rc":[{"ltp":2.42,"id":2857968}]}]}
{"op":"mcm","clk":"11906102091","pt":1724374124302,"mc":[{"id":"1.232135082","rc":[{"ltp":2.4,"id":2857968}]}]}
{"op":"mcm","clk":"11906105762","pt":1724374184220,"mc":[{"id":"1.232135082","rc":[{"ltp":2.28,"id":2857968}]}]}
{"op":"mcm","clk":"11906109429","pt":1724374243286,"mc":[{"id":"1.232135082","rc":[{"ltp":2.38,"id":2857968}]}]}
{"op":"mcm","clk":"11906113133","pt":1724374304042,"mc":[{"id":"1.232135082","rc":[{"ltp":1.7,"id":247649},{"ltp":2.4,"id":2857968}]}]}
{"op":"mcm","clk":"11906132997","pt":1724374664600,"mc":[{"id":"1.232135082","rc":[{"ltp":1.75,"id":247649}]}]}
{"op":"mcm","clk":"11906135694","pt":1724374718243,"mc":[{"id":"1.232135082","rc":[{"ltp":1.71,"id":247649}]}]}
{"op":"mcm","clk":"11906138778","pt":1724374784150,"mc":[{"id":"1.232135082","rc":[{"ltp":1.75,"id":247649}]}]}
{"op":"mcm","clk":"11906141958","pt":1724374844884,"mc":[{"id":"1.232135082","rc":[{"ltp":1.72,"id":247649}]}]}
{"op":"mcm","clk":"11906147647","pt":1724374961029,"mc":[{"id":"1.232135082","rc":[{"ltp":1.71,"id":247649}]}]}
{"op":"mcm","clk":"11906150583","pt":1724375021805,"mc":[{"id":"1.232135082","rc":[{"ltp":2.42,"id":2857968}]}]}
{"op":"mcm","clk":"11906153654","pt":1724375084768,"mc":[{"id":"1.232135082","rc":[{"ltp":1.83,"id":247649},{"ltp":2.18,"id":2857968}]}]}
{"op":"mcm","clk":"11906156379","pt":1724375144848,"mc":[{"id":"1.232135082","rc":[{"ltp":1.72,"id":247649},{"ltp":2.42,"id":2857968}]}]}
{"op":"mcm","clk":"11906159067","pt":1724375201887,"mc":[{"id":"1.232135082","rc":[{"ltp":1.73,"id":247649}]}]}
{"op":"mcm","clk":"11906165224","pt":1724375319484,"mc":[{"id":"1.232135082","rc":[{"ltp":1.72,"id":247649}]}]}
{"op":"mcm","clk":"11906168474","pt":1724375381039,"mc":[{"id":"1.232135082","rc":[{"ltp":2.4,"id":2857968}]}]}
{"op":"mcm","clk":"11906181383","pt":1724375623622,"mc":[{"id":"1.232135082","rc":[{"ltp":1.76,"id":247649}]}]}
{"op":"mcm","clk":"11906184759","pt":1724375683587,"mc":[{"id":"1.232135082","rc":[{"ltp":1.73,"id":247649}]}]}
{"op":"mcm","clk":"11906187819","pt":1724375740340,"mc":[{"id":"1.232135082","rc":[{"ltp":1.72,"id":247649},{"ltp":2.32,"id":2857968}]}]}
{"op":"mcm","clk":"11906190624","pt":1724375800820,"mc":[{"id":"1.232135082","rc":[{"ltp":1.71,"id":247649}]}]}
{"op":"mcm","clk":"11906192827","pt":1724375845767,"mc":[{"id":"1.232135082","rc":[{"ltp":1.7,"id":247649}]}]}
{"op":"mcm","clk":"11906202411","pt":1724376043057,"mc":[{"id":"1.232135082","rc":[{"ltp":1.71,"id":247649}]}]}
{"op":"mcm","clk":"11906248863","pt":1724377002677,"mc":[{"id":"1.232135082","rc":[{"ltp":1.64,"id":247649}]}]}
{"op":"mcm","clk":"11906251815","pt":1724377063764,"mc":[{"id":"1.232135082","rc":[{"ltp":2.36,"id":2857968}]}]}
{"op":"mcm","clk":"11906261523","pt":1724377244133,"mc":[{"id":"1.232135082","rc":[{"ltp":1.71,"id":247649},{"ltp":2.4,"id":2857968}]}]}
{"op":"mcm","clk":"11906267726","pt":1724377364503,"mc":[{"id":"1.232135082","rc":[{"ltp":1.65,"id":247649}]}]}
{"op":"mcm","clk":"11906289205","pt":1724377480246,"mc":[{"id":"1.232135082","rc":[{"ltp":1.7,"id":247649},{"ltp":2.42,"id":2857968}]}]}
{"op":"mcm","clk":"11906295332","pt":1724377590783,"mc":[{"id":"1.232135082","rc":[{"ltp":2.44,"id":2857968}]}]}
{"op":"mcm","clk":"11906309066","pt":1724377844582,"mc":[{"id":"1.232135082","rc":[{"ltp":1.65,"id":247649},{"ltp":2.46,"id":2857968}]}]}
{"op":"mcm","clk":"11906311844","pt":1724377899360,"mc":[{"id":"1.232135082","rc":[{"ltp":1.64,"id":247649}]}]}
{"op":"mcm","clk":"11906315457","pt":1724377964012,"mc":[{"id":"1.232135082","rc":[{"ltp":2.56,"id":2857968}]}]}
{"op":"mcm","clk":"11906335114","pt":1724378324760,"mc":[{"id":"1.232135082","rc":[{"ltp":1.66,"id":247649},{"ltp":2.5,"id":2857968}]}]}
{"op":"mcm","clk":"11906342441","pt":1724378444945,"mc":[{"id":"1.232135082","rc":[{"ltp":1.91,"id":247649},{"ltp":2.1,"id":2857968}]}]}
{"op":"mcm","clk":"11906346095","pt":1724378504805,"mc":[{"id":"1.232135082","rc":[{"ltp":2.02,"id":247649},{"ltp":1.99,"id":2857968}]}]}
{"op":"mcm","clk":"11906353337","pt":1724378624898,"mc":[{"id":"1.232135082","rc":[{"ltp":2.16,"id":247649},{"ltp":1.85,"id":2857968}]}]}
{"op":"mcm","clk":"11906356422","pt":1724378683048,"mc":[{"id":"1.232135082","rc":[{"ltp":2.26,"id":247649},{"ltp":1.8,"id":2857968}]}]}
{"op":"mcm","clk":"11906359515","pt":1724378743972,"mc":[{"id":"1.232135082","rc":[{"ltp":2.14,"id":247649},{"ltp":1.88,"id":2857968}]}]}
{"op":"mcm","clk":"11906362694","pt":1724378801735,"mc":[{"id":"1.232135082","rc":[{"ltp":2.2,"id":247649},{"ltp":1.82,"id":2857968}]}]}
{"op":"mcm","clk":"11906366053","pt":1724378862723,"mc":[{"id":"1.232135082","rc":[{"ltp":2.18,"id":247649},{"ltp":1.84,"id":2857968}]}]}
{"op":"mcm","clk":"11906369496","pt":1724378922898,"mc":[{"id":"1.232135082","rc":[{"ltp":2.06,"id":247649},{"ltp":1.89,"id":2857968}]}]}
{"op":"mcm","clk":"11906372899","pt":1724378978171,"mc":[{"id":"1.232135082","rc":[{"ltp":2.08,"id":247649},{"ltp":1.92,"id":2857968}]}]}
{"op":"mcm","clk":"11906382153","pt":1724379104568,"mc":[{"id":"1.232135082","rc":[{"ltp":1.94,"id":247649},{"ltp":2.08,"id":2857968}]}]}
{"op":"mcm","clk":"11906386226","pt":1724379162042,"mc":[{"id":"1.232135082","rc":[{"ltp":1.95,"id":247649},{"ltp":2.06,"id":2857968}]}]}
{"op":"mcm","clk":"11906390737","pt":1724379224927,"mc":[{"id":"1.232135082","rc":[{"ltp":1.94,"id":247649}]}]}
{"op":"mcm","clk":"11906394685","pt":1724379284515,"mc":[{"id":"1.232135082","rc":[{"ltp":1.93,"id":247649},{"ltp":2.12,"id":2857968}]}]}
{"op":"mcm","clk":"11906398949","pt":1724379344966,"mc":[{"id":"1.232135082","rc":[{"ltp":1.98,"id":247649},{"ltp":2.0,"id":2857968}]}]}
{"op":"mcm","clk":"11906403092","pt":1724379403935,"mc":[{"id":"1.232135082","rc":[{"ltp":1.99,"id":247649},{"ltp":1.99,"id":2857968}]}]}
{"op":"mcm","clk":"11906407416","pt":1724379462947,"mc":[{"id":"1.232135082","rc":[{"ltp":2.0,"id":247649},{"ltp":2.0,"id":2857968}]}]}
{"op":"mcm","clk":"11906411780","pt":1724379524956,"mc":[{"id":"1.232135082","rc":[{"ltp":2.18,"id":247649},{"ltp":1.89,"id":2857968}]}]}
{"op":"mcm","clk":"11906416066","pt":1724379583252,"mc":[{"id":"1.232135082","rc":[{"ltp":2.16,"id":247649},{"ltp":1.86,"id":2857968}]}]}
{"op":"mcm","clk":"11906420302","pt":1724379642998,"mc":[{"id":"1.232135082","rc":[{"ltp":2.12,"id":247649},{"ltp":1.88,"id":2857968}]}]}
{"op":"mcm","clk":"11906423984","pt":1724379701154,"mc":[{"id":"1.232135082","rc":[{"ltp":1.9,"id":2857968}]}]}
{"op":"mcm","clk":"11906427824","pt":1724379763578,"mc":[{"id":"1.232135082","rc":[{"ltp":1.88,"id":2857968}]}]}
{"op":"mcm","clk":"11906431544","pt":1724379824659,"mc":[{"id":"1.232135082","rc":[{"ltp":1.86,"id":2857968}]}]}
{"op":"mcm","clk":"11906434920","pt":1724379883601,"mc":[{"id":"1.232135082","rc":[{"ltp":2.16,"id":247649}]}]}
{"op":"mcm","clk":"11906438579","pt":1724379943996,"mc":[{"id":"1.232135082","rc":[{"ltp":2.1,"id":247649},{"ltp":1.88,"id":2857968}]}]}
{"op":"mcm","clk":"11906442412","pt":1724380004244,"mc":[{"id":"1.232135082","rc":[{"ltp":2.16,"id":247649},{"ltp":1.86,"id":2857968}]}]}
{"op":"mcm","clk":"11906446036","pt":1724380064158,"mc":[{"id":"1.232135082","rc":[{"ltp":1.85,"id":2857968}]}]}
{"op":"mcm","clk":"11906450023","pt":1724380124611,"mc":[{"id":"1.232135082","rc":[{"ltp":2.2,"id":247649},{"ltp":1.82,"id":2857968}]}]}
{"op":"mcm","clk":"11906453680","pt":1724380183685,"mc":[{"id":"1.232135082","rc":[{"ltp":2.22,"id":247649},{"ltp":1.81,"id":2857968}]}]}
{"op":"mcm","clk":"11906458126","pt":1724380244540,"mc":[{"id":"1.232135082","marketDefinition":{"bspMarket":false,"turnInPlayEnabled":true,"persistenceEnabled":true,"marketBaseRate":5.0,"eventId":"33517477","eventTypeId":"4","numberOfWinners":1,"bettingType":"ODDS","marketType":"MATCH_ODDS","marketTime":"2024-08-23T02:30:00.000Z","suspendTime":"2024-08-23T02:30:00.000Z","bspReconciled":false,"complete":true,"inPlay":true,"crossMatching":true,"runnersVoidable":false,"numberOfActiveRunners":2,"betDelay":5,"status":"OPEN","runners":[{"status":"ACTIVE","sortPriority":1,"id":247649,"name":"Hong Kong"},{"status":"ACTIVE","sortPriority":2,"id":2857968,"name":"Malaysia"}],"regulators":["MR_INT"],"countryCode":"GB","discountAllowed":true,"timezone":"GMT","openDate":"2024-08-23T02:30:00.000Z","version":6091865182,"name":"Match Odds","eventName":"Hong Kong v Malaysia"},"rc":[{"ltp":2.28,"id":247649},{"ltp":1.78,"id":2857968}]}]}
{"op":"mcm","clk":"11906462050","pt":1724380304853,"mc":[{"id":"1.232135082","rc":[{"ltp":2.4,"id":247649},{"ltp":1.66,"id":2857968}]}]}
{"op":"mcm","clk":"11906465792","pt":1724380364192,"mc":[{"id":"1.232135082","rc":[{"ltp":2.3,"id":247649},{"ltp":1.76,"id":2857968}]}]}
{"op":"mcm","clk":"11906469566","pt":1724380424478,"mc":[{"id":"1.232135082","rc":[{"ltp":2.22,"id":247649},{"ltp":1.8,"id":2857968}]}]}
{"op":"mcm","clk":"11906473291","pt":1724380481516,"mc":[{"id":"1.232135082","rc":[{"ltp":2.18,"id":247649},{"ltp":1.84,"id":2857968}]}]}
{"op":"mcm","clk":"11906476964","pt":1724380543993,"mc":[{"id":"1.232135082","rc":[{"ltp":2.2,"id":247649},{"ltp":1.81,"id":2857968}]}]}
{"op":"mcm","clk":"11906480655","pt":1724380604460,"mc":[{"id":"1.232135082","rc":[{"ltp":2.16,"id":247649},{"ltp":1.88,"id":2857968}]}]}
{"op":"mcm","clk":"11906484130","pt":1724380664658,"mc":[{"id":"1.232135082","rc":[{"ltp":2.02,"id":247649},{"ltp":1.97,"id":2857968}]}]}
{"op":"mcm","clk":"11906487237","pt":1724380724398,"mc":[{"id":"1.232135082","rc":[{"ltp":2.04,"id":247649},{"ltp":1.94,"id":2857968}]}]}
{"op":"mcm","clk":"11906490216","pt":1724380782682,"mc":[{"id":"1.232135082","rc":[{"ltp":2.18,"id":247649},{"ltp":1.84,"id":2857968}]}]}
{"op":"mcm","clk":"11906493898","pt":1724380844451,"mc":[{"id":"1.232135082","rc":[{"ltp":2.28,"id":247649},{"ltp":1.78,"id":2857968}]}]}
{"op":"mcm","clk":"11906497586","pt":1724380904808,"mc":[{"id":"1.232135082","rc":[{"ltp":2.5,"id":247649},{"ltp":1.69,"id":2857968}]}]}
{"op":"mcm","clk":"11906501762","pt":1724380964700,"mc":[{"id":"1.232135082","rc":[{"ltp":2.32,"id":247649},{"ltp":1.72,"id":2857968}]}]}
{"op":"mcm","clk":"11906505683","pt":1724381024656,"mc":[{"id":"1.232135082","rc":[{"ltp":2.5,"id":247649},{"ltp":1.66,"id":2857968}]}]}
{"op":"mcm","clk":"11906509684","pt":1724381084808,"mc":[{"id":"1.232135082","rc":[{"ltp":2.44,"id":247649},{"ltp":1.69,"id":2857968}]}]}
{"op":"mcm","clk":"11906513588","pt":1724381144770,"mc":[{"id":"1.232135082","rc":[{"ltp":2.4,"id":247649},{"ltp":1.71,"id":2857968}]}]}
{"op":"mcm","clk":"11906517281","pt":1724381203742,"mc":[{"id":"1.232135082","rc":[{"ltp":2.28,"id":247649},{"ltp":1.78,"id":2857968}]}]}
{"op":"mcm","clk":"11906520950","pt":1724381263789,"mc":[{"id":"1.232135082","rc":[{"ltp":2.18,"id":247649},{"ltp":1.85,"id":2857968}]}]}
{"op":"mcm","clk":"11906524651","pt":1724381324385,"mc":[{"id":"1.232135082","rc":[{"ltp":2.42,"id":247649},{"ltp":1.7,"id":2857968}]}]}
{"op":"mcm","clk":"11906528581","pt":1724381383786,"mc":[{"id":"1.232135082","rc":[{"ltp":2.44,"id":247649},{"ltp":1.69,"id":2857968}]}]}
{"op":"mcm","clk":"11906532053","pt":1724381444614,"mc":[{"id":"1.232135082","rc":[{"ltp":2.14,"id":247649},{"ltp":1.87,"id":2857968}]}]}
{"op":"mcm","clk":"11906535571","pt":1724381504805,"mc":[{"id":"1.232135082","rc":[{"ltp":2.2,"id":247649},{"ltp":1.86,"id":2857968}]}]}
{"op":"mcm","clk":"11906539125","pt":1724381564751,"mc":[{"id":"1.232135082","rc":[{"ltp":2.16,"id":247649}]}]}
{"op":"mcm","clk":"11906542664","pt":1724381624932,"mc":[{"id":"1.232135082","rc":[{"ltp":1.79,"id":247649},{"ltp":2.26,"id":2857968}]}]}
{"op":"mcm","clk":"11906546460","pt":1724381684877,"mc":[{"id":"1.232135082","rc":[{"ltp":1.74,"id":247649},{"ltp":2.28,"id":2857968}]}]}
{"op":"mcm","clk":"11906550361","pt":1724381744635,"mc":[{"id":"1.232135082","rc":[{"ltp":1.79,"id":247649},{"ltp":2.24,"id":2857968}]}]}
{"op":"mcm","clk":"11906554198","pt":1724381803706,"mc":[{"id":"1.232135082","rc":[{"ltp":2.28,"id":2857968}]}]}
{"op":"mcm","clk":"11906557884","pt":1724381864750,"mc":[{"id":"1.232135082","rc":[{"ltp":1.77,"id":247649}]}]}
{"op":"mcm","clk":"11906561641","pt":1724381924867,"mc":[{"id":"1.232135082","rc":[{"ltp":1.76,"id":247649},{"ltp":2.3,"id":2857968}]}]}
{"op":"mcm","clk":"11906565028","pt":1724381984714,"mc":[{"id":"1.232135082","rc":[{"ltp":1.78,"id":247649},{"ltp":2.28,"id":2857968}]}]}
{"op":"mcm","clk":"11906568417","pt":1724382044786,"mc":[{"id":"1.232135082","rc":[{"ltp":1.75,"id":247649},{"ltp":2.32,"id":2857968}]}]}
{"op":"mcm","clk":"11906575882","pt":1724382164621,"mc":[{"id":"1.232135082","rc":[{"ltp":1.76,"id":247649},{"ltp":2.3,"id":2857968}]}]}
{"op":"mcm","clk":"11906579459","pt":1724382224869,"mc":[{"id":"1.232135082","rc":[{"ltp":1.71,"id":247649},{"ltp":2.4,"id":2857968}]}]}
{"op":"mcm","clk":"11906582575","pt":1724382284773,"mc":[{"id":"1.232135082","rc":[{"ltp":1.67,"id":247649},{"ltp":2.48,"id":2857968}]}]}
{"op":"mcm","clk":"11906585521","pt":1724382343689,"mc":[{"id":"1.232135082","rc":[{"ltp":1.64,"id":247649},{"ltp":2.56,"id":2857968}]}]}
{"op":"mcm","clk":"11906592240","pt":1724382464958,"mc":[{"id":"1.232135082","rc":[{"ltp":1.62,"id":247649},{"ltp":2.6,"id":2857968}]}]}
{"op":"mcm","clk":"11906595896","pt":1724382524425,"mc":[{"id":"1.232135082","rc":[{"ltp":1.48,"id":247649},{"ltp":3.05,"id":2857968}]}]}
{"op":"mcm","clk":"11906599852","pt":1724382584816,"mc":[{"id":"1.232135082","rc":[{"ltp":1.46,"id":247649},{"ltp":3.15,"id":2857968}]}]}
{"op":"mcm","clk":"11906603647","pt":1724382644198,"mc":[{"id":"1.232135082","rc":[{"ltp":1.49,"id":247649},{"ltp":3.05,"id":2857968}]}]}
{"op":"mcm","clk":"11906607486","pt":1724382704146,"mc":[{"id":"1.232135082","rc":[{"ltp":1.48,"id":247649}]}]}
{"op":"mcm","clk":"11906611503","pt":1724382764423,"mc":[{"id":"1.232135082","rc":[{"ltp":1.47,"id":247649},{"ltp":3.0,"id":2857968}]}]}
{"op":"mcm","clk":"11906631490","pt":1724382824593,"mc":[{"id":"1.232135082","rc":[{"ltp":1.46,"id":247649},{"ltp":3.2,"id":2857968}]}]}
{"op":"mcm","clk":"11906635160","pt":1724382884773,"mc":[{"id":"1.232135082","rc":[{"ltp":1.45,"id":247649}]}]}
{"op":"mcm","clk":"11906639206","pt":1724382944517,"mc":[{"id":"1.232135082","rc":[{"ltp":1.46,"id":247649},{"ltp":3.15,"id":2857968}]}]}
{"op":"mcm","clk":"11906643087","pt":1724383004273,"mc":[{"id":"1.232135082","rc":[{"ltp":1.49,"id":247649},{"ltp":3.05,"id":2857968}]}]}
{"op":"mcm","clk":"11906647266","pt":1724383064717,"mc":[{"id":"1.232135082","rc":[{"ltp":1.35,"id":247649},{"ltp":3.85,"id":2857968}]}]}
{"op":"mcm","clk":"11906650832","pt":1724383124707,"mc":[{"id":"1.232135082","rc":[{"ltp":1.39,"id":247649},{"ltp":3.55,"id":2857968}]}]}
{"op":"mcm","clk":"11906654239","pt":1724383184766,"mc":[{"id":"1.232135082","rc":[{"ltp":1.36,"id":247649},{"ltp":3.6,"id":2857968}]}]}
{"op":"mcm","clk":"11906658256","pt":1724383244623,"mc":[{"id":"1.232135082","rc":[{"ltp":3.75,"id":2857968}]}]}
{"op":"mcm","clk":"11906662197","pt":1724383302945,"mc":[{"id":"1.232135082","rc":[{"ltp":1.34,"id":247649},{"ltp":3.9,"id":2857968}]}]}
{"op":"mcm","clk":"11906666225","pt":1724383364230,"mc":[{"id":"1.232135082","rc":[{"ltp":5.0,"id":2857968}]}]}
{"op":"mcm","clk":"11906669948","pt":1724383424885,"mc":[{"id":"1.232135082","rc":[{"ltp":1.39,"id":247649},{"ltp":3.55,"id":2857968}]}]}
{"op":"mcm","clk":"11906673616","pt":1724383484163,"mc":[{"id":"1.232135082","rc":[{"ltp":1.34,"id":247649},{"ltp":3.9,"id":2857968}]}]}
{"op":"mcm","clk":"11906677522","pt":1724383544537,"mc":[{"id":"1.232135082","rc":[{"ltp":4.0,"id":2857968}]}]}
{"op":"mcm","clk":"11906681285","pt":1724383601821,"mc":[{"id":"1.232135082","rc":[{"ltp":1.33,"id":247649}]}]}
{"op":"mcm","clk":"11906685395","pt":1724383664100,"mc":[{"id":"1.232135082","rc":[{"ltp":1.37,"id":247649},{"ltp":3.7,"id":2857968}]}]}
{"op":"mcm","clk":"11906689719","pt":1724383724768,"mc":[{"id":"1.232135082","rc":[{"ltp":1.31,"id":247649},{"ltp":4.2,"id":2857968}]}]}
{"op":"mcm","clk":"11906693898","pt":1724383784710,"mc":[{"id":"1.232135082","rc":[{"ltp":1.33,"id":247649}]}]}
{"op":"mcm","clk":"11906698612","pt":1724383844400,"mc":[{"id":"1.232135082","rc":[{"ltp":1.35,"id":247649},{"ltp":3.85,"id":2857968}]}]}
{"op":"mcm","clk":"11906702986","pt":1724383904776,"mc":[{"id":"1.232135082","rc":[{"ltp":1.22,"id":247649},{"ltp":5.5,"id":2857968}]}]}
{"op":"mcm","clk":"11906707873","pt":1724383964964,"mc":[{"id":"1.232135082","rc":[{"ltp":1.2,"id":247649},{"ltp":6.0,"id":2857968}]}]}
{"op":"mcm","clk":"11906712921","pt":1724384024933,"mc":[{"id":"1.232135082","rc":[{"ltp":1.19,"id":247649},{"ltp":6.2,"id":2857968}]}]}
{"op":"mcm","clk":"11906717400","pt":1724384084772,"mc":[{"id":"1.232135082","rc":[{"ltp":1.12,"id":247649},{"ltp":9.2,"id":2857968}]}]}
{"op":"mcm","clk":"11906721208","pt":1724384144939,"mc":[{"id":"1.232135082","rc":[{"ltp":8.6,"id":2857968}]}]}
{"op":"mcm","clk":"11906724971","pt":1724384204711,"mc":[{"id":"1.232135082","rc":[{"ltp":9.2,"id":2857968}]}]}
{"op":"mcm","clk":"11906729307","pt":1724384264249,"mc":[{"id":"1.232135082","rc":[{"ltp":1.13,"id":247649},{"ltp":8.6,"id":2857968}]}]}
{"op":"mcm","clk":"11906733398","pt":1724384324925,"mc":[{"id":"1.232135082","rc":[{"ltp":1.11,"id":247649},{"ltp":10.0,"id":2857968}]}]}
{"op":"mcm","clk":"11906737541","pt":1724384384461,"mc":[{"id":"1.232135082","rc":[{"ltp":1.12,"id":247649},{"ltp":8.8,"id":2857968}]}]}
{"op":"mcm","clk":"11906741669","pt":1724384444354,"mc":[{"id":"1.232135082","rc":[{"ltp":10.5,"id":2857968}]}]}
{"op":"mcm","clk":"11906745645","pt":1724384503501,"mc":[{"id":"1.232135082","rc":[{"ltp":1.11,"id":247649}]}]}
{"op":"mcm","clk":"11906749924","pt":1724384564184,"mc":[{"id":"1.232135082","rc":[{"ltp":1.15,"id":247649},{"ltp":7.6,"id":2857968}]}]}
{"op":"mcm","clk":"11906753998","pt":1724384624923,"mc":[{"id":"1.232135082","rc":[{"ltp":1.16,"id":247649},{"ltp":8.2,"id":2857968}]}]}
{"op":"mcm","clk":"11906758136","pt":1724384684918,"mc":[{"id":"1.232135082","rc":[{"ltp":1.15,"id":247649},{"ltp":7.6,"id":2857968}]}]}
{"op":"mcm","clk":"11906762521","pt":1724384744763,"mc":[{"id":"1.232135082","rc":[{"ltp":1.16,"id":247649},{"ltp":7.2,"id":2857968}]}]}
{"op":"mcm","clk":"11906766838","pt":1724384804639,"mc":[{"id":"1.232135082","rc":[{"ltp":1.15,"id":247649},{"ltp":7.6,"id":2857968}]}]}
{"op":"mcm","clk":"11906771517","pt":1724384864485,"mc":[{"id":"1.232135082","rc":[{"ltp":1.12,"id":247649},{"ltp":8.0,"id":2857968}]}]}
{"op":"mcm","clk":"11906775883","pt":1724384924438,"mc":[{"id":"1.232135082","rc":[{"ltp":1.15,"id":247649},{"ltp":7.6,"id":2857968}]}]}
{"op":"mcm","clk":"11906779797","pt":1724384984303,"mc":[{"id":"1.232135082","rc":[{"ltp":1.14,"id":247649},{"ltp":8.0,"id":2857968}]}]}
{"op":"mcm","clk":"11906787240","pt":1724385103960,"mc":[{"id":"1.232135082","rc":[{"ltp":1.13,"id":247649},{"ltp":8.6,"id":2857968}]}]}
{"op":"mcm","clk":"11906790993","pt":1724385163887,"mc":[{"id":"1.232135082","rc":[{"ltp":8.8,"id":2857968}]}]}
{"op":"mcm","clk":"11906794808","pt":1724385224550,"mc":[{"id":"1.232135082","rc":[{"ltp":8.6,"id":2857968}]}]}
{"op":"mcm","clk":"11906808255","pt":1724385464733,"mc":[{"id":"1.232135082","rc":[{"ltp":9.0,"id":2857968}]}]}
{"op":"mcm","clk":"11906811763","pt":1724385524713,"mc":[{"id":"1.232135082","rc":[{"ltp":1.14,"id":247649},{"ltp":8.2,"id":2857968}]}]}
{"op":"mcm","clk":"11906815882","pt":1724385584178,"mc":[{"id":"1.232135082","rc":[{"ltp":1.13,"id":247649}]}]}
{"op":"mcm","clk":"11906820502","pt":1724385644568,"mc":[{"id":"1.232135082","rc":[{"ltp":1.14,"id":247649},{"ltp":8.0,"id":2857968}]}]}
{"op":"mcm","clk":"11906825314","pt":1724385702712,"mc":[{"id":"1.232135082","rc":[{"ltp":8.6,"id":2857968}]}]}
{"op":"mcm","clk":"11906828830","pt":1724385762902,"mc":[{"id":"1.232135082","rc":[{"ltp":1.13,"id":247649},{"ltp":8.0,"id":2857968}]}]}
{"op":"mcm","clk":"11906836048","pt":1724385881877,"mc":[{"id":"1.232135082","rc":[{"ltp":1.14,"id":247649}]}]}
{"op":"mcm","clk":"11906838858","pt":1724385940454,"mc":[{"id":"1.232135082","rc":[{"ltp":1.15,"id":247649},{"ltp":7.6,"id":2857968}]}]}
{"op":"mcm","clk":"11906842247","pt":1724386003223,"mc":[{"id":"1.232135082","rc":[{"ltp":1.14,"id":247649},{"ltp":8.0,"id":2857968}]}]}
{"op":"mcm","clk":"11906845751","pt":1724386063492,"mc":[{"id":"1.232135082","rc":[{"ltp":1.13,"id":247649}]}]}
{"op":"mcm","clk":"11906848698","pt":1724386123615,"mc":[{"id":"1.232135082","rc":[{"ltp":1.14,"id":247649}]}]}
{"op":"mcm","clk":"11906851607","pt":1724386181854,"mc":[{"id":"1.232135082","rc":[{"ltp":1.13,"id":247649}]}]}
{"op":"mcm","clk":"11906854881","pt":1724386242959,"mc":[{"id":"1.232135082","rc":[{"ltp":8.6,"id":2857968}]}]}
{"op":"mcm","clk":"11906858335","pt":1724386304485,"mc":[{"id":"1.232135082","rc":[{"ltp":8.0,"id":2857968}]}]}
{"op":"mcm","clk":"11906861436","pt":1724386363956,"mc":[{"id":"1.232135082","rc":[{"ltp":9.0,"id":2857968}]}]}
{"op":"mcm","clk":"11906864692","pt":1724386424433,"mc":[{"id":"1.232135082","rc":[{"ltp":1.14,"id":247649},{"ltp":8.2,"id":2857968}]}]}
{"op":"mcm","clk":"11906868049","pt":1724386484866,"mc":[{"id":"1.232135082","rc":[{"ltp":6.4,"id":2857968}]}]}
{"op":"mcm","clk":"11906871356","pt":1724386541866,"mc":[{"id":"1.232135082","rc":[{"ltp":1.16,"id":247649},{"ltp":6.8,"id":2857968}]}]}
{"op":"mcm","clk":"11906875064","pt":1724386604902,"mc":[{"id":"1.232135082","rc":[{"ltp":3.6,"id":2857968}]}]}
{"op":"mcm","clk":"11906878771","pt":1724386664802,"mc":[{"id":"1.232135082","rc":[{"ltp":7.2,"id":2857968}]}]}
{"op":"mcm","clk":"11906882490","pt":1724386723296,"mc":[{"id":"1.232135082","rc":[{"ltp":6.8,"id":2857968}]}]}
{"op":"mcm","clk":"11906886810","pt":1724386784443,"mc":[{"id":"1.232135082","rc":[{"ltp":7.2,"id":2857968}]}]}
{"op":"mcm","clk":"11906890673","pt":1724386844842,"mc":[{"id":"1.232135082","rc":[{"ltp":1.15,"id":247649}]}]}
{"op":"mcm","clk":"11906894368","pt":1724386904724,"mc":[{"id":"1.232135082","rc":[{"ltp":1.13,"id":247649},{"ltp":9.2,"id":2857968}]}]}
{"op":"mcm","clk":"11906897840","pt":1724386964602,"mc":[{"id":"1.232135082","rc":[{"ltp":1.15,"id":247649},{"ltp":8.0,"id":2857968}]}]}
{"op":"mcm","clk":"11906901271","pt":1724387024488,"mc":[{"id":"1.232135082","rc":[{"ltp":1.13,"id":247649},{"ltp":8.8,"id":2857968}]}]}
{"op":"mcm","clk":"11906905003","pt":1724387084155,"mc":[{"id":"1.232135082","rc":[{"ltp":1.11,"id":247649},{"ltp":10.5,"id":2857968}]}]}
{"op":"mcm","clk":"11906910932","pt":1724387204597,"mc":[{"id":"1.232135082","rc":[{"ltp":10.0,"id":2857968}]}]}
{"op":"mcm","clk":"11906917485","pt":1724387323068,"mc":[{"id":"1.232135082","rc":[{"ltp":1.09,"id":247649},{"ltp":12.0,"id":2857968}]}]}
{"op":"mcm","clk":"11906920880","pt":1724387384888,"mc":[{"id":"1.232135082","rc":[{"ltp":1.12,"id":247649},{"ltp":10.0,"id":2857968}]}]}
{"op":"mcm","clk":"11906924179","pt":1724387443976,"mc":[{"id":"1.232135082","rc":[{"ltp":1.13,"id":247649},{"ltp":8.0,"id":2857968}]}]}
{"op":"mcm","clk":"11906927017","pt":1724387504678,"mc":[{"id":"1.232135082","rc":[{"ltp":1.12,"id":247649},{"ltp":8.6,"id":2857968}]}]}
{"op":"mcm","clk":"11906930087","pt":1724387563846,"mc":[{"id":"1.232135082","rc":[{"ltp":1.14,"id":247649},{"ltp":9.2,"id":2857968}]}]}
{"op":"mcm","clk":"11906933180","pt":1724387624534,"mc":[{"id":"1.232135082","rc":[{"ltp":1.08,"id":247649},{"ltp":13.0,"id":2857968}]}]}
{"op":"mcm","clk":"11906936265","pt":1724387684658,"mc":[{"id":"1.232135082","rc":[{"ltp":1.1,"id":247649},{"ltp":11.0,"id":2857968}]}]}
{"op":"mcm","clk":"11906939612","pt":1724387744624,"mc":[{"id":"1.232135082","rc":[{"ltp":1.08,"id":247649},{"ltp":13.5,"id":2857968}]}]}
{"op":"mcm","clk":"11906942893","pt":1724387803079,"mc":[{"id":"1.232135082","rc":[{"ltp":1.09,"id":247649},{"ltp":12.0,"id":2857968}]}]}
{"op":"mcm","clk":"11906947045","pt":1724387864784,"mc":[{"id":"1.232135082","rc":[{"ltp":1.08,"id":247649},{"ltp":13.5,"id":2857968}]}]}
{"op":"mcm","clk":"11906950721","pt":1724387923646,"mc":[{"id":"1.232135082","rc":[{"ltp":1.07,"id":247649},{"ltp":15.0,"id":2857968}]}]}
{"op":"mcm","clk":"11906954449","pt":1724387983035,"mc":[{"id":"1.232135082","rc":[{"ltp":1.08,"id":247649},{"ltp":13.5,"id":2857968}]}]}
{"op":"mcm","clk":"11906957400","pt":1724388044582,"mc":[{"id":"1.232135082","rc":[{"ltp":1.02,"id":247649},{"ltp":50.0,"id":2857968}]}]}
{"op":"mcm","clk":"11906960309","pt":1724388104783,"mc":[{"id":"1.232135082","rc":[{"ltp":1.01,"id":247649},{"ltp":100.0,"id":2857968}]}]}
{"op":"mcm","clk":"11906982892","pt":1724388224609,"mc":[{"id":"1.232135082","rc":[{"ltp":140.0,"id":2857968}]}]}
{"op":"mcm","clk":"11906986322","pt":1724388280364,"mc":[{"id":"1.232135082","rc":[{"ltp":110.0,"id":2857968}]}]}
{"op":"mcm","clk":"11906997561","pt":1724388462876,"mc":[{"id":"1.232135082","rc":[{"ltp":140.0,"id":2857968}]}]}
{"op":"mcm","clk":"11907004322","pt":1724388581228,"mc":[{"id":"1.232135082","rc":[{"ltp":150.0,"id":2857968}]}]}
{"op":"mcm","clk":"11907015046","pt":1724388764491,"mc":[{"id":"1.232135082","rc":[{"ltp":250.0,"id":2857968}]}]}
{"op":"mcm","clk":"11907021992","pt":1724388883115,"mc":[{"id":"1.232135082","rc":[{"ltp":150.0,"id":2857968}]}]}
{"op":"mcm","clk":"11907047072","pt":1724389241003,"mc":[{"id":"1.232135082","rc":[{"ltp":160.0,"id":2857968}]}]}
{"op":"mcm","clk":"11907051056","pt":1724389303527,"mc":[{"id":"1.232135082","rc":[{"ltp":990.0,"id":2857968}]}]}
{"op":"mcm","clk":"11907054374","pt":1724389356898,"mc":[{"id":"1.232135082","rc":[{"ltp":170.0,"id":2857968}]}]}
{"op":"mcm","clk":"11907057905","pt":1724389413791,"mc":[{"id":"1.232135082","rc":[{"ltp":100.0,"id":2857968}]}]}
{"op":"mcm","clk":"11907096442","pt":1724390084307,"mc":[{"id":"1.232135082","rc":[{"ltp":1000.0,"id":2857968}]}]}
{"op":"mcm","clk":"11907114070","pt":1724390430246,"mc":[{"id":"1.232135082","marketDefinition":{"bspMarket":false,"turnInPlayEnabled":true,"persistenceEnabled":true,"marketBaseRate":5.0,"eventId":"33517477","eventTypeId":"4","numberOfWinners":1,"bettingType":"ODDS","marketType":"MATCH_ODDS","marketTime":"2024-08-23T02:30:00.000Z","suspendTime":"2024-08-23T02:30:00.000Z","bspReconciled":false,"complete":true,"inPlay":true,"crossMatching":true,"runnersVoidable":false,"numberOfActiveRunners":2,"betDelay":5,"status":"SUSPENDED","runners":[{"status":"ACTIVE","sortPriority":1,"id":247649,"name":"Hong Kong"},{"status":"ACTIVE","sortPriority":2,"id":2857968,"name":"Malaysia"}],"regulators":["MR_INT"],"countryCode":"GB","discountAllowed":true,"timezone":"GMT","openDate":"2024-08-23T02:30:00.000Z","version":6091939040,"name":"Match Odds","eventName":"Hong Kong v Malaysia"}}]}
{"op":"mcm","clk":"11907121692","pt":1724390560591,"mc":[{"id":"1.232135082","marketDefinition":{"bspMarket":false,"turnInPlayEnabled":true,"persistenceEnabled":true,"marketBaseRate":5.0,"eventId":"33517477","eventTypeId":"4","numberOfWinners":1,"bettingType":"ODDS","marketType":"MATCH_ODDS","marketTime":"2024-08-23T02:30:00.000Z","suspendTime":"2024-08-23T02:30:00.000Z","bspReconciled":false,"complete":true,"inPlay":true,"crossMatching":false,"runnersVoidable":false,"numberOfActiveRunners":0,"betDelay":5,"status":"CLOSED","settledTime":"2024-08-23T05:22:20.000Z","runners":[{"status":"WINNER","sortPriority":1,"id":247649,"name":"Hong Kong"},{"status":"LOSER","sortPriority":2,"id":2857968,"name":"Malaysia"}],"regulators":["MR_INT"],"countryCode":"GB","discountAllowed":true,"timezone":"GMT","openDate":"2024-08-23T02:30:00.000Z","version":6091940014,"name":"Match Odds","eventName":"Hong Kong v Malaysia"}}]}
