{"op":"mcm","clk":"11908475824","pt":1724496726313,"mc":[{"id":"1.232220900","marketDefinition":{"bspMarket":false,"turnInPlayEnabled":true,"persistenceEnabled":true,"marketBaseRate":5.0,"eventId":"33523125","eventTypeId":"4","numberOfWinners":1,"bettingType":"ODDS","marketType":"MATCH_ODDS","marketTime":"2024-08-26T00:00:00.000Z","suspendTime":"2024-08-26T00:00:00.000Z","bspReconciled":false,"complete":true,"inPlay":false,"crossMatching":true,"runnersVoidable":false,"numberOfActiveRunners":2,"betDelay":0,"status":"OPEN","runners":[{"status":"ACTIVE","sortPriority":1,"id":47674068,"name":"Guyana Amazon Warriors W"},{"status":"ACTIVE","sortPriority":2,"id":73038264,"name":"Trinidad K Riders W"}],"regulators":["MR_INT"],"countryCode":"GB","discountAllowed":true,"timezone":"GMT","openDate":"2024-08-26T00:00:00.000Z","version":6094353867,"name":"Match Odds","eventName":"Guyana Amazon Warriors W v Trinidad K Riders W"}}]}
{"op":"mcm","clk":"11912990834","pt":1724522622846,"mc":[{"id":"1.232220900","rc":[{"ltp":1.4,"id":47674068}]}]}
{"op":"mcm","clk":"11913027876","pt":1724522845837,"mc":[{"id":"1.232220900","rc":[{"ltp":1.3,"id":47674068}]}]}
{"op":"mcm","clk":"11916913167","pt":1724564215667,"mc":[{"id":"1.232220900","rc":[{"ltp":1.76,"id":47674068}]}]}
{"op":"mcm","clk":"11917314678","pt":1724573331723,"mc":[{"id":"1.232220900","rc":[{"ltp":3.9,"id":47674068},{"ltp":1.35,"id":73038264}]}]}
{"op":"mcm","clk":"11917361629","pt":1724574117528,"mc":[{"id":"1.232220900","rc":[{"ltp":1.79,"id":47674068},{"ltp":2.28,"id":73038264}]}]}
{"op":"mcm","clk":"11917368373","pt":1724574242582,"mc":[{"id":"1.232220900","rc":[{"ltp":3.9,"id":47674068},{"ltp":1.35,"id":73038264}]}]}
{"op":"mcm","clk":"11917376899","pt":1724574413392,"mc":[{"id":"1.232220900","rc":[{"ltp":1.85,"id":47674068},{"ltp":2.18,"id":73038264}]}]}
{"op":"mcm","clk":"11917379863","pt":1724574476825,"mc":[{"id":"1.232220900","rc":[{"ltp":3.75,"id":47674068},{"ltp":1.37,"id":73038264}]}]}
{"op":"mcm","clk":"11917380637","pt":1724574490782,"mc":[{"id":"1.232220900","rc":[{"ltp":3.6,"id":47674068},{"ltp":1.39,"id":73038264}]}]}
{"op":"mcm","clk":"11917385979","pt":1724574601730,"mc":[{"id":"1.232220900","rc":[{"ltp":4.0,"id":47674068},{"ltp":1.34,"id":73038264}]}]}
{"op":"mcm","clk":"11917388247","pt":1724574641682,"mc":[{"id":"1.232220900","rc":[{"ltp":3.65,"id":47674068},{"ltp":1.38,"id":73038264}]}]}
{"op":"mcm","clk":"11917392569","pt":1724574721443,"mc":[{"id":"1.232220900","rc":[{"ltp":1.66,"id":47674068}]}]}
{"op":"mcm","clk":"11917409419","pt":1724574776703,"mc":[{"id":"1.232220900","rc":[{"ltp":3.5,"id":47674068},{"ltp":1.4,"id":73038264}]}]}
{"op":"mcm","clk":"11917748139","pt":1724579101860,"mc":[{"id":"1.232220900","rc":[{"ltp":1.83,"id":47674068}]}]}
{"op":"mcm","clk":"11917754128","pt":1724579162891,"mc":[{"id":"1.232220900","rc":[{"ltp":1.82,"id":47674068}]}]}
{"op":"mcm","clk":"11918034166","pt":1724581502989,"mc":[{"id":"1.232220900","rc":[{"ltp":1.85,"id":73038264}]}]}
{"op":"mcm","clk":"11918318563","pt":1724583781414,"mc":[{"id":"1.232220900","rc":[{"ltp":1.85,"id":47674068},{"ltp":2.18,"id":73038264}]}]}
{"op":"mcm","clk":"11918327446","pt":1724583842283,"mc":[{"id":"1.232220900","rc":[{"ltp":1.86,"id":47674068}]}]}
{"op":"mcm","clk":"11920924568","pt":1724601060689,"mc":[{"id":"1.232220900","rc":[{"ltp":1.85,"id":47674068}]}]}
{"op":"mcm","clk":"11920929729","pt":1724601106379,"mc":[{"id":"1.232220900","rc":[{"ltp":1.79,"id":47674068}]}]}
{"op":"mcm","clk":"11921122094","pt":1724602439822,"mc":[{"id":"1.232220900","rc":[{"ltp":1.82,"id":73038264}]}]}
{"op":"mcm","clk":"11921285662","pt":1724603454987,"mc":[{"id":"1.232220900","rc":[{"ltp":1.9,"id":47674068}]}]}
{"op":"mcm","clk":"11921296458","pt":1724603524185,"mc":[{"id":"1.232220900","rc":[{"ltp":1.9,"id":73038264}]}]}
{"op":"mcm","clk":"11921744223","pt":1724606462359,"mc":[{"id":"1.232220900","rc":[{"ltp":1.83,"id":47674068},{"ltp":2.2,"id":73038264}]}]}
{"op":"mcm","clk":"11921852870","pt":1724607178293,"mc":[{"id":"1.232220900","rc":[{"ltp":1.85,"id":47674068}]}]}
{"op":"mcm","clk":"11921861917","pt":1724607239667,"mc":[{"id":"1.232220900","rc":[{"ltp":1.93,"id":73038264}]}]}
{"op":"mcm","clk":"11922319475","pt":1724610385836,"mc":[{"id":"1.232220900","rc":[{"ltp":1.9,"id":73038264}]}]}
{"op":"mcm","clk":"11922335713","pt":1724610482441,"mc":[{"id":"1.232220900","rc":[{"ltp":2.1,"id":47674068}]}]}
{"op":"mcm","clk":"11922428725","pt":1724611023040,"mc":[{"id":"1.232220900","rc":[{"ltp":1.86,"id":73038264}]}]}
{"op":"mcm","clk":"11922438950","pt":1724611079217,"mc":[{"id":"1.232220900","rc":[{"ltp":1.85,"id":73038264}]}]}
{"op":"mcm","clk":"11922708904","pt":1724612695972,"mc":[{"id":"1.232220900","rc":[{"ltp":1.9,"id":47674068},{"ltp":1.9,"id":73038264}]}]}
{"op":"mcm","clk":"11922991983","pt":1724614154692,"mc":[{"id":"1.232220900","rc":[{"ltp":1.91,"id":47674068}]}]}
{"op":"mcm","clk":"11923394470","pt":1724616477990,"mc":[{"id":"1.232220900","rc":[{"ltp":2.1,"id":47674068}]}]}
{"op":"mcm","clk":"11923787076","pt":1724619192405,"mc":[{"id":"1.232220900","rc":[{"ltp":2.0,"id":47674068},{"ltp":1.99,"id":73038264}]}]}
{"op":"mcm","clk":"11923974574","pt":1724620965317,"mc":[{"id":"1.232220900","rc":[{"ltp":2.22,"id":47674068},{"ltp":1.85,"id":73038264}]}]}
{"op":"mcm","clk":"11924056610","pt":1724621859876,"mc":[{"id":"1.232220900","rc":[{"ltp":1.94,"id":73038264}]}]}
{"op":"mcm","clk":"11924066750","pt":1724621972957,"mc":[{"id":"1.232220900","rc":[{"ltp":1.79,"id":73038264}]}]}
{"op":"mcm","clk":"11924078106","pt":1724622111579,"mc":[{"id":"1.232220900","rc":[{"ltp":1.93,"id":73038264}]}]}
{"op":"mcm","clk":"11924101630","pt":1724622389692,"mc":[{"id":"1.232220900","rc":[{"ltp":2.26,"id":47674068},{"ltp":1.79,"id":73038264}]}]}
{"op":"mcm","clk":"11924119458","pt":1724622591410,"mc":[{"id":"1.232220900","rc":[{"ltp":1.76,"id":73038264}]}]}
{"op":"mcm","clk":"11924124828","pt":1724622655175,"mc":[{"id":"1.232220900","rc":[{"ltp":1.78,"id":73038264}]}]}
{"op":"mcm","clk":"11924128714","pt":1724622702536,"mc":[{"id":"1.232220900","rc":[{"ltp":2.34,"id":47674068},{"ltp":1.75,"id":73038264}]}]}
{"op":"mcm","clk":"11924144055","pt":1724622897618,"mc":[{"id":"1.232220900","rc":[{"ltp":2.28,"id":47674068},{"ltp":1.78,"id":73038264}]}]}
{"op":"mcm","clk":"11924144724","pt":1724622906218,"mc":[{"id":"1.232220900","rc":[{"ltp":2.26,"id":47674068},{"ltp":1.79,"id":73038264}]}]}
{"op":"mcm","clk":"11924152525","pt":1724623014983,"mc":[{"id":"1.232220900","rc":[{"ltp":2.34,"id":47674068}]}]}
{"op":"mcm","clk":"11924240094","pt":1724624223094,"mc":[{"id":"1.232220900","rc":[{"ltp":2.26,"id":47674068}]}]}
{"op":"mcm","clk":"11924240637","pt":1724624230828,"mc":[{"id":"1.232220900","rc":[{"ltp":1.77,"id":73038264}]}]}
{"op":"mcm","clk":"11924245099","pt":1724624295862,"mc":[{"id":"1.232220900","rc":[{"ltp":2.4,"id":47674068},{"ltp":1.66,"id":73038264}]}]}
{"op":"mcm","clk":"11924250574","pt":1724624376100,"mc":[{"id":"1.232220900","rc":[{"ltp":2.26,"id":47674068},{"ltp":1.79,"id":73038264}]}]}
{"op":"mcm","clk":"11924256497","pt":1724624462162,"mc":[{"id":"1.232220900","rc":[{"ltp":1.73,"id":73038264}]}]}
{"op":"mcm","clk":"11924260500","pt":1724624521760,"mc":[{"id":"1.232220900","rc":[{"ltp":1.78,"id":73038264}]}]}
{"op":"mcm","clk":"11924264454","pt":1724624580642,"mc":[{"id":"1.232220900","rc":[{"ltp":1.79,"id":73038264}]}]}
{"op":"mcm","clk":"11924272512","pt":1724624703112,"mc":[{"id":"1.232220900","rc":[{"ltp":1.75,"id":73038264}]}]}
{"op":"mcm","clk":"11924276421","pt":1724624763702,"mc":[{"id":"1.232220900","rc":[{"ltp":1.81,"id":73038264}]}]}
{"op":"mcm","clk":"11924278669","pt":1724624797248,"mc":[{"id":"1.232220900","rc":[{"ltp":2.22,"id":47674068}]}]}
{"op":"mcm","clk":"11924301882","pt":1724625179236,"mc":[{"id":"1.232220900","rc":[{"ltp":2.24,"id":47674068}]}]}
{"op":"mcm","clk":"11924305261","pt":1724625243426,"mc":[{"id":"1.232220900","rc":[{"ltp":2.26,"id":47674068},{"ltp":1.79,"id":73038264}]}]}
{"op":"mcm","clk":"11924316881","pt":1724625421753,"mc":[{"id":"1.232220900","rc":[{"ltp":2.24,"id":47674068},{"ltp":1.8,"id":73038264}]}]}
{"op":"mcm","clk":"11924320811","pt":1724625483635,"mc":[{"id":"1.232220900","rc":[{"ltp":1.81,"id":73038264}]}]}
{"op":"mcm","clk":"11924324577","pt":1724625541583,"mc":[{"id":"1.232220900","rc":[{"ltp":1.8,"id":73038264}]}]}
{"op":"mcm","clk":"11924328631","pt":1724625603653,"mc":[{"id":"1.232220900","rc":[{"ltp":2.22,"id":47674068},{"ltp":1.81,"id":73038264}]}]}
{"op":"mcm","clk":"11924332346","pt":1724625663302,"mc":[{"id":"1.232220900","rc":[{"ltp":1.8,"id":73038264}]}]}
{"op":"mcm","clk":"11924334326","pt":1724625696961,"mc":[{"id":"1.232220900","rc":[{"ltp":1.81,"id":73038264}]}]}
{"op":"mcm","clk":"11924337374","pt":1724625748019,"mc":[{"id":"1.232220900","rc":[{"ltp":2.2,"id":47674068}]}]}
{"op":"mcm","clk":"11924343063","pt":1724625838031,"mc":[{"id":"1.232220900","rc":[{"ltp":1.82,"id":73038264}]}]}
{"op":"mcm","clk":"11924354371","pt":1724626015114,"mc":[{"id":"1.232220900","rc":[{"ltp":2.22,"id":47674068},{"ltp":1.81,"id":73038264}]}]}
{"op":"mcm","clk":"11924357969","pt":1724626073623,"mc":[{"id":"1.232220900","rc":[{"ltp":2.26,"id":47674068},{"ltp":1.78,"id":73038264}]}]}
{"op":"mcm","clk":"11924361068","pt":1724626126557,"mc":[{"id":"1.232220900","rc":[{"ltp":1.8,"id":73038264}]}]}
{"op":"mcm","clk":"11924365314","pt":1724626200743,"mc":[{"id":"1.232220900","rc":[{"ltp":1.79,"id":73038264}]}]}
{"op":"mcm","clk":"11924379450","pt":1724626476295,"mc":[{"id":"1.232220900","rc":[{"ltp":1.8,"id":73038264}]}]}
{"op":"mcm","clk":"11924386977","pt":1724626614978,"mc":[{"id":"1.232220900","rc":[{"ltp":2.24,"id":47674068}]}]}
{"op":"mcm","clk":"11924392041","pt":1724626737322,"mc":[{"id":"1.232220900","rc":[{"ltp":2.26,"id":47674068},{"ltp":1.74,"id":73038264}]}]}
{"op":"mcm","clk":"11924399642","pt":1724626862410,"mc":[{"id":"1.232220900","rc":[{"ltp":1.79,"id":73038264}]}]}
{"op":"mcm","clk":"11924403688","pt":1724626917659,"mc":[{"id":"1.232220900","rc":[{"ltp":2.24,"id":47674068},{"ltp":1.8,"id":73038264}]}]}
{"op":"mcm","clk":"11924408561","pt":1724626981152,"mc":[{"id":"1.232220900","rc":[{"ltp":2.22,"id":47674068},{"ltp":1.81,"id":73038264}]}]}
{"op":"mcm","clk":"11924426438","pt":1724627222957,"mc":[{"id":"1.232220900","rc":[{"ltp":1.82,"id":73038264}]}]}
{"op":"mcm","clk":"11924429220","pt":1724627266089,"mc":[{"id":"1.232220900","rc":[{"ltp":2.2,"id":47674068}]}]}
{"op":"mcm","clk":"11924460372","pt":1724627749829,"mc":[{"id":"1.232220900","rc":[{"ltp":2.24,"id":47674068},{"ltp":1.81,"id":73038264}]}]}
{"op":"mcm","clk":"11924479835","pt":1724628052230,"mc":[{"id":"1.232220900","rc":[{"ltp":2.2,"id":47674068},{"ltp":1.83,"id":73038264}]}]}
{"op":"mcm","clk":"11924484354","pt":1724628119914,"mc":[{"id":"1.232220900","rc":[{"ltp":2.22,"id":47674068},{"ltp":1.82,"id":73038264}]}]}
{"op":"mcm","clk":"11924487564","pt":1724628168875,"mc":[{"id":"1.232220900","rc":[{"ltp":1.83,"id":73038264}]}]}
{"op":"mcm","clk":"11924489410","pt":1724628197324,"mc":[{"id":"1.232220900","rc":[{"ltp":1.81,"id":73038264}]}]}
{"op":"mcm","clk":"11924495782","pt":1724628293770,"mc":[{"id":"1.232220900","rc":[{"ltp":1.82,"id":73038264}]}]}
{"op":"mcm","clk":"11924498699","pt":1724628339182,"mc":[{"id":"1.232220900","rc":[{"ltp":2.2,"id":47674068},{"ltp":1.83,"id":73038264}]}]}
{"op":"mcm","clk":"11924506613","pt":1724628463353,"mc":[{"id":"1.232220900","rc":[{"ltp":1.82,"id":73038264}]}]}
{"op":"mcm","clk":"11924516117","pt":1724628603813,"mc":[{"id":"1.232220900","rc":[{"ltp":2.16,"id":47674068},{"ltp":1.94,"id":73038264}]}]}
{"op":"mcm","clk":"11924516706","pt":1724628610419,"mc":[{"id":"1.232220900","rc":[{"ltp":2.0,"id":73038264}]}]}
{"op":"mcm","clk":"11924524585","pt":1724628722588,"mc":[{"id":"1.232220900","rc":[{"ltp":1.87,"id":73038264}]}]}
{"op":"mcm","clk":"11924532358","pt":1724628838386,"mc":[{"id":"1.232220900","rc":[{"ltp":1.86,"id":73038264}]}]}
{"op":"mcm","clk":"11924544191","pt":1724629017495,"mc":[{"id":"1.232220900","rc":[{"ltp":2.2,"id":47674068},{"ltp":1.82,"id":73038264}]}]}
{"op":"mcm","clk":"11924546643","pt":1724629056536,"mc":[{"id":"1.232220900","rc":[{"ltp":2.18,"id":47674068}]}]}
{"op":"mcm","clk":"11924555050","pt":1724629200840,"mc":[{"id":"1.232220900","rc":[{"ltp":2.14,"id":47674068},{"ltp":1.87,"id":73038264}]}]}
{"op":"mcm","clk":"11924558893","pt":1724629264149,"mc":[{"id":"1.232220900","rc":[{"ltp":2.12,"id":47674068},{"ltp":1.9,"id":73038264}]}]}
{"op":"mcm","clk":"11924562711","pt":1724629321488,"mc":[{"id":"1.232220900","rc":[{"ltp":2.1,"id":47674068}]}]}
{"op":"mcm","clk":"11924577389","pt":1724629382083,"mc":[{"id":"1.232220900","rc":[{"ltp":2.06,"id":47674068},{"ltp":1.96,"id":73038264}]}]}
{"op":"mcm","clk":"11924581299","pt":1724629439844,"mc":[{"id":"1.232220900","rc":[{"ltp":2.02,"id":47674068},{"ltp":1.97,"id":73038264}]}]}
{"op":"mcm","clk":"11924585850","pt":1724629503981,"mc":[{"id":"1.232220900","rc":[{"ltp":2.0,"id":47674068},{"ltp":2.0,"id":73038264}]}]}
{"op":"mcm","clk":"11924590248","pt":1724629563370,"mc":[{"id":"1.232220900","rc":[{"ltp":1.91,"id":47674068},{"ltp":2.06,"id":73038264}]}]}
{"op":"mcm","clk":"11924594846","pt":1724629624030,"mc":[{"id":"1.232220900","rc":[{"ltp":1.9,"id":47674068},{"ltp":2.1,"id":73038264}]}]}
{"op":"mcm","clk":"11924599084","pt":1724629682119,"mc":[{"id":"1.232220900","rc":[{"ltp":1.93,"id":47674068},{"ltp":2.04,"id":73038264}]}]}
{"op":"mcm","clk":"11924603696","pt":1724629743247,"mc":[{"id":"1.232220900","rc":[{"ltp":2.1,"id":73038264}]}]}
{"op":"mcm","clk":"11924607275","pt":1724629792973,"mc":[{"id":"1.232220900","rc":[{"ltp":1.96,"id":47674068},{"ltp":2.04,"id":73038264}]}]}
{"op":"mcm","clk":"11924612543","pt":1724629864280,"mc":[{"id":"1.232220900","rc":[{"ltp":1.92,"id":47674068}]}]}
{"op":"mcm","clk":"11924616107","pt":1724629923919,"mc":[{"id":"1.232220900","rc":[{"ltp":1.9,"id":47674068},{"ltp":2.1,"id":73038264}]}]}
{"op":"mcm","clk":"11924619139","pt":1724629984093,"mc":[{"id":"1.232220900","rc":[{"ltp":1.84,"id":47674068},{"ltp":2.14,"id":73038264}]}]}
{"op":"mcm","clk":"11924622187","pt":1724630044180,"mc":[{"id":"1.232220900","rc":[{"ltp":1.86,"id":47674068},{"ltp":2.16,"id":73038264}]}]}
{"op":"mcm","clk":"11924625286","pt":1724630103995,"mc":[{"id":"1.232220900","rc":[{"ltp":1.87,"id":47674068}]}]}
{"op":"mcm","clk":"11924628248","pt":1724630157064,"mc":[{"id":"1.232220900","rc":[{"ltp":2.2,"id":73038264}]}]}
{"op":"mcm","clk":"11924631262","pt":1724630216459,"mc":[{"id":"1.232220900","rc":[{"ltp":2.16,"id":73038264}]}]}
{"op":"mcm","clk":"11924638216","pt":1724630343221,"mc":[{"id":"1.232220900","rc":[{"ltp":1.83,"id":47674068},{"ltp":2.2,"id":73038264}]}]}
{"op":"mcm","clk":"11924641638","pt":1724630403154,"mc":[{"id":"1.232220900","marketDefinition":{"bspMarket":false,"turnInPlayEnabled":true,"persistenceEnabled":true,"marketBaseRate":5.0,"eventId":"33523125","eventTypeId":"4","numberOfWinners":1,"bettingType":"ODDS","marketType":"MATCH_ODDS","marketTime":"2024-08-26T00:00:00.000Z","suspendTime":"2024-08-26T00:00:00.000Z","bspReconciled":false,"complete":true,"inPlay":false,"crossMatching":true,"runnersVoidable":false,"numberOfActiveRunners":2,"betDelay":0,"status":"SUSPENDED","runners":[{"status":"ACTIVE","sortPriority":1,"id":47674068,"name":"Guyana Amazon Warriors W"},{"status":"ACTIVE","sortPriority":2,"id":73038264,"name":"Trinidad K Riders W"}],"regulators":["MR_INT"],"countryCode":"GB","discountAllowed":true,"timezone":"GMT","openDate":"2024-08-26T00:00:00.000Z","version":6100829165,"name":"Match Odds","eventName":"Guyana Amazon Warriors W v Trinidad K Riders W"},"rc":[{"ltp":1.75,"id":47674068},{"ltp":2.32,"id":73038264}]}]}
{"op":"mcm","clk":"11924645362","pt":1724630464251,"mc":[{"id":"1.232220900","marketDefinition":{"bspMarket":false,"turnInPlayEnabled":true,"persistenceEnabled":true,"marketBaseRate":5.0,"eventId":"33523125","eventTypeId":"4","numberOfWinners":1,"bettingType":"ODDS","marketType":"MATCH_ODDS","marketTime":"2024-08-26T00:00:00.000Z","suspendTime":"2024-08-26T00:00:00.000Z","bspReconciled":false,"complete":true,"inPlay":true,"crossMatching":true,"runnersVoidable":false,"numberOfActiveRunners":2,"betDelay":5,"status":"OPEN","runners":[{"status":"ACTIVE","sortPriority":1,"id":47674068,"name":"Guyana Amazon Warriors W"},{"status":"ACTIVE","sortPriority":2,"id":73038264,"name":"Trinidad K Riders W"}],"regulators":["MR_INT"],"countryCode":"GB","discountAllowed":true,"timezone":"GMT","openDate":"2024-08-26T00:00:00.000Z","version":6100829485,"name":"Match Odds","eventName":"Guyana Amazon Warriors W v Trinidad K Riders W"},"rc":[{"ltp":1.81,"id":47674068},{"ltp":2.22,"id":73038264}]}]}
{"op":"mcm","clk":"11924648957","pt":1724630523936,"mc":[{"id":"1.232220900","rc":[{"ltp":1.92,"id":47674068},{"ltp":2.08,"id":73038264}]}]}
{"op":"mcm","clk":"11924652261","pt":1724630584229,"mc":[{"id":"1.232220900","rc":[{"ltp":2.04,"id":47674068},{"ltp":1.98,"id":73038264}]}]}
{"op":"mcm","clk":"11924655631","pt":1724630644015,"mc":[{"id":"1.232220900","rc":[{"ltp":2.1,"id":47674068},{"ltp":1.9,"id":73038264}]}]}
{"op":"mcm","clk":"11924659162","pt":1724630704093,"mc":[{"id":"1.232220900","rc":[{"ltp":2.08,"id":47674068},{"ltp":1.87,"id":73038264}]}]}
{"op":"mcm","clk":"11924662690","pt":1724630764292,"mc":[{"id":"1.232220900","rc":[{"ltp":2.28,"id":47674068},{"ltp":1.79,"id":73038264}]}]}
{"op":"mcm","clk":"11924666250","pt":1724630824057,"mc":[{"id":"1.232220900","rc":[{"ltp":2.24,"id":47674068},{"ltp":1.8,"id":73038264}]}]}
{"op":"mcm","clk":"11924669529","pt":1724630884124,"mc":[{"id":"1.232220900","rc":[{"ltp":2.32,"id":47674068},{"ltp":1.76,"id":73038264}]}]}
{"op":"mcm","clk":"11924673047","pt":1724630943925,"mc":[{"id":"1.232220900","rc":[{"ltp":2.36,"id":47674068},{"ltp":1.73,"id":73038264}]}]}
{"op":"mcm","clk":"11924676301","pt":1724631004203,"mc":[{"id":"1.232220900","rc":[{"ltp":1.97,"id":47674068},{"ltp":1.88,"id":73038264}]}]}
{"op":"mcm","clk":"11924680065","pt":1724631062683,"mc":[{"id":"1.232220900","rc":[{"ltp":2.12,"id":47674068}]}]}
{"op":"mcm","clk":"11924683737","pt":1724631124036,"mc":[{"id":"1.232220900","rc":[{"ltp":2.4,"id":47674068},{"ltp":1.72,"id":73038264}]}]}
{"op":"mcm","clk":"11924687651","pt":1724631184215,"mc":[{"id":"1.232220900","rc":[{"ltp":2.52,"id":47674068},{"ltp":1.64,"id":73038264}]}]}
{"op":"mcm","clk":"11924691309","pt":1724631243989,"mc":[{"id":"1.232220900","rc":[{"ltp":2.6,"id":47674068},{"ltp":1.62,"id":73038264}]}]}
{"op":"mcm","clk":"11924694894","pt":1724631303696,"mc":[{"id":"1.232220900","rc":[{"ltp":2.62,"id":47674068},{"ltp":1.61,"id":73038264}]}]}
{"op":"mcm","clk":"11924698702","pt":1724631364163,"mc":[{"id":"1.232220900","rc":[{"ltp":2.58,"id":47674068},{"ltp":1.66,"id":73038264}]}]}
{"op":"mcm","clk":"11924702335","pt":1724631424225,"mc":[{"id":"1.232220900","rc":[{"ltp":2.6,"id":47674068},{"ltp":1.63,"id":73038264}]}]}
{"op":"mcm","clk":"11924706206","pt":1724631484213,"mc":[{"id":"1.232220900","rc":[{"ltp":1.62,"id":73038264}]}]}
{"op":"mcm","clk":"11924709814","pt":1724631544269,"mc":[{"id":"1.232220900","rc":[{"ltp":2.66,"id":47674068},{"ltp":1.6,"id":73038264}]}]}
{"op":"mcm","clk":"11924713311","pt":1724631604280,"mc":[{"id":"1.232220900","rc":[{"ltp":2.68,"id":47674068}]}]}
{"op":"mcm","clk":"11924717067","pt":1724631664146,"mc":[{"id":"1.232220900","rc":[{"ltp":2.74,"id":47674068},{"ltp":1.58,"id":73038264}]}]}
{"op":"mcm","clk":"11924720890","pt":1724631724242,"mc":[{"id":"1.232220900","rc":[{"ltp":2.92,"id":47674068},{"ltp":1.52,"id":73038264}]}]}
{"op":"mcm","clk":"11924724382","pt":1724631784165,"mc":[{"id":"1.232220900","rc":[{"ltp":3.05,"id":47674068},{"ltp":1.48,"id":73038264}]}]}
{"op":"mcm","clk":"11924727897","pt":1724631844280,"mc":[{"id":"1.232220900","rc":[{"ltp":3.55,"id":47674068},{"ltp":1.39,"id":73038264}]}]}
{"op":"mcm","clk":"11924731497","pt":1724631904111,"mc":[{"id":"1.232220900","rc":[{"ltp":3.6,"id":47674068},{"ltp":1.4,"id":73038264}]}]}
{"op":"mcm","clk":"11924734935","pt":1724631964265,"mc":[{"id":"1.232220900","rc":[{"ltp":1.38,"id":73038264}]}]}
{"op":"mcm","clk":"11924738412","pt":1724632024032,"mc":[{"id":"1.232220900","rc":[{"ltp":1.39,"id":73038264}]}]}
{"op":"mcm","clk":"11924742061","pt":1724632084235,"mc":[{"id":"1.232220900","rc":[{"ltp":3.5,"id":47674068},{"ltp":1.42,"id":73038264}]}]}
{"op":"mcm","clk":"11924745683","pt":1724632143899,"mc":[{"id":"1.232220900","rc":[{"ltp":3.35,"id":47674068},{"ltp":1.43,"id":73038264}]}]}
{"op":"mcm","clk":"11924749352","pt":1724632204105,"mc":[{"id":"1.232220900","rc":[{"ltp":3.25,"id":47674068},{"ltp":1.45,"id":73038264}]}]}
{"op":"mcm","clk":"11924752685","pt":1724632264271,"mc":[{"id":"1.232220900","rc":[{"ltp":1.41,"id":73038264}]}]}
{"op":"mcm","clk":"11924756043","pt":1724632324232,"mc":[{"id":"1.232220900","rc":[{"ltp":3.4,"id":47674068}]}]}
{"op":"mcm","clk":"11924759182","pt":1724632383882,"mc":[{"id":"1.232220900","rc":[{"ltp":3.3,"id":47674068},{"ltp":1.43,"id":73038264}]}]}
{"op":"mcm","clk":"11924762448","pt":1724632444239,"mc":[{"id":"1.232220900","rc":[{"ltp":3.4,"id":47674068},{"ltp":1.41,"id":73038264}]}]}
{"op":"mcm","clk":"11924765515","pt":1724632504199,"mc":[{"id":"1.232220900","rc":[{"ltp":3.25,"id":47674068},{"ltp":1.45,"id":73038264}]}]}
{"op":"mcm","clk":"11924768803","pt":1724632564179,"mc":[{"id":"1.232220900","rc":[{"ltp":3.5,"id":47674068},{"ltp":1.4,"id":73038264}]}]}
{"op":"mcm","clk":"11924771888","pt":1724632624112,"mc":[{"id":"1.232220900","rc":[{"ltp":3.3,"id":47674068},{"ltp":1.37,"id":73038264}]}]}
{"op":"mcm","clk":"11924775017","pt":1724632684224,"mc":[{"id":"1.232220900","rc":[{"ltp":4.6,"id":47674068},{"ltp":1.27,"id":73038264}]}]}
{"op":"mcm","clk":"11924778000","pt":1724632744010,"mc":[{"id":"1.232220900","rc":[{"ltp":4.7,"id":47674068}]}]}
{"op":"mcm","clk":"11924780882","pt":1724632804291,"mc":[{"id":"1.232220900","rc":[{"ltp":4.8,"id":47674068},{"ltp":1.26,"id":73038264}]}]}
{"op":"mcm","clk":"11924783982","pt":1724632864219,"mc":[{"id":"1.232220900","rc":[{"ltp":4.7,"id":47674068},{"ltp":1.33,"id":73038264}]}]}
{"op":"mcm","clk":"11924787429","pt":1724632924115,"mc":[{"id":"1.232220900","rc":[{"ltp":3.9,"id":47674068},{"ltp":1.34,"id":73038264}]}]}
{"op":"mcm","clk":"11924790723","pt":1724632984188,"mc":[{"id":"1.232220900","rc":[{"ltp":1.35,"id":73038264}]}]}
{"op":"mcm","clk":"11924794103","pt":1724633044090,"mc":[{"id":"1.232220900","rc":[{"ltp":3.8,"id":47674068},{"ltp":1.36,"id":73038264}]}]}
{"op":"mcm","clk":"11924797306","pt":1724633103748,"mc":[{"id":"1.232220900","rc":[{"ltp":3.75,"id":47674068},{"ltp":1.37,"id":73038264}]}]}
{"op":"mcm","clk":"11924800573","pt":1724633164201,"mc":[{"id":"1.232220900","rc":[{"ltp":3.7,"id":47674068}]}]}
{"op":"mcm","clk":"11924807602","pt":1724633284255,"mc":[{"id":"1.232220900","rc":[{"ltp":4.3,"id":47674068},{"ltp":1.33,"id":73038264}]}]}
{"op":"mcm","clk":"11924810983","pt":1724633344244,"mc":[{"id":"1.232220900","rc":[{"ltp":4.0,"id":47674068},{"ltp":1.44,"id":73038264}]}]}
{"op":"mcm","clk":"11924814025","pt":1724633404224,"mc":[{"id":"1.232220900","rc":[{"ltp":3.2,"id":47674068},{"ltp":1.45,"id":73038264}]}]}
{"op":"mcm","clk":"11924817553","pt":1724633464282,"mc":[{"id":"1.232220900","rc":[{"ltp":3.0,"id":47674068},{"ltp":1.49,"id":73038264}]}]}
{"op":"mcm","clk":"11924821020","pt":1724633523944,"mc":[{"id":"1.232220900","rc":[{"ltp":2.96,"id":47674068},{"ltp":1.51,"id":73038264}]}]}
{"op":"mcm","clk":"11924824598","pt":1724633584219,"mc":[{"id":"1.232220900","rc":[{"ltp":2.76,"id":47674068},{"ltp":1.56,"id":73038264}]}]}
{"op":"mcm","clk":"11924828303","pt":1724633644255,"mc":[{"id":"1.232220900","rc":[{"ltp":2.28,"id":47674068},{"ltp":1.8,"id":73038264}]}]}
{"op":"mcm","clk":"11924831577","pt":1724633703837,"mc":[{"id":"1.232220900","rc":[{"ltp":1.77,"id":73038264}]}]}
{"op":"mcm","clk":"11924835492","pt":1724633764199,"mc":[{"id":"1.232220900","rc":[{"ltp":2.26,"id":47674068},{"ltp":1.81,"id":73038264}]}]}
{"op":"mcm","clk":"11924839360","pt":1724633824258,"mc":[{"id":"1.232220900","rc":[{"ltp":1.92,"id":47674068},{"ltp":1.96,"id":73038264}]}]}
{"op":"mcm","clk":"11924842953","pt":1724633884137,"mc":[{"id":"1.232220900","rc":[{"ltp":1.96,"id":47674068},{"ltp":2.04,"id":73038264}]}]}
{"op":"mcm","clk":"11924846737","pt":1724633943705,"mc":[{"id":"1.232220900","rc":[{"ltp":2.02,"id":47674068},{"ltp":1.98,"id":73038264}]}]}
{"op":"mcm","clk":"11924850811","pt":1724634004276,"mc":[{"id":"1.232220900","rc":[{"ltp":1.71,"id":47674068},{"ltp":2.4,"id":73038264}]}]}
{"op":"mcm","clk":"11924854986","pt":1724634064272,"mc":[{"id":"1.232220900","rc":[{"ltp":1.74,"id":47674068},{"ltp":2.34,"id":73038264}]}]}
{"op":"mcm","clk":"11924859541","pt":1724634124125,"mc":[{"id":"1.232220900","rc":[{"ltp":2.32,"id":73038264}]}]}
{"op":"mcm","clk":"11924863853","pt":1724634184191,"mc":[{"id":"1.232220900","rc":[{"ltp":1.77,"id":47674068},{"ltp":2.28,"id":73038264}]}]}
{"op":"mcm","clk":"11924867851","pt":1724634244216,"mc":[{"id":"1.232220900","rc":[{"ltp":1.71,"id":47674068},{"ltp":2.38,"id":73038264}]}]}
{"op":"mcm","clk":"11924871843","pt":1724634304262,"mc":[{"id":"1.232220900","rc":[{"ltp":1.63,"id":47674068},{"ltp":2.56,"id":73038264}]}]}
{"op":"mcm","clk":"11924875548","pt":1724634364158,"mc":[{"id":"1.232220900","rc":[{"ltp":1.6,"id":47674068},{"ltp":2.68,"id":73038264}]}]}
{"op":"mcm","clk":"11924879345","pt":1724634424141,"mc":[{"id":"1.232220900","rc":[{"ltp":1.57,"id":47674068},{"ltp":2.74,"id":73038264}]}]}
{"op":"mcm","clk":"11924883376","pt":1724634484278,"mc":[{"id":"1.232220900","rc":[{"ltp":1.62,"id":47674068},{"ltp":2.6,"id":73038264}]}]}
{"op":"mcm","clk":"11924887429","pt":1724634544280,"mc":[{"id":"1.232220900","rc":[{"ltp":1.72,"id":47674068},{"ltp":2.4,"id":73038264}]}]}
{"op":"mcm","clk":"11924891252","pt":1724634604227,"mc":[{"id":"1.232220900","rc":[{"ltp":2.38,"id":73038264}]}]}
{"op":"mcm","clk":"11924894886","pt":1724634663930,"mc":[{"id":"1.232220900","rc":[{"ltp":1.73,"id":47674068},{"ltp":2.36,"id":73038264}]}]}
{"op":"mcm","clk":"11924898292","pt":1724634724196,"mc":[{"id":"1.232220900","rc":[{"ltp":1.7,"id":47674068},{"ltp":2.42,"id":73038264}]}]}
{"op":"mcm","clk":"11924912181","pt":1724634784080,"mc":[{"id":"1.232220900","rc":[{"ltp":1.69,"id":47674068}]}]}
{"op":"mcm","clk":"11924915683","pt":1724634844247,"mc":[{"id":"1.232220900","rc":[{"ltp":1.7,"id":47674068}]}]}
{"op":"mcm","clk":"11924919101","pt":1724634904250,"mc":[{"id":"1.232220900","rc":[{"ltp":1.83,"id":47674068},{"ltp":2.2,"id":73038264}]}]}
{"op":"mcm","clk":"11924922578","pt":1724634964214,"mc":[{"id":"1.232220900","rc":[{"ltp":1.82,"id":47674068}]}]}
{"op":"mcm","clk":"11924926047","pt":1724635024264,"mc":[{"id":"1.232220900","rc":[{"ltp":1.85,"id":47674068},{"ltp":2.16,"id":73038264}]}]}
{"op":"mcm","clk":"11924929532","pt":1724635084070,"mc":[{"id":"1.232220900","rc":[{"ltp":1.93,"id":47674068},{"ltp":2.02,"id":73038264}]}]}
{"op":"mcm","clk":"11924932842","pt":1724635143822,"mc":[{"id":"1.232220900","rc":[{"ltp":1.92,"id":47674068},{"ltp":2.08,"id":73038264}]}]}
{"op":"mcm","clk":"11924935955","pt":1724635203584,"mc":[{"id":"1.232220900","rc":[{"ltp":1.96,"id":47674068},{"ltp":2.06,"id":73038264}]}]}
{"op":"mcm","clk":"11924938755","pt":1724635263851,"mc":[{"id":"1.232220900","rc":[{"ltp":2.02,"id":47674068},{"ltp":1.94,"id":73038264}]}]}
{"op":"mcm","clk":"11924941335","pt":1724635324143,"mc":[{"id":"1.232220900","rc":[{"ltp":2.04,"id":47674068},{"ltp":1.95,"id":73038264}]}]}
{"op":"mcm","clk":"11924944257","pt":1724635383890,"mc":[{"id":"1.232220900","rc":[{"ltp":1.98,"id":47674068},{"ltp":2.0,"id":73038264}]}]}
{"op":"mcm","clk":"11924947460","pt":1724635444279,"mc":[{"id":"1.232220900","rc":[{"ltp":1.99,"id":47674068}]}]}
{"op":"mcm","clk":"11924950656","pt":1724635503958,"mc":[{"id":"1.232220900","rc":[{"ltp":2.0,"id":47674068}]}]}
{"op":"mcm","clk":"11924953578","pt":1724635563728,"mc":[{"id":"1.232220900","rc":[{"ltp":1.97,"id":73038264}]}]}
{"op":"mcm","clk":"11924956339","pt":1724635623916,"mc":[{"id":"1.232220900","rc":[{"ltp":2.02,"id":47674068},{"ltp":1.98,"id":73038264}]}]}
{"op":"mcm","clk":"11924959113","pt":1724635684070,"mc":[{"id":"1.232220900","rc":[{"ltp":2.34,"id":47674068},{"ltp":1.74,"id":73038264}]}]}
{"op":"mcm","clk":"11924961672","pt":1724635743767,"mc":[{"id":"1.232220900","rc":[{"ltp":2.32,"id":47674068},{"ltp":1.75,"id":73038264}]}]}
{"op":"mcm","clk":"11924964501","pt":1724635804172,"mc":[{"id":"1.232220900","rc":[{"ltp":2.08,"id":47674068},{"ltp":1.91,"id":73038264}]}]}
{"op":"mcm","clk":"11924966973","pt":1724635864024,"mc":[{"id":"1.232220900","rc":[{"ltp":1.93,"id":73038264}]}]}
{"op":"mcm","clk":"11924969536","pt":1724635924106,"mc":[{"id":"1.232220900","rc":[{"ltp":1.91,"id":73038264}]}]}
{"op":"mcm","clk":"11924972105","pt":1724635984271,"mc":[{"id":"1.232220900","rc":[{"ltp":1.92,"id":73038264}]}]}
{"op":"mcm","clk":"11924974445","pt":1724636044045,"mc":[{"id":"1.232220900","rc":[{"ltp":2.06,"id":47674068},{"ltp":2.0,"id":73038264}]}]}
{"op":"mcm","clk":"11924976321","pt":1724636104110,"mc":[{"id":"1.232220900","rc":[{"ltp":1.9,"id":47674068},{"ltp":2.1,"id":73038264}]}]}
{"op":"mcm","clk":"11924978059","pt":1724636163984,"mc":[{"id":"1.232220900","rc":[{"ltp":1.91,"id":47674068},{"ltp":2.08,"id":73038264}]}]}
{"op":"mcm","clk":"11924980317","pt":1724636224129,"mc":[{"id":"1.232220900","rc":[{"ltp":1.93,"id":47674068},{"ltp":2.06,"id":73038264}]}]}
{"op":"mcm","clk":"11924982419","pt":1724636283770,"mc":[{"id":"1.232220900","rc":[{"ltp":1.96,"id":47674068}]}]}
{"op":"mcm","clk":"11924984810","pt":1724636344272,"mc":[{"id":"1.232220900","rc":[{"ltp":1.78,"id":47674068},{"ltp":2.2,"id":73038264}]}]}
{"op":"mcm","clk":"11924986923","pt":1724636404239,"mc":[{"id":"1.232220900","rc":[{"ltp":1.8,"id":47674068},{"ltp":2.24,"id":73038264}]}]}
{"op":"mcm","clk":"11924989127","pt":1724636463823,"mc":[{"id":"1.232220900","rc":[{"ltp":1.75,"id":47674068},{"ltp":2.32,"id":73038264}]}]}
{"op":"mcm","clk":"11924991297","pt":1724636524250,"mc":[{"id":"1.232220900","rc":[{"ltp":1.76,"id":47674068},{"ltp":2.3,"id":73038264}]}]}
{"op":"mcm","clk":"11924992858","pt":1724636583925,"mc":[{"id":"1.232220900","rc":[{"ltp":1.73,"id":47674068},{"ltp":2.36,"id":73038264}]}]}
{"op":"mcm","clk":"11924994945","pt":1724636644026,"mc":[{"id":"1.232220900","rc":[{"ltp":1.81,"id":47674068},{"ltp":2.28,"id":73038264}]}]}
{"op":"mcm","clk":"11924996911","pt":1724636704224,"mc":[{"id":"1.232220900","rc":[{"ltp":1.85,"id":47674068},{"ltp":2.2,"id":73038264}]}]}
{"op":"mcm","clk":"11924999052","pt":1724636764268,"mc":[{"id":"1.232220900","rc":[{"ltp":1.88,"id":47674068},{"ltp":2.12,"id":73038264}]}]}
{"op":"mcm","clk":"11925001086","pt":1724636824166,"mc":[{"id":"1.232220900","rc":[{"ltp":1.87,"id":47674068},{"ltp":2.14,"id":73038264}]}]}
{"op":"mcm","clk":"11925003336","pt":1724636883920,"mc":[{"id":"1.232220900","rc":[{"ltp":1.89,"id":47674068},{"ltp":2.12,"id":73038264}]}]}
{"op":"mcm","clk":"11925009871","pt":1724637064048,"mc":[{"id":"1.232220900","rc":[{"ltp":1.9,"id":47674068},{"ltp":2.1,"id":73038264}]}]}
{"op":"mcm","clk":"11925011791","pt":1724637122118,"mc":[{"id":"1.232220900","rc":[{"ltp":2.14,"id":73038264}]}]}
{"op":"mcm","clk":"11925013962","pt":1724637183087,"mc":[{"id":"1.232220900","rc":[{"ltp":2.1,"id":73038264}]}]}
{"op":"mcm","clk":"11925016365","pt":1724637243599,"mc":[{"id":"1.232220900","rc":[{"ltp":1.89,"id":47674068}]}]}
{"op":"mcm","clk":"11925020678","pt":1724637363505,"mc":[{"id":"1.232220900","rc":[{"ltp":1.88,"id":47674068},{"ltp":2.12,"id":73038264}]}]}
{"op":"mcm","clk":"11925022772","pt":1724637423360,"mc":[{"id":"1.232220900","rc":[{"ltp":1.9,"id":47674068}]}]}
{"op":"mcm","clk":"11925024810","pt":1724637484274,"mc":[{"id":"1.232220900","rc":[{"ltp":1.98,"id":47674068},{"ltp":2.1,"id":73038264}]}]}
{"op":"mcm","clk":"11925026746","pt":1724637544280,"mc":[{"id":"1.232220900","rc":[{"ltp":2.3,"id":47674068},{"ltp":1.74,"id":73038264}]}]}
{"op":"mcm","clk":"11925029119","pt":1724637604139,"mc":[{"id":"1.232220900","rc":[{"ltp":2.02,"id":47674068},{"ltp":1.98,"id":73038264}]}]}
{"op":"mcm","clk":"11925031554","pt":1724637664213,"mc":[{"id":"1.232220900","rc":[{"ltp":1.83,"id":47674068},{"ltp":2.18,"id":73038264}]}]}
{"op":"mcm","clk":"11925033819","pt":1724637724211,"mc":[{"id":"1.232220900","rc":[{"ltp":1.8,"id":47674068},{"ltp":2.22,"id":73038264}]}]}
{"op":"mcm","clk":"11925036109","pt":1724637784212,"mc":[{"id":"1.232220900","rc":[{"ltp":1.81,"id":47674068}]}]}
{"op":"mcm","clk":"11925041497","pt":1724637904278,"mc":[{"id":"1.232220900","rc":[{"ltp":1.8,"id":47674068},{"ltp":2.24,"id":73038264}]}]}
{"op":"mcm","clk":"11925044285","pt":1724637964064,"mc":[{"id":"1.232220900","rc":[{"ltp":1.71,"id":47674068},{"ltp":2.4,"id":73038264}]}]}
{"op":"mcm","clk":"11925047011","pt":1724638024236,"mc":[{"id":"1.232220900","rc":[{"ltp":1.8,"id":47674068},{"ltp":2.3,"id":73038264}]}]}
{"op":"mcm","clk":"11925050033","pt":1724638084228,"mc":[{"id":"1.232220900","rc":[{"ltp":1.73,"id":47674068},{"ltp":2.36,"id":73038264}]}]}
{"op":"mcm","clk":"11925052943","pt":1724638144168,"mc":[{"id":"1.232220900","rc":[{"ltp":1.75,"id":47674068},{"ltp":2.28,"id":73038264}]}]}
{"op":"mcm","clk":"11925055817","pt":1724638204254,"mc":[{"id":"1.232220900","rc":[{"ltp":1.78,"id":47674068}]}]}
{"op":"mcm","clk":"11925058502","pt":1724638264213,"mc":[{"id":"1.232220900","rc":[{"ltp":1.81,"id":47674068},{"ltp":2.22,"id":73038264}]}]}
{"op":"mcm","clk":"11925061217","pt":1724638324081,"mc":[{"id":"1.232220900","rc":[{"ltp":1.82,"id":47674068}]}]}
{"op":"mcm","clk":"11925063737","pt":1724638384276,"mc":[{"id":"1.232220900","rc":[{"ltp":1.84,"id":47674068},{"ltp":2.16,"id":73038264}]}]}
{"op":"mcm","clk":"11925066645","pt":1724638444261,"mc":[{"id":"1.232220900","rc":[{"ltp":2.36,"id":47674068},{"ltp":1.74,"id":73038264}]}]}
{"op":"mcm","clk":"11925069810","pt":1724638504128,"mc":[{"id":"1.232220900","rc":[{"ltp":2.26,"id":47674068},{"ltp":1.79,"id":73038264}]}]}
{"op":"mcm","clk":"11925072832","pt":1724638563798,"mc":[{"id":"1.232220900","rc":[{"ltp":1.85,"id":47674068},{"ltp":1.99,"id":73038264}]}]}
{"op":"mcm","clk":"11925075458","pt":1724638624292,"mc":[{"id":"1.232220900","rc":[{"ltp":2.0,"id":47674068},{"ltp":2.0,"id":73038264}]}]}
{"op":"mcm","clk":"11925078310","pt":1724638684278,"mc":[{"id":"1.232220900","rc":[{"ltp":1.96,"id":47674068},{"ltp":2.04,"id":73038264}]}]}
{"op":"mcm","clk":"11925081382","pt":1724638744025,"mc":[{"id":"1.232220900","rc":[{"ltp":1.85,"id":47674068},{"ltp":2.18,"id":73038264}]}]}
{"op":"mcm","clk":"11925084257","pt":1724638804138,"mc":[{"id":"1.232220900","rc":[{"ltp":2.48,"id":47674068},{"ltp":1.67,"id":73038264}]}]}
{"op":"mcm","clk":"11925087053","pt":1724638864213,"mc":[{"id":"1.232220900","rc":[{"ltp":2.72,"id":47674068},{"ltp":1.58,"id":73038264}]}]}
{"op":"mcm","clk":"11925089920","pt":1724638924267,"mc":[{"id":"1.232220900","rc":[{"ltp":2.62,"id":47674068},{"ltp":1.62,"id":73038264}]}]}
{"op":"mcm","clk":"11925092677","pt":1724638984250,"mc":[{"id":"1.232220900","rc":[{"ltp":2.34,"id":47674068},{"ltp":1.73,"id":73038264}]}]}
{"op":"mcm","clk":"11925095312","pt":1724639043918,"mc":[{"id":"1.232220900","rc":[{"ltp":2.04,"id":47674068},{"ltp":1.96,"id":73038264}]}]}
{"op":"mcm","clk":"11925097847","pt":1724639103903,"mc":[{"id":"1.232220900","rc":[{"ltp":1.91,"id":47674068},{"ltp":2.02,"id":73038264}]}]}
{"op":"mcm","clk":"11925100622","pt":1724639164276,"mc":[{"id":"1.232220900","rc":[{"ltp":1.94,"id":47674068},{"ltp":2.06,"id":73038264}]}]}
{"op":"mcm","clk":"11925103289","pt":1724639224022,"mc":[{"id":"1.232220900","rc":[{"ltp":1.91,"id":47674068},{"ltp":2.08,"id":73038264}]}]}
{"op":"mcm","clk":"11925109094","pt":1724639344195,"mc":[{"id":"1.232220900","rc":[{"ltp":1.69,"id":47674068},{"ltp":2.44,"id":73038264}]}]}
{"op":"mcm","clk":"11925112417","pt":1724639404289,"mc":[{"id":"1.232220900","rc":[{"ltp":1.53,"id":47674068},{"ltp":2.88,"id":73038264}]}]}
{"op":"mcm","clk":"11925115960","pt":1724639464267,"mc":[{"id":"1.232220900","rc":[{"ltp":1.41,"id":47674068},{"ltp":3.4,"id":73038264}]}]}
{"op":"mcm","clk":"11925119419","pt":1724639524252,"mc":[{"id":"1.232220900","rc":[{"ltp":1.4,"id":47674068},{"ltp":3.5,"id":73038264}]}]}
{"op":"mcm","clk":"11925122664","pt":1724639584251,"mc":[{"id":"1.232220900","rc":[{"ltp":1.44,"id":47674068},{"ltp":3.35,"id":73038264}]}]}
{"op":"mcm","clk":"11925125613","pt":1724639643953,"mc":[{"id":"1.232220900","rc":[{"ltp":1.5,"id":47674068},{"ltp":3.0,"id":73038264}]}]}
{"op":"mcm","clk":"11925128642","pt":1724639704202,"mc":[{"id":"1.232220900","rc":[{"ltp":1.53,"id":47674068}]}]}
{"op":"mcm","clk":"11925131838","pt":1724639764217,"mc":[{"id":"1.232220900","rc":[{"ltp":1.46,"id":47674068},{"ltp":3.2,"id":73038264}]}]}
{"op":"mcm","clk":"11925134913","pt":1724639824173,"mc":[{"id":"1.232220900","rc":[{"ltp":1.45,"id":47674068}]}]}
{"op":"mcm","clk":"11925137738","pt":1724639884059,"mc":[{"id":"1.232220900","rc":[{"ltp":1.5,"id":47674068},{"ltp":3.0,"id":73038264}]}]}
{"op":"mcm","clk":"11925140129","pt":1724639943771,"mc":[{"id":"1.232220900","rc":[{"ltp":1.48,"id":47674068},{"ltp":3.05,"id":73038264}]}]}
{"op":"mcm","clk":"11925142202","pt":1724640004235,"mc":[{"id":"1.232220900","rc":[{"ltp":1.35,"id":47674068},{"ltp":3.85,"id":73038264}]}]}
{"op":"mcm","clk":"11925144559","pt":1724640064288,"mc":[{"id":"1.232220900","rc":[{"ltp":1.31,"id":47674068},{"ltp":3.9,"id":73038264}]}]}
{"op":"mcm","clk":"11925147400","pt":1724640124258,"mc":[{"id":"1.232220900","rc":[{"ltp":1.28,"id":47674068},{"ltp":4.5,"id":73038264}]}]}
{"op":"mcm","clk":"11925160579","pt":1724640184151,"mc":[{"id":"1.232220900","rc":[{"ltp":1.31,"id":47674068},{"ltp":4.3,"id":73038264}]}]}
{"op":"mcm","clk":"11925163045","pt":1724640244204,"mc":[{"id":"1.232220900","rc":[{"ltp":1.35,"id":47674068},{"ltp":3.75,"id":73038264}]}]}
{"op":"mcm","clk":"11925165622","pt":1724640304208,"mc":[{"id":"1.232220900","rc":[{"ltp":1.36,"id":47674068}]}]}
{"op":"mcm","clk":"11925168132","pt":1724640363893,"mc":[{"id":"1.232220900","rc":[{"ltp":1.39,"id":47674068},{"ltp":3.55,"id":73038264}]}]}
{"op":"mcm","clk":"11925170523","pt":1724640424155,"mc":[{"id":"1.232220900","rc":[{"ltp":1.27,"id":47674068},{"ltp":4.6,"id":73038264}]}]}
{"op":"mcm","clk":"11925172814","pt":1724640484014,"mc":[{"id":"1.232220900","rc":[{"ltp":1.3,"id":47674068},{"ltp":4.3,"id":73038264}]}]}
{"op":"mcm","clk":"11925175250","pt":1724640544283,"mc":[{"id":"1.232220900","rc":[{"ltp":1.26,"id":47674068},{"ltp":4.4,"id":73038264}]}]}
{"op":"mcm","clk":"11925177981","pt":1724640604077,"mc":[{"id":"1.232220900","rc":[{"ltp":1.29,"id":47674068}]}]}
{"op":"mcm","clk":"11925184507","pt":1724640724116,"mc":[{"id":"1.232220900","rc":[{"ltp":1.18,"id":47674068},{"ltp":6.2,"id":73038264}]}]}
{"op":"mcm","clk":"11925187776","pt":1724640784201,"mc":[{"id":"1.232220900","rc":[{"ltp":1.15,"id":47674068},{"ltp":7.6,"id":73038264}]}]}
{"op":"mcm","clk":"11925193957","pt":1724640904129,"mc":[{"id":"1.232220900","rc":[{"ltp":1.2,"id":47674068},{"ltp":4.8,"id":73038264}]}]}
{"op":"mcm","clk":"11925196586","pt":1724640964021,"mc":[{"id":"1.232220900","rc":[{"ltp":6.0,"id":73038264}]}]}
{"op":"mcm","clk":"11925199373","pt":1724641024222,"mc":[{"id":"1.232220900","rc":[{"ltp":5.8,"id":73038264}]}]}
{"op":"mcm","clk":"11925201622","pt":1724641084182,"mc":[{"id":"1.232220900","rc":[{"ltp":1.21,"id":47674068},{"ltp":5.7,"id":73038264}]}]}
{"op":"mcm","clk":"11925203835","pt":1724641144258,"mc":[{"id":"1.232220900","rc":[{"ltp":1.23,"id":47674068},{"ltp":5.4,"id":73038264}]}]}
{"op":"mcm","clk":"11925206227","pt":1724641204110,"mc":[{"id":"1.232220900","rc":[{"ltp":1.19,"id":47674068},{"ltp":6.4,"id":73038264}]}]}
{"op":"mcm","clk":"11925208600","pt":1724641264097,"mc":[{"id":"1.232220900","rc":[{"ltp":1.18,"id":47674068}]}]}
{"op":"mcm","clk":"11925211135","pt":1724641324070,"mc":[{"id":"1.232220900","rc":[{"ltp":1.16,"id":47674068},{"ltp":7.2,"id":73038264}]}]}
{"op":"mcm","clk":"11925213711","pt":1724641384228,"mc":[{"id":"1.232220900","rc":[{"ltp":1.15,"id":47674068},{"ltp":7.6,"id":73038264}]}]}
{"op":"mcm","clk":"11925219289","pt":1724641504273,"mc":[{"id":"1.232220900","rc":[{"ltp":1.1,"id":47674068},{"ltp":11.0,"id":73038264}]}]}
{"op":"mcm","clk":"11925221742","pt":1724641564248,"mc":[{"id":"1.232220900","rc":[{"ltp":1.08,"id":47674068},{"ltp":13.5,"id":73038264}]}]}
{"op":"mcm","clk":"11925224184","pt":1724641624228,"mc":[{"id":"1.232220900","rc":[{"ltp":1.11,"id":47674068},{"ltp":10.5,"id":73038264}]}]}
{"op":"mcm","clk":"11925226354","pt":1724641684233,"mc":[{"id":"1.232220900","rc":[{"ltp":1.1,"id":47674068},{"ltp":11.0,"id":73038264}]}]}
{"op":"mcm","clk":"11925228759","pt":1724641744063,"mc":[{"id":"1.232220900","rc":[{"ltp":1.11,"id":47674068},{"ltp":9.2,"id":73038264}]}]}
{"op":"mcm","clk":"11925231132","pt":1724641804271,"mc":[{"id":"1.232220900","rc":[{"ltp":1.22,"id":47674068},{"ltp":6.0,"id":73038264}]}]}
{"op":"mcm","clk":"11925233897","pt":1724641864229,"mc":[{"id":"1.232220900","rc":[{"ltp":1.24,"id":47674068},{"ltp":5.5,"id":73038264}]}]}
{"op":"mcm","clk":"11925236730","pt":1724641924210,"mc":[{"id":"1.232220900","rc":[{"ltp":1.28,"id":47674068},{"ltp":5.3,"id":73038264}]}]}
{"op":"mcm","clk":"11925239562","pt":1724641984214,"mc":[{"id":"1.232220900","rc":[{"ltp":1.42,"id":47674068},{"ltp":3.4,"id":73038264}]}]}
{"op":"mcm","clk":"11925242662","pt":1724642044266,"mc":[{"id":"1.232220900","rc":[{"ltp":1.4,"id":47674068},{"ltp":3.5,"id":73038264}]}]}
{"op":"mcm","clk":"11925245626","pt":1724642104257,"mc":[{"id":"1.232220900","rc":[{"ltp":1.31,"id":47674068},{"ltp":4.1,"id":73038264}]}]}
{"op":"mcm","clk":"11925248504","pt":1724642164233,"mc":[{"id":"1.232220900","rc":[{"ltp":1.1,"id":47674068},{"ltp":11.0,"id":73038264}]}]}
{"op":"mcm","clk":"11925253863","pt":1724642284241,"mc":[{"id":"1.232220900","rc":[{"ltp":1.12,"id":47674068},{"ltp":9.2,"id":73038264}]}]}
{"op":"mcm","clk":"11925256180","pt":1724642343930,"mc":[{"id":"1.232220900","rc":[{"ltp":1.15,"id":47674068},{"ltp":7.6,"id":73038264}]}]}
{"op":"mcm","clk":"11925258539","pt":1724642404277,"mc":[{"id":"1.232220900","rc":[{"ltp":1.19,"id":47674068},{"ltp":6.0,"id":73038264}]}]}
{"op":"mcm","clk":"11925261009","pt":1724642464181,"mc":[{"id":"1.232220900","rc":[{"ltp":1.3,"id":47674068},{"ltp":4.5,"id":73038264}]}]}
{"op":"mcm","clk":"11925263054","pt":1724642524218,"mc":[{"id":"1.232220900","rc":[{"ltp":1.41,"id":47674068},{"ltp":3.8,"id":73038264}]}]}
{"op":"mcm","clk":"11925265302","pt":1724642584217,"mc":[{"id":"1.232220900","rc":[{"ltp":1.55,"id":47674068},{"ltp":2.82,"id":73038264}]}]}
{"op":"mcm","clk":"11925267605","pt":1724642644196,"mc":[{"id":"1.232220900","rc":[{"ltp":1.45,"id":47674068},{"ltp":3.3,"id":73038264}]}]}
{"op":"mcm","clk":"11925270053","pt":1724642704262,"mc":[{"id":"1.232220900","rc":[{"ltp":1.59,"id":47674068},{"ltp":2.68,"id":73038264}]}]}
{"op":"mcm","clk":"11925272371","pt":1724642764257,"mc":[{"id":"1.232220900","rc":[{"ltp":2.0,"id":47674068},{"ltp":2.0,"id":73038264}]}]}
{"op":"mcm","clk":"11925274882","pt":1724642824198,"mc":[{"id":"1.232220900","rc":[{"ltp":2.88,"id":47674068},{"ltp":1.62,"id":73038264}]}]}
{"op":"mcm","clk":"11925277401","pt":1724642884295,"mc":[{"id":"1.232220900","rc":[{"ltp":4.3,"id":47674068},{"ltp":1.28,"id":73038264}]}]}
{"op":"mcm","clk":"11925280320","pt":1724642944256,"mc":[{"id":"1.232220900","rc":[{"ltp":1.41,"id":47674068},{"ltp":3.4,"id":73038264}]}]}
{"op":"mcm","clk":"11925283474","pt":1724643004257,"mc":[{"id":"1.232220900","rc":[{"ltp":1.21,"id":47674068},{"ltp":3.75,"id":73038264}]}]}
{"op":"mcm","clk":"11925286633","pt":1724643064241,"mc":[{"id":"1.232220900","rc":[{"ltp":1.41,"id":47674068},{"ltp":3.35,"id":73038264}]}]}
{"op":"mcm","clk":"11925289411","pt":1724643120513,"mc":[{"id":"1.232220900","marketDefinition":{"bspMarket":false,"turnInPlayEnabled":true,"persistenceEnabled":true,"marketBaseRate":5.0,"eventId":"33523125","eventTypeId":"4","numberOfWinners":1,"bettingType":"ODDS","marketType":"MATCH_ODDS","marketTime":"2024-08-26T00:00:00.000Z","suspendTime":"2024-08-26T00:00:00.000Z","bspReconciled":false,"complete":true,"inPlay":true,"crossMatching":true,"runnersVoidable":false,"numberOfActiveRunners":2,"betDelay":5,"status":"SUSPENDED","runners":[{"status":"ACTIVE","sortPriority":1,"id":47674068,"name":"Guyana Amazon Warriors W"},{"status":"ACTIVE","sortPriority":2,"id":73038264,"name":"Trinidad K Riders W"}],"regulators":["MR_INT"],"countryCode":"GB","discountAllowed":true,"timezone":"GMT","openDate":"2024-08-26T00:00:00.000Z","version":6100975492,"name":"Match Odds","eventName":"Guyana Amazon Warriors W v Trinidad K Riders W"}}]}
{"op":"mcm","clk":"11925314987","pt":1724643664160,"mc":[{"id":"1.232220900","marketDefinition":{"bspMarket":false,"turnInPlayEnabled":true,"persistenceEnabled":true,"marketBaseRate":5.0,"eventId":"33523125","eventTypeId":"4","numberOfWinners":1,"bettingType":"ODDS","marketType":"MATCH_ODDS","marketTime":"2024-08-26T00:00:00.000Z","suspendTime":"2024-08-26T00:00:00.000Z","bspReconciled":false,"complete":true,"inPlay":true,"crossMatching":false,"runnersVoidable":false,"numberOfActiveRunners":0,"betDelay":5,"status":"CLOSED","settledTime":"2024-08-26T03:39:55.000Z","runners":[{"status":"REMOVED","sortPriority":1,"removalDate":"2024-08-26T03:39:55.000Z","id":47674068,"name":"Guyana Amazon Warriors W"},{"status":"REMOVED","sortPriority":2,"removalDate":"2024-08-26T03:39:55.000Z","id":73038264,"name":"Trinidad K Riders W"}],"regulators":["MR_INT"],"countryCode":"GB","discountAllowed":true,"timezone":"GMT","openDate":"2024-08-26T00:00:00.000Z","version":6100987282,"name":"Match Odds","eventName":"Guyana Amazon Warriors W v Trinidad K Riders W"}}]}
