{"op":"mcm","clk":"11894606018","pt":1724316228974,"mc":[{"id":"1.232129550","marketDefinition":{"bspMarket":false,"turnInPlayEnabled":true,"persistenceEnabled":true,"marketBaseRate":5.0,"eventId":"33516975","eventTypeId":"4","numberOfWinners":1,"bettingType":"ODDS","marketType":"MATCH_ODDS","marketTime":"2024-08-23T16:00:00.000Z","suspendTime":"2024-08-23T16:00:00.000Z","bspReconciled":false,"complete":true,"inPlay":false,"crossMatching":true,"runnersVoidable":false,"numberOfActiveRunners":2,"betDelay":0,"status":"OPEN","runners":[{"status":"ACTIVE","sortPriority":1,"id":72922097,"name":"Caribbean Tigers"},{"status":"ACTIVE","sortPriority":2,"id":72857114,"name":"Boca Raton Trailblazers"}],"regulators":["MR_INT"],"countryCode":"GB","discountAllowed":true,"timezone":"GMT","openDate":"2024-08-23T16:00:00.000Z","version":6090675110,"name":"Match Odds","eventName":"Caribbean Tigers v Boca Raton Trailblazers"}}]}
{"op":"mcm","clk":"11895206906","pt":1724326882604,"mc":[{"id":"1.232129550","rc":[{"ltp":1.06,"id":72922097}]}]}
{"op":"mcm","clk":"11895532745","pt":1724332051732,"mc":[{"id":"1.232129550","rc":[{"ltp":1.22,"id":72922097}]}]}
{"op":"mcm","clk":"11895778963","pt":1724335651805,"mc":[{"id":"1.232129550","rc":[{"ltp":1.4,"id":72857114},{"ltp":1.4,"id":72922097}]}]}
{"op":"mcm","clk":"11898178734","pt":1724356174928,"mc":[{"id":"1.232129550","rc":[{"ltp":1.5,"id":72857114},{"ltp":3.0,"id":72922097}]}]}
{"op":"mcm","clk":"11899633157","pt":1724382994160,"mc":[{"id":"1.232129550","rc":[{"ltp":2.64,"id":72857114},{"ltp":1.61,"id":72922097}]}]}
{"op":"mcm","clk":"11899847838","pt":1724387727802,"mc":[{"id":"1.232129550","rc":[{"ltp":1.52,"id":72922097}]}]}
{"op":"mcm","clk":"11899850848","pt":1724387806667,"mc":[{"id":"1.232129550","rc":[{"ltp":1.43,"id":72922097}]}]}
{"op":"mcm","clk":"11899880772","pt":1724388586593,"mc":[{"id":"1.232129550","rc":[{"ltp":1.46,"id":72922097}]}]}
{"op":"mcm","clk":"11899888554","pt":1724388765248,"mc":[{"id":"1.232129550","rc":[{"ltp":3.2,"id":72857114}]}]}
{"op":"mcm","clk":"11899895171","pt":1724388945867,"mc":[{"id":"1.232129550","rc":[{"ltp":1.48,"id":72922097}]}]}
{"op":"mcm","clk":"11899901316","pt":1724389064361,"mc":[{"id":"1.232129550","rc":[{"ltp":3.15,"id":72857114}]}]}
{"op":"mcm","clk":"11899908094","pt":1724389245777,"mc":[{"id":"1.232129550","rc":[{"ltp":3.2,"id":72857114},{"ltp":1.46,"id":72922097}]}]}
{"op":"mcm","clk":"11899923998","pt":1724389721955,"mc":[{"id":"1.232129550","rc":[{"ltp":3.15,"id":72857114},{"ltp":1.47,"id":72922097}]}]}
{"op":"mcm","clk":"11899959163","pt":1724390922296,"mc":[{"id":"1.232129550","rc":[{"ltp":1.46,"id":72922097}]}]}
{"op":"mcm","clk":"11899962585","pt":1724391046815,"mc":[{"id":"1.232129550","rc":[{"ltp":2.38,"id":72857114},{"ltp":1.74,"id":72922097}]}]}
{"op":"mcm","clk":"11899964097","pt":1724391098282,"mc":[{"id":"1.232129550","rc":[{"ltp":1.73,"id":72922097}]}]}
{"op":"mcm","clk":"11899965940","pt":1724391160343,"mc":[{"id":"1.232129550","rc":[{"ltp":2.3,"id":72857114},{"ltp":1.77,"id":72922097}]}]}
{"op":"mcm","clk":"11899967874","pt":1724391226810,"mc":[{"id":"1.232129550","rc":[{"ltp":2.4,"id":72857114},{"ltp":1.72,"id":72922097}]}]}
{"op":"mcm","clk":"11899971651","pt":1724391345755,"mc":[{"id":"1.232129550","rc":[{"ltp":1.7,"id":72922097}]}]}
{"op":"mcm","clk":"11899973345","pt":1724391402719,"mc":[{"id":"1.232129550","rc":[{"ltp":2.44,"id":72857114}]}]}
{"op":"mcm","clk":"11899975320","pt":1724391460368,"mc":[{"id":"1.232129550","rc":[{"ltp":2.52,"id":72857114},{"ltp":1.66,"id":72922097}]}]}
{"op":"mcm","clk":"11899982101","pt":1724391701819,"mc":[{"id":"1.232129550","rc":[{"ltp":2.5,"id":72857114},{"ltp":1.67,"id":72922097}]}]}
{"op":"mcm","clk":"11900002731","pt":1724391825606,"mc":[{"id":"1.232129550","rc":[{"ltp":2.4,"id":72857114},{"ltp":1.72,"id":72922097}]}]}
{"op":"mcm","clk":"11900004944","pt":1724391883352,"mc":[{"id":"1.232129550","rc":[{"ltp":1.68,"id":72922097}]}]}
{"op":"mcm","clk":"11900007198","pt":1724391943222,"mc":[{"id":"1.232129550","rc":[{"ltp":2.48,"id":72857114}]}]}
{"op":"mcm","clk":"11900011909","pt":1724392065666,"mc":[{"id":"1.232129550","rc":[{"ltp":1.67,"id":72922097}]}]}
{"op":"mcm","clk":"11900013810","pt":1724392123589,"mc":[{"id":"1.232129550","rc":[{"ltp":1.66,"id":72922097}]}]}
{"op":"mcm","clk":"11900015936","pt":1724392186665,"mc":[{"id":"1.232129550","rc":[{"ltp":1.65,"id":72922097}]}]}
{"op":"mcm","clk":"11900018107","pt":1724392246261,"mc":[{"id":"1.232129550","rc":[{"ltp":2.52,"id":72857114},{"ltp":1.67,"id":72922097}]}]}
{"op":"mcm","clk":"11900022312","pt":1724392365098,"mc":[{"id":"1.232129550","rc":[{"ltp":1.66,"id":72922097}]}]}
{"op":"mcm","clk":"11900042926","pt":1724392958505,"mc":[{"id":"1.232129550","rc":[{"ltp":2.48,"id":72857114}]}]}
{"op":"mcm","clk":"11900044303","pt":1724392996690,"mc":[{"id":"1.232129550","rc":[{"ltp":2.52,"id":72857114}]}]}
{"op":"mcm","clk":"11900047665","pt":1724393079658,"mc":[{"id":"1.232129550","rc":[{"ltp":2.54,"id":72857114},{"ltp":1.65,"id":72922097}]}]}
{"op":"mcm","clk":"11900278410","pt":1724398724948,"mc":[{"id":"1.232129550","rc":[{"ltp":2.52,"id":72857114},{"ltp":1.66,"id":72922097}]}]}
{"op":"mcm","clk":"11900380552","pt":1724400884393,"mc":[{"id":"1.232129550","rc":[{"ltp":2.54,"id":72857114},{"ltp":1.65,"id":72922097}]}]}
{"op":"mcm","clk":"11900417906","pt":1724401698571,"mc":[{"id":"1.232129550","rc":[{"ltp":2.48,"id":72857114}]}]}
{"op":"mcm","clk":"11900421929","pt":1724401762005,"mc":[{"id":"1.232129550","rc":[{"ltp":1.68,"id":72922097}]}]}
{"op":"mcm","clk":"11900509702","pt":1724403130878,"mc":[{"id":"1.232129550","rc":[{"ltp":1.65,"id":72922097}]}]}
{"op":"mcm","clk":"11900560475","pt":1724403877087,"mc":[{"id":"1.232129550","rc":[{"ltp":2.52,"id":72857114}]}]}
{"op":"mcm","clk":"11900702506","pt":1724406418383,"mc":[{"id":"1.232129550","rc":[{"ltp":2.54,"id":72857114}]}]}
{"op":"mcm","clk":"11900706822","pt":1724406497475,"mc":[{"id":"1.232129550","rc":[{"ltp":1.66,"id":72922097}]}]}
{"op":"mcm","clk":"11900736412","pt":1724407074288,"mc":[{"id":"1.232129550","rc":[{"ltp":1.65,"id":72922097}]}]}
{"op":"mcm","clk":"11901168438","pt":1724413786300,"mc":[{"id":"1.232129550","rc":[{"ltp":1.66,"id":72922097}]}]}
{"op":"mcm","clk":"11901172935","pt":1724413843145,"mc":[{"id":"1.232129550","rc":[{"ltp":2.42,"id":72857114},{"ltp":1.75,"id":72922097}]}]}
{"op":"mcm","clk":"11901227177","pt":1724414721599,"mc":[{"id":"1.232129550","rc":[{"ltp":2.34,"id":72857114}]}]}
{"op":"mcm","clk":"11901244554","pt":1724415012847,"mc":[{"id":"1.232129550","rc":[{"ltp":1.72,"id":72922097}]}]}
{"op":"mcm","clk":"11901365681","pt":1724416871041,"mc":[{"id":"1.232129550","rc":[{"ltp":1.71,"id":72922097}]}]}
{"op":"mcm","clk":"11901391774","pt":1724417305181,"mc":[{"id":"1.232129550","rc":[{"ltp":2.4,"id":72857114}]}]}
{"op":"mcm","clk":"11901400693","pt":1724417445849,"mc":[{"id":"1.232129550","rc":[{"ltp":1.73,"id":72922097}]}]}
{"op":"mcm","clk":"11901442275","pt":1724418046662,"mc":[{"id":"1.232129550","rc":[{"ltp":2.42,"id":72857114},{"ltp":1.7,"id":72922097}]}]}
{"op":"mcm","clk":"11901556891","pt":1724419531472,"mc":[{"id":"1.232129550","rc":[{"ltp":2.48,"id":72857114},{"ltp":1.65,"id":72922097}]}]}
{"op":"mcm","clk":"11901559635","pt":1724419575232,"mc":[{"id":"1.232129550","rc":[{"ltp":1.66,"id":72922097}]}]}
{"op":"mcm","clk":"11901589597","pt":1724420039612,"mc":[{"id":"1.232129550","rc":[{"ltp":1.69,"id":72922097}]}]}
{"op":"mcm","clk":"11901606348","pt":1724420269691,"mc":[{"id":"1.232129550","rc":[{"ltp":1.7,"id":72922097}]}]}
{"op":"mcm","clk":"11901641882","pt":1724420765444,"mc":[{"id":"1.232129550","rc":[{"ltp":1.65,"id":72922097}]}]}
{"op":"mcm","clk":"11901664255","pt":1724421166087,"mc":[{"id":"1.232129550","rc":[{"ltp":1.76,"id":72922097}]}]}
{"op":"mcm","clk":"11901672369","pt":1724421327981,"mc":[{"id":"1.232129550","rc":[{"ltp":2.32,"id":72857114}]}]}
{"op":"mcm","clk":"11901689809","pt":1724421629957,"mc":[{"id":"1.232129550","rc":[{"ltp":2.4,"id":72857114},{"ltp":1.72,"id":72922097}]}]}
{"op":"mcm","clk":"11901693890","pt":1724421706886,"mc":[{"id":"1.232129550","rc":[{"ltp":2.44,"id":72857114},{"ltp":1.7,"id":72922097}]}]}
{"op":"mcm","clk":"11901779005","pt":1724423263883,"mc":[{"id":"1.232129550","rc":[{"ltp":2.38,"id":72857114}]}]}
{"op":"mcm","clk":"11901790660","pt":1724423501914,"mc":[{"id":"1.232129550","rc":[{"ltp":1.72,"id":72922097}]}]}
{"op":"mcm","clk":"11901821243","pt":1724424137741,"mc":[{"id":"1.232129550","rc":[{"ltp":2.4,"id":72857114},{"ltp":1.71,"id":72922097}]}]}
{"op":"mcm","clk":"11901843150","pt":1724424211919,"mc":[{"id":"1.232129550","rc":[{"ltp":1.7,"id":72922097}]}]}
{"op":"mcm","clk":"11901846834","pt":1724424278280,"mc":[{"id":"1.232129550","rc":[{"ltp":1.72,"id":72922097}]}]}
{"op":"mcm","clk":"11901852307","pt":1724424383376,"mc":[{"id":"1.232129550","rc":[{"ltp":1.71,"id":72922097}]}]}
{"op":"mcm","clk":"11901859051","pt":1724424510695,"mc":[{"id":"1.232129550","rc":[{"ltp":2.3,"id":72857114}]}]}
{"op":"mcm","clk":"11901863170","pt":1724424574872,"mc":[{"id":"1.232129550","rc":[{"ltp":2.42,"id":72857114},{"ltp":1.7,"id":72922097}]}]}
{"op":"mcm","clk":"11901893077","pt":1724424986094,"mc":[{"id":"1.232129550","rc":[{"ltp":2.44,"id":72857114},{"ltp":1.65,"id":72922097}]}]}
{"op":"mcm","clk":"11901933340","pt":1724425546794,"mc":[{"id":"1.232129550","rc":[{"ltp":1.69,"id":72922097}]}]}
{"op":"mcm","clk":"11901949358","pt":1724425732441,"mc":[{"id":"1.232129550","rc":[{"ltp":1.65,"id":72922097}]}]}
{"op":"mcm","clk":"11901997632","pt":1724426299532,"mc":[{"id":"1.232129550","rc":[{"ltp":1.64,"id":72922097}]}]}
{"op":"mcm","clk":"11902004470","pt":1724426378686,"mc":[{"id":"1.232129550","rc":[{"ltp":1.65,"id":72922097}]}]}
{"op":"mcm","clk":"11902019761","pt":1724426550704,"mc":[{"id":"1.232129550","rc":[{"ltp":1.64,"id":72922097}]}]}
{"op":"mcm","clk":"11902022537","pt":1724426591235,"mc":[{"id":"1.232129550","rc":[{"ltp":1.65,"id":72922097}]}]}
{"op":"mcm","clk":"11902025210","pt":1724426627650,"mc":[{"id":"1.232129550","rc":[{"ltp":2.54,"id":72857114}]}]}
{"op":"mcm","clk":"11902053462","pt":1724426941729,"mc":[{"id":"1.232129550","rc":[{"ltp":1.64,"id":72922097}]}]}
{"op":"mcm","clk":"11902066982","pt":1724427074766,"mc":[{"id":"1.232129550","rc":[{"ltp":1.65,"id":72922097}]}]}
{"op":"mcm","clk":"11902088586","pt":1724427284092,"mc":[{"id":"1.232129550","rc":[{"ltp":2.44,"id":72857114},{"ltp":1.7,"id":72922097}]}]}
{"op":"mcm","clk":"11902093667","pt":1724427342265,"mc":[{"id":"1.232129550","rc":[{"ltp":2.24,"id":72857114},{"ltp":1.75,"id":72922097}]}]}
{"op":"mcm","clk":"11902099239","pt":1724427402343,"mc":[{"id":"1.232129550","rc":[{"ltp":1.72,"id":72922097}]}]}
{"op":"mcm","clk":"11902105561","pt":1724427465323,"mc":[{"id":"1.232129550","rc":[{"ltp":2.46,"id":72857114},{"ltp":1.69,"id":72922097}]}]}
{"op":"mcm","clk":"11902111389","pt":1724427522760,"mc":[{"id":"1.232129550","rc":[{"ltp":1.67,"id":72922097}]}]}
{"op":"mcm","clk":"11902117873","pt":1724427585660,"mc":[{"id":"1.232129550","rc":[{"ltp":2.42,"id":72857114},{"ltp":1.71,"id":72922097}]}]}
{"op":"mcm","clk":"11902123660","pt":1724427643921,"mc":[{"id":"1.232129550","rc":[{"ltp":2.3,"id":72857114},{"ltp":1.74,"id":72922097}]}]}
{"op":"mcm","clk":"11902129566","pt":1724427706496,"mc":[{"id":"1.232129550","rc":[{"ltp":2.48,"id":72857114},{"ltp":1.68,"id":72922097}]}]}
{"op":"mcm","clk":"11902134696","pt":1724427763929,"mc":[{"id":"1.232129550","rc":[{"ltp":2.42,"id":72857114}]}]}
{"op":"mcm","clk":"11902139946","pt":1724427826131,"mc":[{"id":"1.232129550","rc":[{"ltp":2.44,"id":72857114},{"ltp":1.69,"id":72922097}]}]}
{"op":"mcm","clk":"11902145589","pt":1724427886914,"mc":[{"id":"1.232129550","rc":[{"ltp":2.52,"id":72857114},{"ltp":1.65,"id":72922097}]}]}
{"op":"mcm","clk":"11902150734","pt":1724427944455,"mc":[{"id":"1.232129550","rc":[{"ltp":2.48,"id":72857114}]}]}
{"op":"mcm","clk":"11902155887","pt":1724428006392,"mc":[{"id":"1.232129550","rc":[{"ltp":2.58,"id":72857114},{"ltp":1.63,"id":72922097}]}]}
{"op":"mcm","clk":"11902166532","pt":1724428126913,"mc":[{"id":"1.232129550","rc":[{"ltp":1.6,"id":72922097}]}]}
{"op":"mcm","clk":"11902171651","pt":1724428182204,"mc":[{"id":"1.232129550","rc":[{"ltp":2.62,"id":72857114},{"ltp":1.57,"id":72922097}]}]}
{"op":"mcm","clk":"11902177656","pt":1724428245947,"mc":[{"id":"1.232129550","rc":[{"ltp":2.72,"id":72857114},{"ltp":1.58,"id":72922097}]}]}
{"op":"mcm","clk":"11902183435","pt":1724428304937,"mc":[{"id":"1.232129550","rc":[{"ltp":2.78,"id":72857114},{"ltp":1.57,"id":72922097}]}]}
{"op":"mcm","clk":"11902189807","pt":1724428366397,"mc":[{"id":"1.232129550","rc":[{"ltp":2.7,"id":72857114},{"ltp":1.58,"id":72922097}]}]}
{"op":"mcm","clk":"11902195374","pt":1724428424352,"mc":[{"id":"1.232129550","rc":[{"ltp":2.74,"id":72857114}]}]}
{"op":"mcm","clk":"11902200843","pt":1724428485425,"mc":[{"id":"1.232129550","rc":[{"ltp":2.78,"id":72857114},{"ltp":1.56,"id":72922097}]}]}
{"op":"mcm","clk":"11902207024","pt":1724428546873,"mc":[{"id":"1.232129550","rc":[{"ltp":2.74,"id":72857114},{"ltp":1.57,"id":72922097}]}]}
{"op":"mcm","clk":"11902212429","pt":1724428606937,"mc":[{"id":"1.232129550","rc":[{"ltp":2.84,"id":72857114},{"ltp":1.54,"id":72922097}]}]}
{"op":"mcm","clk":"11902217977","pt":1724428665079,"mc":[{"id":"1.232129550","rc":[{"ltp":1.53,"id":72922097}]}]}
{"op":"mcm","clk":"11902223616","pt":1724428726547,"mc":[{"id":"1.232129550","rc":[{"ltp":2.78,"id":72857114},{"ltp":1.56,"id":72922097}]}]}
{"op":"mcm","clk":"11902228555","pt":1724428786625,"mc":[{"id":"1.232129550","rc":[{"ltp":2.84,"id":72857114},{"ltp":1.54,"id":72922097}]}]}
{"op":"mcm","clk":"11902233442","pt":1724428846370,"mc":[{"id":"1.232129550","marketDefinition":{"bspMarket":false,"turnInPlayEnabled":true,"persistenceEnabled":true,"marketBaseRate":5.0,"eventId":"33516975","eventTypeId":"4","numberOfWinners":1,"bettingType":"ODDS","marketType":"MATCH_ODDS","marketTime":"2024-08-23T16:00:00.000Z","suspendTime":"2024-08-23T16:00:00.000Z","bspReconciled":false,"complete":true,"inPlay":true,"crossMatching":true,"runnersVoidable":false,"numberOfActiveRunners":2,"betDelay":5,"status":"OPEN","runners":[{"status":"ACTIVE","sortPriority":1,"id":72922097,"name":"Caribbean Tigers"},{"status":"ACTIVE","sortPriority":2,"id":72857114,"name":"Boca Raton Trailblazers"}],"regulators":["MR_INT"],"countryCode":"GB","discountAllowed":true,"timezone":"GMT","openDate":"2024-08-23T16:00:00.000Z","version":6092407097,"name":"Match Odds","eventName":"Caribbean Tigers v Boca Raton Trailblazers"},"rc":[{"ltp":2.76,"id":72857114},{"ltp":1.57,"id":72922097}]}]}
{"op":"mcm","clk":"11902238951","pt":1724428906651,"mc":[{"id":"1.232129550","rc":[{"ltp":2.38,"id":72857114},{"ltp":1.73,"id":72922097}]}]}
{"op":"mcm","clk":"11902245088","pt":1724428966703,"mc":[{"id":"1.232129550","rc":[{"ltp":2.54,"id":72857114},{"ltp":1.66,"id":72922097}]}]}
{"op":"mcm","clk":"11902250718","pt":1724429026893,"mc":[{"id":"1.232129550","rc":[{"ltp":2.64,"id":72857114},{"ltp":1.6,"id":72922097}]}]}
{"op":"mcm","clk":"11902256142","pt":1724429086836,"mc":[{"id":"1.232129550","rc":[{"ltp":2.46,"id":72857114},{"ltp":1.68,"id":72922097}]}]}
{"op":"mcm","clk":"11902262048","pt":1724429146720,"mc":[{"id":"1.232129550","rc":[{"ltp":2.52,"id":72857114},{"ltp":1.64,"id":72922097}]}]}
{"op":"mcm","clk":"11902267976","pt":1724429206860,"mc":[{"id":"1.232129550","rc":[{"ltp":2.58,"id":72857114},{"ltp":1.62,"id":72922097}]}]}
{"op":"mcm","clk":"11902274488","pt":1724429266526,"mc":[{"id":"1.232129550","rc":[{"ltp":2.46,"id":72857114},{"ltp":1.68,"id":72922097}]}]}
{"op":"mcm","clk":"11902281018","pt":1724429326902,"mc":[{"id":"1.232129550","rc":[{"ltp":2.68,"id":72857114},{"ltp":1.59,"id":72922097}]}]}
{"op":"mcm","clk":"11902287951","pt":1724429386952,"mc":[{"id":"1.232129550","rc":[{"ltp":3.3,"id":72857114},{"ltp":1.47,"id":72922097}]}]}
{"op":"mcm","clk":"11902294800","pt":1724429446916,"mc":[{"id":"1.232129550","rc":[{"ltp":3.15,"id":72857114},{"ltp":1.46,"id":72922097}]}]}
{"op":"mcm","clk":"11902302595","pt":1724429506575,"mc":[{"id":"1.232129550","rc":[{"ltp":3.0,"id":72857114},{"ltp":1.6,"id":72922097}]}]}
{"op":"mcm","clk":"11902309254","pt":1724429566243,"mc":[{"id":"1.232129550","rc":[{"ltp":2.44,"id":72857114},{"ltp":1.67,"id":72922097}]}]}
{"op":"mcm","clk":"11902334361","pt":1724429626701,"mc":[{"id":"1.232129550","rc":[{"ltp":2.4,"id":72857114},{"ltp":1.72,"id":72922097}]}]}
{"op":"mcm","clk":"11902341155","pt":1724429686144,"mc":[{"id":"1.232129550","rc":[{"ltp":2.26,"id":72857114},{"ltp":1.79,"id":72922097}]}]}
{"op":"mcm","clk":"11902347906","pt":1724429746492,"mc":[{"id":"1.232129550","rc":[{"ltp":1.82,"id":72922097}]}]}
{"op":"mcm","clk":"11902354972","pt":1724429806877,"mc":[{"id":"1.232129550","rc":[{"ltp":1.9,"id":72857114},{"ltp":2.12,"id":72922097}]}]}
{"op":"mcm","clk":"11902361936","pt":1724429866755,"mc":[{"id":"1.232129550","rc":[{"ltp":1.67,"id":72857114},{"ltp":2.42,"id":72922097}]}]}
{"op":"mcm","clk":"11902368399","pt":1724429926895,"mc":[{"id":"1.232129550","rc":[{"ltp":1.63,"id":72857114},{"ltp":2.58,"id":72922097}]}]}
{"op":"mcm","clk":"11902374224","pt":1724429986921,"mc":[{"id":"1.232129550","rc":[{"ltp":1.59,"id":72857114},{"ltp":2.68,"id":72922097}]}]}
{"op":"mcm","clk":"11902380823","pt":1724430046775,"mc":[{"id":"1.232129550","rc":[{"ltp":1.72,"id":72857114},{"ltp":2.4,"id":72922097}]}]}
{"op":"mcm","clk":"11902387115","pt":1724430106669,"mc":[{"id":"1.232129550","rc":[{"ltp":1.71,"id":72857114}]}]}
{"op":"mcm","clk":"11902393306","pt":1724430166208,"mc":[{"id":"1.232129550","rc":[{"ltp":1.73,"id":72857114},{"ltp":2.38,"id":72922097}]}]}
{"op":"mcm","clk":"11902399677","pt":1724430226767,"mc":[{"id":"1.232129550","rc":[{"ltp":1.48,"id":72857114},{"ltp":3.05,"id":72922097}]}]}
{"op":"mcm","clk":"11902405951","pt":1724430286825,"mc":[{"id":"1.232129550","rc":[{"ltp":1.47,"id":72857114},{"ltp":3.15,"id":72922097}]}]}
{"op":"mcm","clk":"11902411899","pt":1724430346889,"mc":[{"id":"1.232129550","rc":[{"ltp":1.41,"id":72857114},{"ltp":3.5,"id":72922097}]}]}
{"op":"mcm","clk":"11902417577","pt":1724430406883,"mc":[{"id":"1.232129550","rc":[{"ltp":1.36,"id":72857114},{"ltp":3.75,"id":72922097}]}]}
{"op":"mcm","clk":"11902429367","pt":1724430526796,"mc":[{"id":"1.232129550","rc":[{"ltp":1.26,"id":72857114},{"ltp":4.8,"id":72922097}]}]}
{"op":"mcm","clk":"11902435563","pt":1724430586958,"mc":[{"id":"1.232129550","rc":[{"ltp":1.27,"id":72857114},{"ltp":4.7,"id":72922097}]}]}
{"op":"mcm","clk":"11902443206","pt":1724430646730,"mc":[{"id":"1.232129550","rc":[{"ltp":1.3,"id":72857114},{"ltp":4.3,"id":72922097}]}]}
{"op":"mcm","clk":"11902450356","pt":1724430706722,"mc":[{"id":"1.232129550","rc":[{"ltp":1.18,"id":72857114},{"ltp":6.8,"id":72922097}]}]}
{"op":"mcm","clk":"11902457880","pt":1724430766702,"mc":[{"id":"1.232129550","rc":[{"ltp":1.1,"id":72857114},{"ltp":11.0,"id":72922097}]}]}
{"op":"mcm","clk":"11902473127","pt":1724430886960,"mc":[{"id":"1.232129550","rc":[{"ltp":1.11,"id":72857114},{"ltp":10.0,"id":72922097}]}]}
{"op":"mcm","clk":"11902480470","pt":1724430946503,"mc":[{"id":"1.232129550","rc":[{"ltp":1.1,"id":72857114},{"ltp":10.5,"id":72922097}]}]}
{"op":"mcm","clk":"11902487462","pt":1724431006961,"mc":[{"id":"1.232129550","rc":[{"ltp":1.11,"id":72857114},{"ltp":9.2,"id":72922097}]}]}
{"op":"mcm","clk":"11902494318","pt":1724431066934,"mc":[{"id":"1.232129550","rc":[{"ltp":10.0,"id":72922097}]}]}
{"op":"mcm","clk":"11902506674","pt":1724431186631,"mc":[{"id":"1.232129550","rc":[{"ltp":1.09,"id":72857114},{"ltp":12.5,"id":72922097}]}]}
{"op":"mcm","clk":"11902513211","pt":1724431246967,"mc":[{"id":"1.232129550","rc":[{"ltp":1.08,"id":72857114},{"ltp":13.5,"id":72922097}]}]}
{"op":"mcm","clk":"11902519260","pt":1724431306899,"mc":[{"id":"1.232129550","rc":[{"ltp":1.07,"id":72857114},{"ltp":15.0,"id":72922097}]}]}
{"op":"mcm","clk":"11902525082","pt":1724431366843,"mc":[{"id":"1.232129550","rc":[{"ltp":1.05,"id":72857114},{"ltp":26.0,"id":72922097}]}]}
{"op":"mcm","clk":"11902531139","pt":1724431426467,"mc":[{"id":"1.232129550","rc":[{"ltp":1.04,"id":72857114}]}]}
{"op":"mcm","clk":"11902537522","pt":1724431486530,"mc":[{"id":"1.232129550","rc":[{"ltp":1.05,"id":72857114},{"ltp":21.0,"id":72922097}]}]}
{"op":"mcm","clk":"11902544159","pt":1724431546897,"mc":[{"id":"1.232129550","rc":[{"ltp":1.07,"id":72857114},{"ltp":17.5,"id":72922097}]}]}
{"op":"mcm","clk":"11902550548","pt":1724431606944,"mc":[{"id":"1.232129550","rc":[{"ltp":1.09,"id":72857114},{"ltp":12.0,"id":72922097}]}]}
{"op":"mcm","clk":"11902563060","pt":1724431726318,"mc":[{"id":"1.232129550","rc":[{"ltp":13.0,"id":72922097}]}]}
{"op":"mcm","clk":"11902568830","pt":1724431786773,"mc":[{"id":"1.232129550","rc":[{"ltp":1.1,"id":72857114},{"ltp":11.5,"id":72922097}]}]}
{"op":"mcm","clk":"11902574095","pt":1724431846357,"mc":[{"id":"1.232129550","rc":[{"ltp":10.0,"id":72922097}]}]}
{"op":"mcm","clk":"11902579290","pt":1724431906724,"mc":[{"id":"1.232129550","rc":[{"ltp":1.11,"id":72857114},{"ltp":10.5,"id":72922097}]}]}
{"op":"mcm","clk":"11902585240","pt":1724431966589,"mc":[{"id":"1.232129550","rc":[{"ltp":1.13,"id":72857114},{"ltp":9.2,"id":72922097}]}]}
{"op":"mcm","clk":"11902590872","pt":1724432026936,"mc":[{"id":"1.232129550","rc":[{"ltp":1.14,"id":72857114},{"ltp":8.2,"id":72922097}]}]}
{"op":"mcm","clk":"11902596376","pt":1724432086902,"mc":[{"id":"1.232129550","rc":[{"ltp":1.16,"id":72857114},{"ltp":7.4,"id":72922097}]}]}
{"op":"mcm","clk":"11902603062","pt":1724432146801,"mc":[{"id":"1.232129550","rc":[{"ltp":1.15,"id":72857114},{"ltp":7.6,"id":72922097}]}]}
{"op":"mcm","clk":"11902609056","pt":1724432206638,"mc":[{"id":"1.232129550","rc":[{"ltp":1.13,"id":72857114},{"ltp":8.6,"id":72922097}]}]}
{"op":"mcm","clk":"11902614211","pt":1724432266207,"mc":[{"id":"1.232129550","rc":[{"ltp":1.12,"id":72857114}]}]}
{"op":"mcm","clk":"11902619026","pt":1724432326597,"mc":[{"id":"1.232129550","rc":[{"ltp":1.11,"id":72857114},{"ltp":10.0,"id":72922097}]}]}
{"op":"mcm","clk":"11902630328","pt":1724432446713,"mc":[{"id":"1.232129550","rc":[{"ltp":1.1,"id":72857114},{"ltp":11.0,"id":72922097}]}]}
{"op":"mcm","clk":"11902637178","pt":1724432506858,"mc":[{"id":"1.232129550","rc":[{"ltp":1.08,"id":72857114},{"ltp":13.5,"id":72922097}]}]}
{"op":"mcm","clk":"11902651923","pt":1724432626904,"mc":[{"id":"1.232129550","rc":[{"ltp":15.0,"id":72922097}]}]}
{"op":"mcm","clk":"11902659549","pt":1724432686879,"mc":[{"id":"1.232129550","rc":[{"ltp":1.04,"id":72857114},{"ltp":26.0,"id":72922097}]}]}
{"op":"mcm","clk":"11902667776","pt":1724432746951,"mc":[{"id":"1.232129550","rc":[{"ltp":34.0,"id":72922097}]}]}
{"op":"mcm","clk":"11902675962","pt":1724432806797,"mc":[{"id":"1.232129550","rc":[{"ltp":1.03,"id":72857114},{"ltp":36.0,"id":72922097}]}]}
{"op":"mcm","clk":"11902684261","pt":1724432866598,"mc":[{"id":"1.232129550","rc":[{"ltp":1.02,"id":72857114},{"ltp":75.0,"id":72922097}]}]}
{"op":"mcm","clk":"11902692577","pt":1724432926744,"mc":[{"id":"1.232129550","rc":[{"ltp":70.0,"id":72922097}]}]}
{"op":"mcm","clk":"11902700916","pt":1724432986623,"mc":[{"id":"1.232129550","rc":[{"ltp":1.01,"id":72857114},{"ltp":100.0,"id":72922097}]}]}
{"op":"mcm","clk":"11902709917","pt":1724433046671,"mc":[{"id":"1.232129550","rc":[{"ltp":1.02,"id":72857114}]}]}
{"op":"mcm","clk":"11902718161","pt":1724433106383,"mc":[{"id":"1.232129550","rc":[{"ltp":1.01,"id":72857114}]}]}
{"op":"mcm","clk":"11902726281","pt":1724433166934,"mc":[{"id":"1.232129550","rc":[{"ltp":150.0,"id":72922097}]}]}
{"op":"mcm","clk":"11902733994","pt":1724433226701,"mc":[{"id":"1.232129550","rc":[{"ltp":1.02,"id":72857114},{"ltp":60.0,"id":72922097}]}]}
{"op":"mcm","clk":"11902741743","pt":1724433286166,"mc":[{"id":"1.232129550","rc":[{"ltp":1.01,"id":72857114},{"ltp":120.0,"id":72922097}]}]}
{"op":"mcm","clk":"11902749741","pt":1724433346723,"mc":[{"id":"1.232129550","rc":[{"ltp":70.0,"id":72922097}]}]}
{"op":"mcm","clk":"11902756921","pt":1724433406890,"mc":[{"id":"1.232129550","rc":[{"ltp":160.0,"id":72922097}]}]}
{"op":"mcm","clk":"11902769885","pt":1724433524915,"mc":[{"id":"1.232129550","rc":[{"ltp":110.0,"id":72922097}]}]}
{"op":"mcm","clk":"11902776902","pt":1724433585379,"mc":[{"id":"1.232129550","rc":[{"ltp":220.0,"id":72922097}]}]}
{"op":"mcm","clk":"11902784562","pt":1724433646046,"mc":[{"id":"1.232129550","rc":[{"ltp":130.0,"id":72922097}]}]}
{"op":"mcm","clk":"11902791846","pt":1724433706895,"mc":[{"id":"1.232129550","rc":[{"ltp":140.0,"id":72922097}]}]}
{"op":"mcm","clk":"11902799849","pt":1724433766459,"mc":[{"id":"1.232129550","rc":[{"ltp":200.0,"id":72922097}]}]}
{"op":"mcm","clk":"11902807796","pt":1724433826925,"mc":[{"id":"1.232129550","rc":[{"ltp":360.0,"id":72922097}]}]}
{"op":"mcm","clk":"11902815592","pt":1724433886901,"mc":[{"id":"1.232129550","rc":[{"ltp":370.0,"id":72922097}]}]}
{"op":"mcm","clk":"11902823558","pt":1724433944045,"mc":[{"id":"1.232129550","rc":[{"ltp":390.0,"id":72922097}]}]}
{"op":"mcm","clk":"11902832066","pt":1724434004087,"mc":[{"id":"1.232129550","rc":[{"ltp":420.0,"id":72922097}]}]}
{"op":"mcm","clk":"11902840163","pt":1724434064058,"mc":[{"id":"1.232129550","rc":[{"ltp":400.0,"id":72922097}]}]}
{"op":"mcm","clk":"11902848940","pt":1724434124360,"mc":[{"id":"1.232129550","rc":[{"ltp":320.0,"id":72922097}]}]}
{"op":"mcm","clk":"11902883024","pt":1724434363924,"mc":[{"id":"1.232129550","rc":[{"ltp":1000.0,"id":72922097}]}]}
{"op":"mcm","clk":"11902900625","pt":1724434485943,"mc":[{"id":"1.232129550","rc":[{"ltp":330.0,"id":72922097}]}]}
{"op":"mcm","clk":"11902909754","pt":1724434546881,"mc":[{"id":"1.232129550","rc":[{"ltp":350.0,"id":72922097}]}]}
{"op":"mcm","clk":"11902918000","pt":1724434603330,"mc":[{"id":"1.232129550","rc":[{"ltp":1000.0,"id":72922097}]}]}
{"op":"mcm","clk":"11902943731","pt":1724434781783,"mc":[{"id":"1.232129550","marketDefinition":{"bspMarket":false,"turnInPlayEnabled":true,"persistenceEnabled":true,"marketBaseRate":5.0,"eventId":"33516975","eventTypeId":"4","numberOfWinners":1,"bettingType":"ODDS","marketType":"MATCH_ODDS","marketTime":"2024-08-23T16:00:00.000Z","suspendTime":"2024-08-23T16:00:00.000Z","bspReconciled":false,"complete":true,"inPlay":true,"crossMatching":true,"runnersVoidable":false,"numberOfActiveRunners":2,"betDelay":5,"status":"SUSPENDED","runners":[{"status":"ACTIVE","sortPriority":1,"id":72922097,"name":"Caribbean Tigers"},{"status":"ACTIVE","sortPriority":2,"id":72857114,"name":"Boca Raton Trailblazers"}],"regulators":["MR_INT"],"countryCode":"GB","discountAllowed":true,"timezone":"GMT","openDate":"2024-08-23T16:00:00.000Z","version":6092717665,"name":"Match Odds","eventName":"Caribbean Tigers v Boca Raton Trailblazers"}}]}
{"op":"mcm","clk":"11902957303","pt":1724434873130,"mc":[{"id":"1.232129550","marketDefinition":{"bspMarket":false,"turnInPlayEnabled":true,"persistenceEnabled":true,"marketBaseRate":5.0,"eventId":"33516975","eventTypeId":"4","numberOfWinners":1,"bettingType":"ODDS","marketType":"MATCH_ODDS","marketTime":"2024-08-23T16:00:00.000Z","suspendTime":"2024-08-23T16:00:00.000Z","bspReconciled":false,"complete":true,"inPlay":true,"crossMatching":false,"runnersVoidable":false,"numberOfActiveRunners":0,"betDelay":5,"status":"CLOSED","settledTime":"2024-08-23T17:40:29.000Z","runners":[{"status":"LOSER","sortPriority":1,"id":72922097,"name":"Caribbean Tigers"},{"status":"WINNER","sortPriority":2,"id":72857114,"name":"Boca Raton Trailblazers"}],"regulators":["MR_INT"],"countryCode":"GB","discountAllowed":true,"timezone":"GMT","openDate":"2024-08-23T16:00:00.000Z","version":6092726353,"name":"Match Odds","eventName":"Caribbean Tigers v Boca Raton Trailblazers"}}]}
