{"op":"mcm","clk":"11824031340","pt":1723458660994,"mc":[{"id":"1.231737525","marketDefinition":{"bspMarket":false,"turnInPlayEnabled":true,"persistenceEnabled":true,"marketBaseRate":5.0,"eventId":"33488511","eventTypeId":"4","numberOfWinners":1,"bettingType":"ODDS","marketType":"MATCH_ODDS","marketTime":"2024-08-15T17:30:00.000Z","suspendTime":"2024-08-15T17:30:00.000Z","bspReconciled":false,"complete":true,"inPlay":false,"crossMatching":true,"runnersVoidable":false,"numberOfActiveRunners":2,"betDelay":0,"status":"OPEN","runners":[{"status":"ACTIVE","sortPriority":1,"id":26354921,"name":"Birmingham Phoenix"},{"status":"ACTIVE","sortPriority":2,"id":26354922,"name":"Manchester Originals"}],"regulators":["MR_INT"],"countryCode":"GB","discountAllowed":true,"timezone":"GMT","openDate":"2024-08-15T17:30:00.000Z","version":6071699362,"name":"Match Odds","eventName":"Birmingham Phoenix v Manchester Originals"}}]}
{"op":"mcm","clk":"11828080423","pt":1723494297963,"mc":[{"id":"1.231737525","rc":[{"ltp":1.3,"id":26354921}]}]}
{"op":"mcm","clk":"11828340393","pt":1723498229599,"mc":[{"id":"1.231737525","rc":[{"ltp":2.42,"id":26354922},{"ltp":1.71,"id":26354921}]}]}
{"op":"mcm","clk":"11834184365","pt":1723581643261,"mc":[{"id":"1.231737525","rc":[{"ltp":1.7,"id":26354921}]}]}
{"op":"mcm","clk":"11835172541","pt":1723601152681,"mc":[{"id":"1.231737525","rc":[{"ltp":1.69,"id":26354921}]}]}
{"op":"mcm","clk":"11835475381","pt":1723614054034,"mc":[{"id":"1.231737525","rc":[{"ltp":1.68,"id":26354921}]}]}
{"op":"mcm","clk":"11835496021","pt":1723614873353,"mc":[{"id":"1.231737525","rc":[{"ltp":1.69,"id":26354921}]}]}
{"op":"mcm","clk":"11835528090","pt":1723616061110,"mc":[{"id":"1.231737525","rc":[{"ltp":1.68,"id":26354921}]}]}
{"op":"mcm","clk":"11836559174","pt":1723635783686,"mc":[{"id":"1.231737525","rc":[{"ltp":1.7,"id":26354921}]}]}
{"op":"mcm","clk":"11838057298","pt":1723653292186,"mc":[{"id":"1.231737525","rc":[{"ltp":1.69,"id":26354921}]}]}
{"op":"mcm","clk":"11838180021","pt":1723654178542,"mc":[{"id":"1.231737525","rc":[{"ltp":2.32,"id":26354922},{"ltp":1.76,"id":26354921}]}]}
{"op":"mcm","clk":"11838187943","pt":1723654238022,"mc":[{"id":"1.231737525","rc":[{"ltp":1.7,"id":26354921}]}]}
{"op":"mcm","clk":"11838524838","pt":1723656730836,"mc":[{"id":"1.231737525","rc":[{"ltp":1.68,"id":26354921}]}]}
{"op":"mcm","clk":"11838754959","pt":1723658265633,"mc":[{"id":"1.231737525","rc":[{"ltp":1.64,"id":26354921}]}]}
{"op":"mcm","clk":"11838996474","pt":1723659879701,"mc":[{"id":"1.231737525","rc":[{"ltp":1.68,"id":26354921}]}]}
{"op":"mcm","clk":"11839855286","pt":1723667397400,"mc":[{"id":"1.231737525","rc":[{"ltp":1.69,"id":26354921}]}]}
{"op":"mcm","clk":"11839933825","pt":1723668177268,"mc":[{"id":"1.231737525","rc":[{"ltp":1.68,"id":26354921}]}]}
{"op":"mcm","clk":"11839982954","pt":1723668836961,"mc":[{"id":"1.231737525","rc":[{"ltp":2.5,"id":26354922},{"ltp":1.66,"id":26354921}]}]}
{"op":"mcm","clk":"11840039325","pt":1723669790391,"mc":[{"id":"1.231737525","rc":[{"ltp":2.48,"id":26354922}]}]}
{"op":"mcm","clk":"11840066223","pt":1723670303626,"mc":[{"id":"1.231737525","rc":[{"ltp":2.5,"id":26354922},{"ltp":1.65,"id":26354921}]}]}
{"op":"mcm","clk":"11840131638","pt":1723671557532,"mc":[{"id":"1.231737525","rc":[{"ltp":1.68,"id":26354921}]}]}
{"op":"mcm","clk":"11840136475","pt":1723671647805,"mc":[{"id":"1.231737525","rc":[{"ltp":2.46,"id":26354922}]}]}
{"op":"mcm","clk":"11840150248","pt":1723671920699,"mc":[{"id":"1.231737525","rc":[{"ltp":1.66,"id":26354921}]}]}
{"op":"mcm","clk":"11840174566","pt":1723672323703,"mc":[{"id":"1.231737525","rc":[{"ltp":2.52,"id":26354922}]}]}
{"op":"mcm","clk":"11840205344","pt":1723672994269,"mc":[{"id":"1.231737525","rc":[{"ltp":1.68,"id":26354921}]}]}
{"op":"mcm","clk":"11840210622","pt":1723673125303,"mc":[{"id":"1.231737525","rc":[{"ltp":1.66,"id":26354921}]}]}
{"op":"mcm","clk":"11840458948","pt":1723677991189,"mc":[{"id":"1.231737525","rc":[{"ltp":1.65,"id":26354921}]}]}
{"op":"mcm","clk":"11840475140","pt":1723678353168,"mc":[{"id":"1.231737525","rc":[{"ltp":1.66,"id":26354921}]}]}
{"op":"mcm","clk":"11840918273","pt":1723684829573,"mc":[{"id":"1.231737525","rc":[{"ltp":1.68,"id":26354921}]}]}
{"op":"mcm","clk":"11840946425","pt":1723685317512,"mc":[{"id":"1.231737525","rc":[{"ltp":2.5,"id":26354922}]}]}
{"op":"mcm","clk":"11841147463","pt":1723688635190,"mc":[{"id":"1.231737525","rc":[{"ltp":1.66,"id":26354921}]}]}
{"op":"mcm","clk":"11841147595","pt":1723688638073,"mc":[{"id":"1.231737525","rc":[{"ltp":1.68,"id":26354921}]}]}
{"op":"mcm","clk":"11841394750","pt":1723699010522,"mc":[{"id":"1.231737525","rc":[{"ltp":1.67,"id":26354921}]}]}
{"op":"mcm","clk":"11841468463","pt":1723701835699,"mc":[{"id":"1.231737525","rc":[{"ltp":2.48,"id":26354922},{"ltp":1.68,"id":26354921}]}]}
{"op":"mcm","clk":"11841491885","pt":1723703046164,"mc":[{"id":"1.231737525","rc":[{"ltp":2.46,"id":26354922}]}]}
{"op":"mcm","clk":"11841501805","pt":1723703437600,"mc":[{"id":"1.231737525","rc":[{"ltp":1.67,"id":26354921}]}]}
{"op":"mcm","clk":"11841559599","pt":1723706030447,"mc":[{"id":"1.231737525","rc":[{"ltp":1.68,"id":26354921}]}]}
{"op":"mcm","clk":"11841587432","pt":1723707090350,"mc":[{"id":"1.231737525","rc":[{"ltp":1.67,"id":26354921}]}]}
{"op":"mcm","clk":"11841629501","pt":1723708517762,"mc":[{"id":"1.231737525","rc":[{"ltp":1.68,"id":26354921}]}]}
{"op":"mcm","clk":"11841647699","pt":1723709097429,"mc":[{"id":"1.231737525","rc":[{"ltp":1.67,"id":26354921}]}]}
{"op":"mcm","clk":"11841658223","pt":1723709501174,"mc":[{"id":"1.231737525","rc":[{"ltp":1.68,"id":26354921}]}]}
{"op":"mcm","clk":"11841674642","pt":1723709996703,"mc":[{"id":"1.231737525","rc":[{"ltp":1.67,"id":26354921}]}]}
{"op":"mcm","clk":"11841676225","pt":1723710036358,"mc":[{"id":"1.231737525","rc":[{"ltp":1.69,"id":26354921}]}]}
{"op":"mcm","clk":"11841709205","pt":1723710938572,"mc":[{"id":"1.231737525","rc":[{"ltp":1.68,"id":26354921}]}]}
{"op":"mcm","clk":"11841774553","pt":1723712404438,"mc":[{"id":"1.231737525","rc":[{"ltp":1.67,"id":26354921}]}]}
{"op":"mcm","clk":"11841779020","pt":1723712518255,"mc":[{"id":"1.231737525","rc":[{"ltp":1.68,"id":26354921}]}]}
{"op":"mcm","clk":"11841781599","pt":1723712588627,"mc":[{"id":"1.231737525","rc":[{"ltp":1.67,"id":26354921}]}]}
{"op":"mcm","clk":"11841823646","pt":1723713597699,"mc":[{"id":"1.231737525","rc":[{"ltp":1.69,"id":26354921}]}]}
{"op":"mcm","clk":"11841868832","pt":1723714607950,"mc":[{"id":"1.231737525","rc":[{"ltp":1.68,"id":26354921}]}]}
{"op":"mcm","clk":"11841908602","pt":1723715548148,"mc":[{"id":"1.231737525","rc":[{"ltp":1.67,"id":26354921}]}]}
{"op":"mcm","clk":"11841916017","pt":1723715725113,"mc":[{"id":"1.231737525","rc":[{"ltp":2.48,"id":26354922}]}]}
{"op":"mcm","clk":"11841919624","pt":1723715807199,"mc":[{"id":"1.231737525","rc":[{"ltp":1.69,"id":26354921}]}]}
{"op":"mcm","clk":"11841943805","pt":1723716241907,"mc":[{"id":"1.231737525","rc":[{"ltp":1.68,"id":26354921}]}]}
{"op":"mcm","clk":"11842113578","pt":1723719466767,"mc":[{"id":"1.231737525","rc":[{"ltp":1.67,"id":26354921}]}]}
{"op":"mcm","clk":"11842118095","pt":1723719534951,"mc":[{"id":"1.231737525","rc":[{"ltp":2.5,"id":26354922},{"ltp":1.66,"id":26354921}]}]}
{"op":"mcm","clk":"11842164282","pt":1723720315894,"mc":[{"id":"1.231737525","rc":[{"ltp":1.67,"id":26354921}]}]}
{"op":"mcm","clk":"11842167278","pt":1723720370761,"mc":[{"id":"1.231737525","rc":[{"ltp":2.52,"id":26354922},{"ltp":1.66,"id":26354921}]}]}
{"op":"mcm","clk":"11842204487","pt":1723721100733,"mc":[{"id":"1.231737525","rc":[{"ltp":1.65,"id":26354921}]}]}
{"op":"mcm","clk":"11842222241","pt":1723721388647,"mc":[{"id":"1.231737525","rc":[{"ltp":1.66,"id":26354921}]}]}
{"op":"mcm","clk":"11842226633","pt":1723721447431,"mc":[{"id":"1.231737525","rc":[{"ltp":1.65,"id":26354921}]}]}
{"op":"mcm","clk":"11842229509","pt":1723721491366,"mc":[{"id":"1.231737525","rc":[{"ltp":1.66,"id":26354921}]}]}
{"op":"mcm","clk":"11842239732","pt":1723721636102,"mc":[{"id":"1.231737525","rc":[{"ltp":2.5,"id":26354922}]}]}
{"op":"mcm","clk":"11842265805","pt":1723722057028,"mc":[{"id":"1.231737525","rc":[{"ltp":2.52,"id":26354922}]}]}
{"op":"mcm","clk":"11842345628","pt":1723723435362,"mc":[{"id":"1.231737525","rc":[{"ltp":2.54,"id":26354922},{"ltp":1.65,"id":26354921}]}]}
{"op":"mcm","clk":"11842357578","pt":1723723673718,"mc":[{"id":"1.231737525","rc":[{"ltp":2.5,"id":26354922}]}]}
{"op":"mcm","clk":"11842369912","pt":1723723972844,"mc":[{"id":"1.231737525","rc":[{"ltp":2.54,"id":26354922},{"ltp":1.64,"id":26354921}]}]}
{"op":"mcm","clk":"11842398452","pt":1723724623494,"mc":[{"id":"1.231737525","rc":[{"ltp":2.52,"id":26354922},{"ltp":1.65,"id":26354921}]}]}
{"op":"mcm","clk":"11842405060","pt":1723724757115,"mc":[{"id":"1.231737525","rc":[{"ltp":1.66,"id":26354921}]}]}
{"op":"mcm","clk":"11842433660","pt":1723725467080,"mc":[{"id":"1.231737525","rc":[{"ltp":1.65,"id":26354921}]}]}
{"op":"mcm","clk":"11842442138","pt":1723725634569,"mc":[{"id":"1.231737525","rc":[{"ltp":2.5,"id":26354922}]}]}
{"op":"mcm","clk":"11842457862","pt":1723725897912,"mc":[{"id":"1.231737525","rc":[{"ltp":2.54,"id":26354922}]}]}
{"op":"mcm","clk":"11842460895","pt":1723725952267,"mc":[{"id":"1.231737525","rc":[{"ltp":1.66,"id":26354921}]}]}
{"op":"mcm","clk":"11842473477","pt":1723726227127,"mc":[{"id":"1.231737525","rc":[{"ltp":1.65,"id":26354921}]}]}
{"op":"mcm","clk":"11842495485","pt":1723726639612,"mc":[{"id":"1.231737525","rc":[{"ltp":2.52,"id":26354922}]}]}
{"op":"mcm","clk":"11842510186","pt":1723726918735,"mc":[{"id":"1.231737525","rc":[{"ltp":1.64,"id":26354921}]}]}
{"op":"mcm","clk":"11842514083","pt":1723727008861,"mc":[{"id":"1.231737525","rc":[{"ltp":1.65,"id":26354921}]}]}
{"op":"mcm","clk":"11842553715","pt":1723727610111,"mc":[{"id":"1.231737525","rc":[{"ltp":2.5,"id":26354922}]}]}
{"op":"mcm","clk":"11842576372","pt":1723728160632,"mc":[{"id":"1.231737525","rc":[{"ltp":1.66,"id":26354921}]}]}
{"op":"mcm","clk":"11842579089","pt":1723728217721,"mc":[{"id":"1.231737525","rc":[{"ltp":1.65,"id":26354921}]}]}
{"op":"mcm","clk":"11842585482","pt":1723728350405,"mc":[{"id":"1.231737525","rc":[{"ltp":2.52,"id":26354922}]}]}
{"op":"mcm","clk":"11842622460","pt":1723728992345,"mc":[{"id":"1.231737525","rc":[{"ltp":2.5,"id":26354922}]}]}
{"op":"mcm","clk":"11842635201","pt":1723729258007,"mc":[{"id":"1.231737525","rc":[{"ltp":2.54,"id":26354922}]}]}
{"op":"mcm","clk":"11842641131","pt":1723729370760,"mc":[{"id":"1.231737525","rc":[{"ltp":2.52,"id":26354922},{"ltp":1.66,"id":26354921}]}]}
{"op":"mcm","clk":"11842644763","pt":1723729433528,"mc":[{"id":"1.231737525","rc":[{"ltp":2.5,"id":26354922},{"ltp":1.65,"id":26354921}]}]}
{"op":"mcm","clk":"11842667013","pt":1723729797297,"mc":[{"id":"1.231737525","rc":[{"ltp":2.52,"id":26354922}]}]}
{"op":"mcm","clk":"11842667629","pt":1723729808403,"mc":[{"id":"1.231737525","rc":[{"ltp":2.5,"id":26354922},{"ltp":1.66,"id":26354921}]}]}
{"op":"mcm","clk":"11842685171","pt":1723730148878,"mc":[{"id":"1.231737525","rc":[{"ltp":2.48,"id":26354922},{"ltp":1.68,"id":26354921}]}]}
{"op":"mcm","clk":"11842687843","pt":1723730215758,"mc":[{"id":"1.231737525","rc":[{"ltp":2.46,"id":26354922}]}]}
{"op":"mcm","clk":"11842693267","pt":1723730336678,"mc":[{"id":"1.231737525","rc":[{"ltp":1.69,"id":26354921}]}]}
{"op":"mcm","clk":"11842695873","pt":1723730397248,"mc":[{"id":"1.231737525","rc":[{"ltp":2.42,"id":26354922},{"ltp":1.7,"id":26354921}]}]}
{"op":"mcm","clk":"11842699268","pt":1723730457892,"mc":[{"id":"1.231737525","rc":[{"ltp":2.4,"id":26354922},{"ltp":1.72,"id":26354921}]}]}
{"op":"mcm","clk":"11842712629","pt":1723730661628,"mc":[{"id":"1.231737525","rc":[{"ltp":2.48,"id":26354922},{"ltp":1.67,"id":26354921}]}]}
{"op":"mcm","clk":"11842722027","pt":1723730814593,"mc":[{"id":"1.231737525","rc":[{"ltp":2.44,"id":26354922},{"ltp":1.69,"id":26354921}]}]}
{"op":"mcm","clk":"11842730104","pt":1723730932584,"mc":[{"id":"1.231737525","rc":[{"ltp":2.4,"id":26354922},{"ltp":1.71,"id":26354921}]}]}
{"op":"mcm","clk":"11842732297","pt":1723730960960,"mc":[{"id":"1.231737525","rc":[{"ltp":1.7,"id":26354921}]}]}
{"op":"mcm","clk":"11842743473","pt":1723731110100,"mc":[{"id":"1.231737525","rc":[{"ltp":2.44,"id":26354922}]}]}
{"op":"mcm","clk":"11842766741","pt":1723731559399,"mc":[{"id":"1.231737525","rc":[{"ltp":1.68,"id":26354921}]}]}
{"op":"mcm","clk":"11842774615","pt":1723731717160,"mc":[{"id":"1.231737525","rc":[{"ltp":1.7,"id":26354921}]}]}
{"op":"mcm","clk":"11842777440","pt":1723731776451,"mc":[{"id":"1.231737525","rc":[{"ltp":1.69,"id":26354921}]}]}
{"op":"mcm","clk":"11842810664","pt":1723732373411,"mc":[{"id":"1.231737525","rc":[{"ltp":2.46,"id":26354922},{"ltp":1.68,"id":26354921}]}]}
{"op":"mcm","clk":"11842818585","pt":1723732547102,"mc":[{"id":"1.231737525","rc":[{"ltp":2.48,"id":26354922}]}]}
{"op":"mcm","clk":"11842866273","pt":1723733212145,"mc":[{"id":"1.231737525","rc":[{"ltp":2.46,"id":26354922},{"ltp":1.69,"id":26354921}]}]}
{"op":"mcm","clk":"11842886011","pt":1723733505562,"mc":[{"id":"1.231737525","rc":[{"ltp":1.68,"id":26354921}]}]}
{"op":"mcm","clk":"11842891146","pt":1723733605210,"mc":[{"id":"1.231737525","rc":[{"ltp":2.44,"id":26354922},{"ltp":1.7,"id":26354921}]}]}
{"op":"mcm","clk":"11842901888","pt":1723733803716,"mc":[{"id":"1.231737525","rc":[{"ltp":1.71,"id":26354921}]}]}
{"op":"mcm","clk":"11842905691","pt":1723733877608,"mc":[{"id":"1.231737525","rc":[{"ltp":1.69,"id":26354921}]}]}
{"op":"mcm","clk":"11842909741","pt":1723733955388,"mc":[{"id":"1.231737525","rc":[{"ltp":1.68,"id":26354921}]}]}
{"op":"mcm","clk":"11842922240","pt":1723734172907,"mc":[{"id":"1.231737525","rc":[{"ltp":1.69,"id":26354921}]}]}
{"op":"mcm","clk":"11842928347","pt":1723734262067,"mc":[{"id":"1.231737525","rc":[{"ltp":1.68,"id":26354921}]}]}
{"op":"mcm","clk":"11842990257","pt":1723735187934,"mc":[{"id":"1.231737525","rc":[{"ltp":1.67,"id":26354921}]}]}
{"op":"mcm","clk":"11843000799","pt":1723735316869,"mc":[{"id":"1.231737525","rc":[{"ltp":2.46,"id":26354922}]}]}
{"op":"mcm","clk":"11843013190","pt":1723735485026,"mc":[{"id":"1.231737525","rc":[{"ltp":2.48,"id":26354922},{"ltp":1.66,"id":26354921}]}]}
{"op":"mcm","clk":"11843049749","pt":1723736024899,"mc":[{"id":"1.231737525","rc":[{"ltp":2.46,"id":26354922},{"ltp":1.68,"id":26354921}]}]}
{"op":"mcm","clk":"11843053812","pt":1723736098012,"mc":[{"id":"1.231737525","rc":[{"ltp":1.67,"id":26354921}]}]}
{"op":"mcm","clk":"11843060793","pt":1723736206249,"mc":[{"id":"1.231737525","rc":[{"ltp":1.66,"id":26354921}]}]}
{"op":"mcm","clk":"11843068620","pt":1723736334484,"mc":[{"id":"1.231737525","rc":[{"ltp":2.5,"id":26354922},{"ltp":1.65,"id":26354921}]}]}
{"op":"mcm","clk":"11843076063","pt":1723736448917,"mc":[{"id":"1.231737525","rc":[{"ltp":1.66,"id":26354921}]}]}
{"op":"mcm","clk":"11843090763","pt":1723736630503,"mc":[{"id":"1.231737525","rc":[{"ltp":1.65,"id":26354921}]}]}
{"op":"mcm","clk":"11843093996","pt":1723736670447,"mc":[{"id":"1.231737525","rc":[{"ltp":2.48,"id":26354922},{"ltp":1.67,"id":26354921}]}]}
{"op":"mcm","clk":"11843102171","pt":1723736775173,"mc":[{"id":"1.231737525","rc":[{"ltp":2.46,"id":26354922}]}]}
{"op":"mcm","clk":"11843110870","pt":1723736874674,"mc":[{"id":"1.231737525","rc":[{"ltp":1.65,"id":26354921}]}]}
{"op":"mcm","clk":"11843120415","pt":1723736994020,"mc":[{"id":"1.231737525","rc":[{"ltp":2.5,"id":26354922}]}]}
{"op":"mcm","clk":"11843128712","pt":1723737111768,"mc":[{"id":"1.231737525","rc":[{"ltp":2.52,"id":26354922}]}]}
{"op":"mcm","clk":"11843170478","pt":1723737636967,"mc":[{"id":"1.231737525","rc":[{"ltp":2.46,"id":26354922}]}]}
{"op":"mcm","clk":"11843184882","pt":1723737773135,"mc":[{"id":"1.231737525","rc":[{"ltp":2.52,"id":26354922}]}]}
{"op":"mcm","clk":"11843191138","pt":1723737830776,"mc":[{"id":"1.231737525","rc":[{"ltp":1.68,"id":26354921}]}]}
{"op":"mcm","clk":"11843197333","pt":1723737893173,"mc":[{"id":"1.231737525","rc":[{"ltp":1.66,"id":26354921}]}]}
{"op":"mcm","clk":"11843203371","pt":1723737955073,"mc":[{"id":"1.231737525","rc":[{"ltp":2.48,"id":26354922},{"ltp":1.67,"id":26354921}]}]}
{"op":"mcm","clk":"11843208177","pt":1723738017926,"mc":[{"id":"1.231737525","rc":[{"ltp":2.46,"id":26354922},{"ltp":1.66,"id":26354921}]}]}
{"op":"mcm","clk":"11843229895","pt":1723738315635,"mc":[{"id":"1.231737525","rc":[{"ltp":1.68,"id":26354921}]}]}
{"op":"mcm","clk":"11843258002","pt":1723738494761,"mc":[{"id":"1.231737525","rc":[{"ltp":1.67,"id":26354921}]}]}
{"op":"mcm","clk":"11843263568","pt":1723738553607,"mc":[{"id":"1.231737525","rc":[{"ltp":2.48,"id":26354922},{"ltp":1.68,"id":26354921}]}]}
{"op":"mcm","clk":"11843269277","pt":1723738617121,"mc":[{"id":"1.231737525","rc":[{"ltp":2.46,"id":26354922}]}]}
{"op":"mcm","clk":"11843274650","pt":1723738677471,"mc":[{"id":"1.231737525","rc":[{"ltp":2.48,"id":26354922},{"ltp":1.67,"id":26354921}]}]}
{"op":"mcm","clk":"11843286164","pt":1723738795512,"mc":[{"id":"1.231737525","rc":[{"ltp":2.46,"id":26354922},{"ltp":1.68,"id":26354921}]}]}
{"op":"mcm","clk":"11843297132","pt":1723738917139,"mc":[{"id":"1.231737525","rc":[{"ltp":2.44,"id":26354922}]}]}
{"op":"mcm","clk":"11843302195","pt":1723738977221,"mc":[{"id":"1.231737525","rc":[{"ltp":2.46,"id":26354922}]}]}
{"op":"mcm","clk":"11843311967","pt":1723739097059,"mc":[{"id":"1.231737525","rc":[{"ltp":2.44,"id":26354922},{"ltp":1.67,"id":26354921}]}]}
{"op":"mcm","clk":"11843316648","pt":1723739157484,"mc":[{"id":"1.231737525","rc":[{"ltp":2.48,"id":26354922}]}]}
{"op":"mcm","clk":"11843321032","pt":1723739215890,"mc":[{"id":"1.231737525","rc":[{"ltp":2.46,"id":26354922},{"ltp":1.68,"id":26354921}]}]}
{"op":"mcm","clk":"11843325579","pt":1723739277978,"mc":[{"id":"1.231737525","rc":[{"ltp":2.44,"id":26354922}]}]}
{"op":"mcm","clk":"11843330021","pt":1723739335594,"mc":[{"id":"1.231737525","rc":[{"ltp":2.46,"id":26354922}]}]}
{"op":"mcm","clk":"11843335144","pt":1723739397370,"mc":[{"id":"1.231737525","rc":[{"ltp":2.44,"id":26354922},{"ltp":1.67,"id":26354921}]}]}
{"op":"mcm","clk":"11843340052","pt":1723739447936,"mc":[{"id":"1.231737525","rc":[{"ltp":1.69,"id":26354921}]}]}
{"op":"mcm","clk":"11843346450","pt":1723739516911,"mc":[{"id":"1.231737525","rc":[{"ltp":1.67,"id":26354921}]}]}
{"op":"mcm","clk":"11843351753","pt":1723739571299,"mc":[{"id":"1.231737525","rc":[{"ltp":1.69,"id":26354921}]}]}
{"op":"mcm","clk":"11843358514","pt":1723739637965,"mc":[{"id":"1.231737525","rc":[{"ltp":2.46,"id":26354922}]}]}
{"op":"mcm","clk":"11843363390","pt":1723739681010,"mc":[{"id":"1.231737525","rc":[{"ltp":1.68,"id":26354921}]}]}
{"op":"mcm","clk":"11843375931","pt":1723739809253,"mc":[{"id":"1.231737525","rc":[{"ltp":1.67,"id":26354921}]}]}
{"op":"mcm","clk":"11843382522","pt":1723739873493,"mc":[{"id":"1.231737525","rc":[{"ltp":1.69,"id":26354921}]}]}
{"op":"mcm","clk":"11843389210","pt":1723739937144,"mc":[{"id":"1.231737525","rc":[{"ltp":2.44,"id":26354922},{"ltp":1.67,"id":26354921}]}]}
{"op":"mcm","clk":"11843394916","pt":1723739995509,"mc":[{"id":"1.231737525","rc":[{"ltp":1.69,"id":26354921}]}]}
{"op":"mcm","clk":"11843401035","pt":1723740056465,"mc":[{"id":"1.231737525","rc":[{"ltp":2.42,"id":26354922},{"ltp":1.7,"id":26354921}]}]}
{"op":"mcm","clk":"11843406817","pt":1723740117848,"mc":[{"id":"1.231737525","rc":[{"ltp":2.44,"id":26354922}]}]}
{"op":"mcm","clk":"11843418261","pt":1723740235668,"mc":[{"id":"1.231737525","rc":[{"ltp":2.46,"id":26354922},{"ltp":1.69,"id":26354921}]}]}
{"op":"mcm","clk":"11843423451","pt":1723740294540,"mc":[{"id":"1.231737525","rc":[{"ltp":2.42,"id":26354922},{"ltp":1.7,"id":26354921}]}]}
{"op":"mcm","clk":"11843434272","pt":1723740416230,"mc":[{"id":"1.231737525","rc":[{"ltp":1.68,"id":26354921}]}]}
{"op":"mcm","clk":"11843440026","pt":1723740476542,"mc":[{"id":"1.231737525","rc":[{"ltp":2.46,"id":26354922}]}]}
{"op":"mcm","clk":"11843451216","pt":1723740593226,"mc":[{"id":"1.231737525","rc":[{"ltp":1.69,"id":26354921}]}]}
{"op":"mcm","clk":"11843457123","pt":1723740657198,"mc":[{"id":"1.231737525","rc":[{"ltp":2.44,"id":26354922}]}]}
{"op":"mcm","clk":"11843462670","pt":1723740716975,"mc":[{"id":"1.231737525","rc":[{"ltp":1.68,"id":26354921}]}]}
{"op":"mcm","clk":"11843467848","pt":1723740770656,"mc":[{"id":"1.231737525","rc":[{"ltp":2.46,"id":26354922}]}]}
{"op":"mcm","clk":"11843473877","pt":1723740834731,"mc":[{"id":"1.231737525","rc":[{"ltp":2.44,"id":26354922},{"ltp":1.67,"id":26354921}]}]}
{"op":"mcm","clk":"11843494346","pt":1723741076253,"mc":[{"id":"1.231737525","rc":[{"ltp":2.48,"id":26354922},{"ltp":1.68,"id":26354921}]}]}
{"op":"mcm","clk":"11843505769","pt":1723741193609,"mc":[{"id":"1.231737525","rc":[{"ltp":1.67,"id":26354921}]}]}
{"op":"mcm","clk":"11843513229","pt":1723741256381,"mc":[{"id":"1.231737525","rc":[{"ltp":1.68,"id":26354921}]}]}
{"op":"mcm","clk":"11843520065","pt":1723741315348,"mc":[{"id":"1.231737525","rc":[{"ltp":1.67,"id":26354921}]}]}
{"op":"mcm","clk":"11843533494","pt":1723741436971,"mc":[{"id":"1.231737525","rc":[{"ltp":2.5,"id":26354922},{"ltp":1.66,"id":26354921}]}]}
{"op":"mcm","clk":"11843539834","pt":1723741497661,"mc":[{"id":"1.231737525","rc":[{"ltp":2.52,"id":26354922}]}]}
{"op":"mcm","clk":"11843558762","pt":1723741677753,"mc":[{"id":"1.231737525","rc":[{"ltp":2.44,"id":26354922},{"ltp":1.68,"id":26354921}]}]}
{"op":"mcm","clk":"11843565240","pt":1723741737928,"mc":[{"id":"1.231737525","rc":[{"ltp":2.42,"id":26354922},{"ltp":1.69,"id":26354921}]}]}
{"op":"mcm","clk":"11843571755","pt":1723741797719,"mc":[{"id":"1.231737525","rc":[{"ltp":2.44,"id":26354922}]}]}
{"op":"mcm","clk":"11843584704","pt":1723741917366,"mc":[{"id":"1.231737525","rc":[{"ltp":1.7,"id":26354921}]}]}
{"op":"mcm","clk":"11843590504","pt":1723741976807,"mc":[{"id":"1.231737525","rc":[{"ltp":1.69,"id":26354921}]}]}
{"op":"mcm","clk":"11843615362","pt":1723742217569,"mc":[{"id":"1.231737525","rc":[{"ltp":1.68,"id":26354921}]}]}
{"op":"mcm","clk":"11843621987","pt":1723742276508,"mc":[{"id":"1.231737525","rc":[{"ltp":1.69,"id":26354921}]}]}
{"op":"mcm","clk":"11843628473","pt":1723742337684,"mc":[{"id":"1.231737525","rc":[{"ltp":1.68,"id":26354921}]}]}
{"op":"mcm","clk":"11843641257","pt":1723742458015,"mc":[{"id":"1.231737525","rc":[{"ltp":2.5,"id":26354922},{"ltp":1.67,"id":26354921}]}]}
{"op":"mcm","clk":"11843659434","pt":1723742637812,"mc":[{"id":"1.231737525","rc":[{"ltp":1.65,"id":26354921}]}]}
{"op":"mcm","clk":"11843665578","pt":1723742697456,"mc":[{"id":"1.231737525","rc":[{"ltp":2.52,"id":26354922}]}]}
{"op":"mcm","clk":"11843672064","pt":1723742757986,"mc":[{"id":"1.231737525","rc":[{"ltp":2.48,"id":26354922},{"ltp":1.66,"id":26354921}]}]}
{"op":"mcm","clk":"11843678264","pt":1723742816888,"mc":[{"id":"1.231737525","rc":[{"ltp":2.52,"id":26354922}]}]}
{"op":"mcm","clk":"11843684942","pt":1723742875627,"mc":[{"id":"1.231737525","rc":[{"ltp":2.46,"id":26354922},{"ltp":1.65,"id":26354921}]}]}
{"op":"mcm","clk":"11843691467","pt":1723742935191,"mc":[{"id":"1.231737525","rc":[{"ltp":2.6,"id":26354922},{"ltp":1.62,"id":26354921}]}]}
{"op":"mcm","clk":"11843698206","pt":1723742997771,"mc":[{"id":"1.231737525","marketDefinition":{"bspMarket":false,"turnInPlayEnabled":true,"persistenceEnabled":true,"marketBaseRate":5.0,"eventId":"33488511","eventTypeId":"4","numberOfWinners":1,"bettingType":"ODDS","marketType":"MATCH_ODDS","marketTime":"2024-08-15T17:30:00.000Z","suspendTime":"2024-08-15T17:30:00.000Z","bspReconciled":false,"complete":true,"inPlay":true,"crossMatching":true,"runnersVoidable":false,"numberOfActiveRunners":2,"betDelay":5,"status":"OPEN","runners":[{"status":"ACTIVE","sortPriority":1,"id":26354921,"name":"Birmingham Phoenix"},{"status":"ACTIVE","sortPriority":2,"id":26354922,"name":"Manchester Originals"}],"regulators":["MR_INT"],"countryCode":"GB","discountAllowed":true,"timezone":"GMT","openDate":"2024-08-15T17:30:00.000Z","version":6075826587,"name":"Match Odds","eventName":"Birmingham Phoenix v Manchester Originals"},"rc":[{"ltp":1.64,"id":26354921}]}]}
{"op":"mcm","clk":"11843704743","pt":1723743057321,"mc":[{"id":"1.231737525","rc":[{"ltp":2.38,"id":26354922},{"ltp":1.72,"id":26354921}]}]}
{"op":"mcm","clk":"11843711354","pt":1723743117960,"mc":[{"id":"1.231737525","rc":[{"ltp":2.5,"id":26354922},{"ltp":1.66,"id":26354921}]}]}
{"op":"mcm","clk":"11843717584","pt":1723743173562,"mc":[{"id":"1.231737525","rc":[{"ltp":2.48,"id":26354922},{"ltp":1.67,"id":26354921}]}]}
{"op":"mcm","clk":"11843724182","pt":1723743236444,"mc":[{"id":"1.231737525","rc":[{"ltp":2.5,"id":26354922},{"ltp":1.64,"id":26354921}]}]}
{"op":"mcm","clk":"11843730519","pt":1723743297830,"mc":[{"id":"1.231737525","rc":[{"ltp":1.66,"id":26354921}]}]}
{"op":"mcm","clk":"11843737306","pt":1723743357891,"mc":[{"id":"1.231737525","rc":[{"ltp":2.48,"id":26354922},{"ltp":1.67,"id":26354921}]}]}
{"op":"mcm","clk":"11843743831","pt":1723743416864,"mc":[{"id":"1.231737525","rc":[{"ltp":1.69,"id":26354921}]}]}
{"op":"mcm","clk":"11843750704","pt":1723743477811,"mc":[{"id":"1.231737525","rc":[{"ltp":1.68,"id":26354921}]}]}
{"op":"mcm","clk":"11843764115","pt":1723743597012,"mc":[{"id":"1.231737525","rc":[{"ltp":2.46,"id":26354922},{"ltp":1.7,"id":26354921}]}]}
{"op":"mcm","clk":"11843771243","pt":1723743657971,"mc":[{"id":"1.231737525","rc":[{"ltp":2.44,"id":26354922}]}]}
{"op":"mcm","clk":"11843778276","pt":1723743717661,"mc":[{"id":"1.231737525","rc":[{"ltp":1.71,"id":26354921}]}]}
{"op":"mcm","clk":"11843798178","pt":1723743776618,"mc":[{"id":"1.231737525","rc":[{"ltp":2.42,"id":26354922},{"ltp":1.7,"id":26354921}]}]}
{"op":"mcm","clk":"11843812795","pt":1723743897546,"mc":[{"id":"1.231737525","rc":[{"ltp":1.71,"id":26354921}]}]}
{"op":"mcm","clk":"11843820755","pt":1723743956040,"mc":[{"id":"1.231737525","rc":[{"ltp":2.28,"id":26354922},{"ltp":1.72,"id":26354921}]}]}
{"op":"mcm","clk":"11843836130","pt":1723744077465,"mc":[{"id":"1.231737525","rc":[{"ltp":2.36,"id":26354922},{"ltp":1.73,"id":26354921}]}]}
{"op":"mcm","clk":"11843843101","pt":1723744133806,"mc":[{"id":"1.231737525","rc":[{"ltp":2.42,"id":26354922},{"ltp":1.7,"id":26354921}]}]}
{"op":"mcm","clk":"11843857888","pt":1723744257802,"mc":[{"id":"1.231737525","rc":[{"ltp":2.34,"id":26354922},{"ltp":1.72,"id":26354921}]}]}
{"op":"mcm","clk":"11843864761","pt":1723744317720,"mc":[{"id":"1.231737525","rc":[{"ltp":2.42,"id":26354922},{"ltp":1.7,"id":26354921}]}]}
{"op":"mcm","clk":"11843871413","pt":1723744377915,"mc":[{"id":"1.231737525","rc":[{"ltp":2.4,"id":26354922},{"ltp":1.72,"id":26354921}]}]}
{"op":"mcm","clk":"11843877593","pt":1723744434769,"mc":[{"id":"1.231737525","rc":[{"ltp":2.32,"id":26354922}]}]}
{"op":"mcm","clk":"11843884224","pt":1723744497965,"mc":[{"id":"1.231737525","rc":[{"ltp":2.38,"id":26354922}]}]}
{"op":"mcm","clk":"11843890355","pt":1723744557967,"mc":[{"id":"1.231737525","rc":[{"ltp":2.34,"id":26354922}]}]}
{"op":"mcm","clk":"11843896456","pt":1723744617616,"mc":[{"id":"1.231737525","rc":[{"ltp":1.74,"id":26354921}]}]}
{"op":"mcm","clk":"11843902783","pt":1723744676675,"mc":[{"id":"1.231737525","rc":[{"ltp":2.38,"id":26354922},{"ltp":1.72,"id":26354921}]}]}
{"op":"mcm","clk":"11843909050","pt":1723744737707,"mc":[{"id":"1.231737525","rc":[{"ltp":2.42,"id":26354922},{"ltp":1.71,"id":26354921}]}]}
{"op":"mcm","clk":"11843915238","pt":1723744797280,"mc":[{"id":"1.231737525","rc":[{"ltp":2.38,"id":26354922},{"ltp":1.72,"id":26354921}]}]}
{"op":"mcm","clk":"11843922431","pt":1723744857943,"mc":[{"id":"1.231737525","rc":[{"ltp":1.71,"id":26354921}]}]}
{"op":"mcm","clk":"11843929181","pt":1723744917402,"mc":[{"id":"1.231737525","rc":[{"ltp":2.4,"id":26354922},{"ltp":1.69,"id":26354921}]}]}
{"op":"mcm","clk":"11843935901","pt":1723744977318,"mc":[{"id":"1.231737525","rc":[{"ltp":2.38,"id":26354922},{"ltp":1.72,"id":26354921}]}]}
{"op":"mcm","clk":"11843943235","pt":1723745037211,"mc":[{"id":"1.231737525","rc":[{"ltp":1.71,"id":26354921}]}]}
{"op":"mcm","clk":"11843949667","pt":1723745097990,"mc":[{"id":"1.231737525","rc":[{"ltp":1.7,"id":26354921}]}]}
{"op":"mcm","clk":"11843955919","pt":1723745157438,"mc":[{"id":"1.231737525","rc":[{"ltp":2.42,"id":26354922},{"ltp":1.72,"id":26354921}]}]}
{"op":"mcm","clk":"11843962365","pt":1723745216709,"mc":[{"id":"1.231737525","rc":[{"ltp":2.38,"id":26354922},{"ltp":1.71,"id":26354921}]}]}
{"op":"mcm","clk":"11843968727","pt":1723745277805,"mc":[{"id":"1.231737525","rc":[{"ltp":1.7,"id":26354921}]}]}
{"op":"mcm","clk":"11843982453","pt":1723745397106,"mc":[{"id":"1.231737525","rc":[{"ltp":2.4,"id":26354922}]}]}
{"op":"mcm","clk":"11844009510","pt":1723745637609,"mc":[{"id":"1.231737525","rc":[{"ltp":2.42,"id":26354922}]}]}
{"op":"mcm","clk":"11844016295","pt":1723745697166,"mc":[{"id":"1.231737525","rc":[{"ltp":2.38,"id":26354922},{"ltp":1.72,"id":26354921}]}]}
{"op":"mcm","clk":"11844023474","pt":1723745755352,"mc":[{"id":"1.231737525","rc":[{"ltp":2.42,"id":26354922},{"ltp":1.7,"id":26354921}]}]}
{"op":"mcm","clk":"11844031004","pt":1723745817817,"mc":[{"id":"1.231737525","rc":[{"ltp":2.36,"id":26354922},{"ltp":1.69,"id":26354921}]}]}
{"op":"mcm","clk":"11844037850","pt":1723745877956,"mc":[{"id":"1.231737525","rc":[{"ltp":1.71,"id":26354921}]}]}
{"op":"mcm","clk":"11844044949","pt":1723745936823,"mc":[{"id":"1.231737525","rc":[{"ltp":2.42,"id":26354922},{"ltp":1.7,"id":26354921}]}]}
{"op":"mcm","clk":"11844052545","pt":1723745997893,"mc":[{"id":"1.231737525","rc":[{"ltp":2.44,"id":26354922}]}]}
{"op":"mcm","clk":"11844060132","pt":1723746057807,"mc":[{"id":"1.231737525","rc":[{"ltp":2.4,"id":26354922}]}]}
{"op":"mcm","clk":"11844068063","pt":1723746117185,"mc":[{"id":"1.231737525","rc":[{"ltp":1.71,"id":26354921}]}]}
{"op":"mcm","clk":"11844075545","pt":1723746177656,"mc":[{"id":"1.231737525","rc":[{"ltp":2.42,"id":26354922}]}]}
{"op":"mcm","clk":"11844082976","pt":1723746235212,"mc":[{"id":"1.231737525","rc":[{"ltp":1.69,"id":26354921}]}]}
{"op":"mcm","clk":"11844090021","pt":1723746297823,"mc":[{"id":"1.231737525","rc":[{"ltp":1.72,"id":26354921}]}]}
{"op":"mcm","clk":"11844096563","pt":1723746356240,"mc":[{"id":"1.231737525","rc":[{"ltp":2.38,"id":26354922},{"ltp":1.73,"id":26354921}]}]}
{"op":"mcm","clk":"11844103140","pt":1723746415740,"mc":[{"id":"1.231737525","rc":[{"ltp":1.76,"id":26354921}]}]}
{"op":"mcm","clk":"11844109452","pt":1723746475452,"mc":[{"id":"1.231737525","rc":[{"ltp":1.72,"id":26354921}]}]}
{"op":"mcm","clk":"11844116179","pt":1723746537670,"mc":[{"id":"1.231737525","rc":[{"ltp":2.42,"id":26354922},{"ltp":1.69,"id":26354921}]}]}
{"op":"mcm","clk":"11844122814","pt":1723746597750,"mc":[{"id":"1.231737525","rc":[{"ltp":1.76,"id":26354921}]}]}
{"op":"mcm","clk":"11844125499","pt":1723746618481,"mc":[{"id":"1.231737525","rc":[{"ltp":1.71,"id":26354921}]}]}
{"op":"mcm","clk":"11844153008","pt":1723746837565,"mc":[{"id":"1.231737525","rc":[{"ltp":1.69,"id":26354921}]}]}
{"op":"mcm","clk":"11844159888","pt":1723746897842,"mc":[{"id":"1.231737525","rc":[{"ltp":1.63,"id":26354921}]}]}
{"op":"mcm","clk":"11844180145","pt":1723747076588,"mc":[{"id":"1.231737525","rc":[{"ltp":1.69,"id":26354921}]}]}
{"op":"mcm","clk":"11844186956","pt":1723747137261,"mc":[{"id":"1.231737525","rc":[{"ltp":1.7,"id":26354921}]}]}
{"op":"mcm","clk":"11844208013","pt":1723747317675,"mc":[{"id":"1.231737525","rc":[{"ltp":1.68,"id":26354921}]}]}
{"op":"mcm","clk":"11844220378","pt":1723747434007,"mc":[{"id":"1.231737525","rc":[{"ltp":1.71,"id":26354921}]}]}
{"op":"mcm","clk":"11844226206","pt":1723747489287,"mc":[{"id":"1.231737525","rc":[{"ltp":1.69,"id":26354921}]}]}
{"op":"mcm","clk":"11844233444","pt":1723747557265,"mc":[{"id":"1.231737525","rc":[{"ltp":1.71,"id":26354921}]}]}
{"op":"mcm","clk":"11844245301","pt":1723747674843,"mc":[{"id":"1.231737525","rc":[{"ltp":1.7,"id":26354921}]}]}
{"op":"mcm","clk":"11844269521","pt":1723747917111,"mc":[{"id":"1.231737525","rc":[{"ltp":1.75,"id":26354921}]}]}
{"op":"mcm","clk":"11844275889","pt":1723747977552,"mc":[{"id":"1.231737525","rc":[{"ltp":1.71,"id":26354921}]}]}
{"op":"mcm","clk":"11844282114","pt":1723748036955,"mc":[{"id":"1.231737525","rc":[{"ltp":2.4,"id":26354922}]}]}
{"op":"mcm","clk":"11844299842","pt":1723748217515,"mc":[{"id":"1.231737525","rc":[{"ltp":2.42,"id":26354922},{"ltp":1.7,"id":26354921}]}]}
{"op":"mcm","clk":"11844305904","pt":1723748277990,"mc":[{"id":"1.231737525","rc":[{"ltp":2.38,"id":26354922},{"ltp":1.72,"id":26354921}]}]}
{"op":"mcm","clk":"11844323854","pt":1723748457370,"mc":[{"id":"1.231737525","rc":[{"ltp":1.7,"id":26354921}]}]}
{"op":"mcm","clk":"11844329274","pt":1723748516453,"mc":[{"id":"1.231737525","rc":[{"ltp":1.72,"id":26354921}]}]}
{"op":"mcm","clk":"11844335190","pt":1723748577921,"mc":[{"id":"1.231737525","rc":[{"ltp":1.75,"id":26354921}]}]}
{"op":"mcm","clk":"11844341452","pt":1723748637883,"mc":[{"id":"1.231737525","rc":[{"ltp":1.72,"id":26354921}]}]}
{"op":"mcm","clk":"11844352416","pt":1723748757119,"mc":[{"id":"1.231737525","rc":[{"ltp":2.32,"id":26354922},{"ltp":1.75,"id":26354921}]}]}
{"op":"mcm","clk":"11844358689","pt":1723748817795,"mc":[{"id":"1.231737525","rc":[{"ltp":2.44,"id":26354922},{"ltp":1.7,"id":26354921}]}]}
{"op":"mcm","clk":"11844364631","pt":1723748877451,"mc":[{"id":"1.231737525","rc":[{"ltp":2.38,"id":26354922},{"ltp":1.72,"id":26354921}]}]}
{"op":"mcm","clk":"11844376917","pt":1723748997609,"mc":[{"id":"1.231737525","rc":[{"ltp":2.32,"id":26354922},{"ltp":1.75,"id":26354921}]}]}
{"op":"mcm","clk":"11844383577","pt":1723749058000,"mc":[{"id":"1.231737525","rc":[{"ltp":2.28,"id":26354922}]}]}
{"op":"mcm","clk":"11844390246","pt":1723749117800,"mc":[{"id":"1.231737525","rc":[{"ltp":2.3,"id":26354922},{"ltp":1.76,"id":26354921}]}]}
{"op":"mcm","clk":"11844410094","pt":1723749177538,"mc":[{"id":"1.231737525","rc":[{"ltp":2.28,"id":26354922},{"ltp":1.78,"id":26354921}]}]}
{"op":"mcm","clk":"11844416592","pt":1723749237695,"mc":[{"id":"1.231737525","rc":[{"ltp":2.3,"id":26354922},{"ltp":1.75,"id":26354921}]}]}
{"op":"mcm","clk":"11844422928","pt":1723749297672,"mc":[{"id":"1.231737525","rc":[{"ltp":2.24,"id":26354922},{"ltp":1.79,"id":26354921}]}]}
{"op":"mcm","clk":"11844429595","pt":1723749357790,"mc":[{"id":"1.231737525","rc":[{"ltp":2.28,"id":26354922},{"ltp":1.75,"id":26354921}]}]}
{"op":"mcm","clk":"11844440907","pt":1723749477005,"mc":[{"id":"1.231737525","rc":[{"ltp":2.3,"id":26354922},{"ltp":1.74,"id":26354921}]}]}
{"op":"mcm","clk":"11844446293","pt":1723749537407,"mc":[{"id":"1.231737525","rc":[{"ltp":2.32,"id":26354922},{"ltp":1.76,"id":26354921}]}]}
{"op":"mcm","clk":"11844452017","pt":1723749597571,"mc":[{"id":"1.231737525","rc":[{"ltp":2.38,"id":26354922},{"ltp":1.72,"id":26354921}]}]}
{"op":"mcm","clk":"11844463237","pt":1723749717873,"mc":[{"id":"1.231737525","rc":[{"ltp":2.7,"id":26354922},{"ltp":1.59,"id":26354921}]}]}
{"op":"mcm","clk":"11844468727","pt":1723749777950,"mc":[{"id":"1.231737525","rc":[{"ltp":2.76,"id":26354922},{"ltp":1.57,"id":26354921}]}]}
{"op":"mcm","clk":"11844474290","pt":1723749837372,"mc":[{"id":"1.231737525","rc":[{"ltp":2.8,"id":26354922},{"ltp":1.55,"id":26354921}]}]}
{"op":"mcm","clk":"11844479192","pt":1723749897125,"mc":[{"id":"1.231737525","rc":[{"ltp":2.9,"id":26354922},{"ltp":1.5,"id":26354921}]}]}
{"op":"mcm","clk":"11844484593","pt":1723749957932,"mc":[{"id":"1.231737525","rc":[{"ltp":2.92,"id":26354922},{"ltp":1.52,"id":26354921}]}]}
{"op":"mcm","clk":"11844489959","pt":1723750017860,"mc":[{"id":"1.231737525","rc":[{"ltp":2.98,"id":26354922},{"ltp":1.51,"id":26354921}]}]}
{"op":"mcm","clk":"11844495328","pt":1723750077116,"mc":[{"id":"1.231737525","rc":[{"ltp":3.0,"id":26354922},{"ltp":1.5,"id":26354921}]}]}
{"op":"mcm","clk":"11844500935","pt":1723750137928,"mc":[{"id":"1.231737525","rc":[{"ltp":2.92,"id":26354922},{"ltp":1.52,"id":26354921}]}]}
{"op":"mcm","clk":"11844506964","pt":1723750197812,"mc":[{"id":"1.231737525","rc":[{"ltp":2.96,"id":26354922},{"ltp":1.51,"id":26354921}]}]}
{"op":"mcm","clk":"11844512709","pt":1723750257387,"mc":[{"id":"1.231737525","rc":[{"ltp":3.0,"id":26354922},{"ltp":1.5,"id":26354921}]}]}
{"op":"mcm","clk":"11844518454","pt":1723750317817,"mc":[{"id":"1.231737525","rc":[{"ltp":2.96,"id":26354922},{"ltp":1.51,"id":26354921}]}]}
{"op":"mcm","clk":"11844531630","pt":1723750437653,"mc":[{"id":"1.231737525","rc":[{"ltp":2.88,"id":26354922},{"ltp":1.53,"id":26354921}]}]}
{"op":"mcm","clk":"11844537877","pt":1723750497733,"mc":[{"id":"1.231737525","rc":[{"ltp":2.96,"id":26354922},{"ltp":1.52,"id":26354921}]}]}
{"op":"mcm","clk":"11844543148","pt":1723750557350,"mc":[{"id":"1.231737525","rc":[{"ltp":2.94,"id":26354922}]}]}
{"op":"mcm","clk":"11844547653","pt":1723750618011,"mc":[{"id":"1.231737525","rc":[{"ltp":2.96,"id":26354922},{"ltp":1.51,"id":26354921}]}]}
{"op":"mcm","clk":"11844553031","pt":1723750677765,"mc":[{"id":"1.231737525","rc":[{"ltp":3.0,"id":26354922}]}]}
{"op":"mcm","clk":"11844558792","pt":1723750737938,"mc":[{"id":"1.231737525","rc":[{"ltp":2.96,"id":26354922}]}]}
{"op":"mcm","clk":"11844564163","pt":1723750797991,"mc":[{"id":"1.231737525","rc":[{"ltp":3.0,"id":26354922},{"ltp":1.49,"id":26354921}]}]}
{"op":"mcm","clk":"11844569827","pt":1723750857928,"mc":[{"id":"1.231737525","rc":[{"ltp":3.25,"id":26354922},{"ltp":1.44,"id":26354921}]}]}
{"op":"mcm","clk":"11844575112","pt":1723750917993,"mc":[{"id":"1.231737525","rc":[{"ltp":4.0,"id":26354922},{"ltp":1.32,"id":26354921}]}]}
{"op":"mcm","clk":"11844580547","pt":1723750977940,"mc":[{"id":"1.231737525","rc":[{"ltp":4.3,"id":26354922},{"ltp":1.3,"id":26354921}]}]}
{"op":"mcm","clk":"11844586375","pt":1723751037936,"mc":[{"id":"1.231737525","rc":[{"ltp":5.3,"id":26354922},{"ltp":1.23,"id":26354921}]}]}
{"op":"mcm","clk":"11844592164","pt":1723751097968,"mc":[{"id":"1.231737525","rc":[{"ltp":5.0,"id":26354922},{"ltp":1.25,"id":26354921}]}]}
{"op":"mcm","clk":"11844597609","pt":1723751157943,"mc":[{"id":"1.231737525","rc":[{"ltp":5.5,"id":26354922},{"ltp":1.23,"id":26354921}]}]}
{"op":"mcm","clk":"11844602885","pt":1723751218004,"mc":[{"id":"1.231737525","rc":[{"ltp":3.85,"id":26354922},{"ltp":1.35,"id":26354921}]}]}
{"op":"mcm","clk":"11844608722","pt":1723751277952,"mc":[{"id":"1.231737525","rc":[{"ltp":3.05,"id":26354922},{"ltp":1.47,"id":26354921}]}]}
{"op":"mcm","clk":"11844615071","pt":1723751337998,"mc":[{"id":"1.231737525","rc":[{"ltp":2.86,"id":26354922},{"ltp":1.55,"id":26354921}]}]}
{"op":"mcm","clk":"11844620653","pt":1723751397958,"mc":[{"id":"1.231737525","rc":[{"ltp":3.1,"id":26354922},{"ltp":1.48,"id":26354921}]}]}
{"op":"mcm","clk":"11844626417","pt":1723751457816,"mc":[{"id":"1.231737525","rc":[{"ltp":2.86,"id":26354922},{"ltp":1.54,"id":26354921}]}]}
{"op":"mcm","clk":"11844631977","pt":1723751517950,"mc":[{"id":"1.231737525","rc":[{"ltp":3.1,"id":26354922},{"ltp":1.47,"id":26354921}]}]}
{"op":"mcm","clk":"11844636655","pt":1723751578004,"mc":[{"id":"1.231737525","rc":[{"ltp":3.35,"id":26354922},{"ltp":1.41,"id":26354921}]}]}
{"op":"mcm","clk":"11844641091","pt":1723751637936,"mc":[{"id":"1.231737525","rc":[{"ltp":4.9,"id":26354922},{"ltp":1.26,"id":26354921}]}]}
{"op":"mcm","clk":"11844645477","pt":1723751698015,"mc":[{"id":"1.231737525","rc":[{"ltp":4.8,"id":26354922}]}]}
{"op":"mcm","clk":"11844649956","pt":1723751757968,"mc":[{"id":"1.231737525","rc":[{"ltp":6.4,"id":26354922},{"ltp":1.18,"id":26354921}]}]}
{"op":"mcm","clk":"11844658864","pt":1723751877908,"mc":[{"id":"1.231737525","rc":[{"ltp":5.2,"id":26354922},{"ltp":1.24,"id":26354921}]}]}
{"op":"mcm","clk":"11844667732","pt":1723751997950,"mc":[{"id":"1.231737525","rc":[{"ltp":4.4,"id":26354922},{"ltp":1.3,"id":26354921}]}]}
{"op":"mcm","clk":"11844672840","pt":1723752058015,"mc":[{"id":"1.231737525","rc":[{"ltp":5.4,"id":26354922},{"ltp":1.23,"id":26354921}]}]}
{"op":"mcm","clk":"11844677404","pt":1723752117994,"mc":[{"id":"1.231737525","rc":[{"ltp":5.3,"id":26354922},{"ltp":1.24,"id":26354921}]}]}
{"op":"mcm","clk":"11844681912","pt":1723752177926,"mc":[{"id":"1.231737525","rc":[{"ltp":5.1,"id":26354922},{"ltp":1.23,"id":26354921}]}]}
{"op":"mcm","clk":"11844687074","pt":1723752237731,"mc":[{"id":"1.231737525","rc":[{"ltp":5.6,"id":26354922},{"ltp":1.22,"id":26354921}]}]}
{"op":"mcm","clk":"11844691975","pt":1723752297979,"mc":[{"id":"1.231737525","rc":[{"ltp":6.8,"id":26354922},{"ltp":1.17,"id":26354921}]}]}
{"op":"mcm","clk":"11844697283","pt":1723752357847,"mc":[{"id":"1.231737525","rc":[{"ltp":8.0,"id":26354922},{"ltp":1.14,"id":26354921}]}]}
{"op":"mcm","clk":"11844702624","pt":1723752418016,"mc":[{"id":"1.231737525","rc":[{"ltp":11.0,"id":26354922},{"ltp":1.11,"id":26354921}]}]}
{"op":"mcm","clk":"11844707790","pt":1723752478004,"mc":[{"id":"1.231737525","rc":[{"ltp":9.6,"id":26354922},{"ltp":1.12,"id":26354921}]}]}
{"op":"mcm","clk":"11844713242","pt":1723752537936,"mc":[{"id":"1.231737525","rc":[{"ltp":10.0,"id":26354922},{"ltp":1.11,"id":26354921}]}]}
{"op":"mcm","clk":"11844717563","pt":1723752597917,"mc":[{"id":"1.231737525","rc":[{"ltp":1.1,"id":26354921}]}]}
{"op":"mcm","clk":"11844721420","pt":1723752658009,"mc":[{"id":"1.231737525","rc":[{"ltp":1.11,"id":26354921}]}]}
{"op":"mcm","clk":"11844725317","pt":1723752717957,"mc":[{"id":"1.231737525","rc":[{"ltp":12.0,"id":26354922},{"ltp":1.1,"id":26354921}]}]}
{"op":"mcm","clk":"11844729266","pt":1723752778013,"mc":[{"id":"1.231737525","rc":[{"ltp":1.09,"id":26354921}]}]}
{"op":"mcm","clk":"11844733426","pt":1723752837858,"mc":[{"id":"1.231737525","rc":[{"ltp":11.5,"id":26354922},{"ltp":1.1,"id":26354921}]}]}
{"op":"mcm","clk":"11844745955","pt":1723753017934,"mc":[{"id":"1.231737525","rc":[{"ltp":11.0,"id":26354922}]}]}
{"op":"mcm","clk":"11844750152","pt":1723753077995,"mc":[{"id":"1.231737525","rc":[{"ltp":17.5,"id":26354922},{"ltp":1.06,"id":26354921}]}]}
{"op":"mcm","clk":"11844754315","pt":1723753137844,"mc":[{"id":"1.231737525","rc":[{"ltp":34.0,"id":26354922},{"ltp":1.03,"id":26354921}]}]}
{"op":"mcm","clk":"11844758563","pt":1723753197887,"mc":[{"id":"1.231737525","rc":[{"ltp":36.0,"id":26354922}]}]}
{"op":"mcm","clk":"11844762463","pt":1723753257975,"mc":[{"id":"1.231737525","rc":[{"ltp":34.0,"id":26354922},{"ltp":1.02,"id":26354921}]}]}
{"op":"mcm","clk":"11844766732","pt":1723753317944,"mc":[{"id":"1.231737525","rc":[{"ltp":29.0,"id":26354922},{"ltp":1.04,"id":26354921}]}]}
{"op":"mcm","clk":"11844770697","pt":1723753378012,"mc":[{"id":"1.231737525","rc":[{"ltp":30.0,"id":26354922}]}]}
{"op":"mcm","clk":"11844774463","pt":1723753437869,"mc":[{"id":"1.231737525","rc":[{"ltp":21.0,"id":26354922},{"ltp":1.05,"id":26354921}]}]}
{"op":"mcm","clk":"11844778144","pt":1723753497898,"mc":[{"id":"1.231737525","rc":[{"ltp":50.0,"id":26354922},{"ltp":1.02,"id":26354921}]}]}
{"op":"mcm","clk":"11844782276","pt":1723753557924,"mc":[{"id":"1.231737525","rc":[{"ltp":120.0,"id":26354922},{"ltp":1.01,"id":26354921}]}]}
{"op":"mcm","clk":"11844785314","pt":1723753618008,"mc":[{"id":"1.231737525","rc":[{"ltp":280.0,"id":26354922}]}]}
{"op":"mcm","clk":"11844788101","pt":1723753677678,"mc":[{"id":"1.231737525","rc":[{"ltp":690.0,"id":26354922}]}]}
{"op":"mcm","clk":"11844790854","pt":1723753737847,"mc":[{"id":"1.231737525","rc":[{"ltp":1000.0,"id":26354922}]}]}
{"op":"mcm","clk":"11844799353","pt":1723753917978,"mc":[{"id":"1.231737525","rc":[{"ltp":270.0,"id":26354922}]}]}
{"op":"mcm","clk":"11844801883","pt":1723753977525,"mc":[{"id":"1.231737525","rc":[{"ltp":530.0,"id":26354922}]}]}
{"op":"mcm","clk":"11844804654","pt":1723754037913,"mc":[{"id":"1.231737525","rc":[{"ltp":1000.0,"id":26354922}]}]}
{"op":"mcm","clk":"11844806626","pt":1723754087885,"mc":[{"id":"1.231737525","marketDefinition":{"bspMarket":false,"turnInPlayEnabled":true,"persistenceEnabled":true,"marketBaseRate":5.0,"eventId":"33488511","eventTypeId":"4","numberOfWinners":1,"bettingType":"ODDS","marketType":"MATCH_ODDS","marketTime":"2024-08-15T17:30:00.000Z","suspendTime":"2024-08-15T17:30:00.000Z","bspReconciled":false,"complete":true,"inPlay":true,"crossMatching":true,"runnersVoidable":false,"numberOfActiveRunners":2,"betDelay":5,"status":"SUSPENDED","runners":[{"status":"ACTIVE","sortPriority":1,"id":26354921,"name":"Birmingham Phoenix"},{"status":"ACTIVE","sortPriority":2,"id":26354922,"name":"Manchester Originals"}],"regulators":["MR_INT"],"countryCode":"GB","discountAllowed":true,"timezone":"GMT","openDate":"2024-08-15T17:30:00.000Z","version":6076212728,"name":"Match Odds","eventName":"Birmingham Phoenix v Manchester Originals"}}]}
{"op":"mcm","clk":"11844811275","pt":1723754208905,"mc":[{"id":"1.231737525","marketDefinition":{"bspMarket":false,"turnInPlayEnabled":true,"persistenceEnabled":true,"marketBaseRate":5.0,"eventId":"33488511","eventTypeId":"4","numberOfWinners":1,"bettingType":"ODDS","marketType":"MATCH_ODDS","marketTime":"2024-08-15T17:30:00.000Z","suspendTime":"2024-08-15T17:30:00.000Z","bspReconciled":false,"complete":true,"inPlay":true,"crossMatching":false,"runnersVoidable":false,"numberOfActiveRunners":0,"betDelay":5,"status":"CLOSED","settledTime":"2024-08-15T20:36:01.000Z","runners":[{"status":"WINNER","sortPriority":1,"id":26354921,"name":"Birmingham Phoenix"},{"status":"LOSER","sortPriority":2,"id":26354922,"name":"Manchester Originals"}],"regulators":["MR_INT"],"countryCode":"GB","discountAllowed":true,"timezone":"GMT","openDate":"2024-08-15T17:30:00.000Z","version":6076214643,"name":"Match Odds","eventName":"Birmingham Phoenix v Manchester Originals"}}]}
