{"op":"mcm","clk":"11980541922","pt":1724837427398,"mc":[{"id":"1.232376319","marketDefinition":{"bspMarket":false,"turnInPlayEnabled":true,"persistenceEnabled":true,"marketBaseRate":5.0,"eventId":"33534254","eventTypeId":"4","numberOfWinners":1,"bettingType":"ODDS","marketType":"MATCH_ODDS","marketTime":"2024-08-29T19:00:00.000Z","suspendTime":"2024-08-29T19:00:00.000Z","bspReconciled":false,"complete":true,"inPlay":false,"crossMatching":true,"runnersVoidable":false,"numberOfActiveRunners":2,"betDelay":0,"status":"OPEN","runners":[{"status":"ACTIVE","sortPriority":1,"id":47674067,"name":"Barbados Royals W"},{"status":"ACTIVE","sortPriority":2,"id":72963954,"name":"Trinidad Knight Riders W"}],"regulators":["MR_INT"],"countryCode":"GB","discountAllowed":true,"timezone":"GMT","openDate":"2024-08-29T19:00:00.000Z","version":6104639992,"name":"Match Odds","eventName":"Barbados Royals W v Trinidad Knight Riders W"}}]}
{"op":"mcm","clk":"11981217327","pt":1724847738097,"mc":[{"id":"1.232376319","rc":[{"ltp":2.24,"id":47674067},{"ltp":1.81,"id":72963954}]}]}
{"op":"mcm","clk":"11981219651","pt":1724847780857,"mc":[{"id":"1.232376319","rc":[{"ltp":1.58,"id":47674067},{"ltp":2.74,"id":72963954}]}]}
{"op":"mcm","clk":"11981222993","pt":1724847844365,"mc":[{"id":"1.232376319","rc":[{"ltp":1.59,"id":47674067}]}]}
{"op":"mcm","clk":"11981225902","pt":1724847904691,"mc":[{"id":"1.232376319","rc":[{"ltp":1.73,"id":72963954}]}]}
{"op":"mcm","clk":"11981231307","pt":1724848033752,"mc":[{"id":"1.232376319","rc":[{"ltp":1.6,"id":47674067}]}]}
{"op":"mcm","clk":"11981233367","pt":1724848083809,"mc":[{"id":"1.232376319","rc":[{"ltp":1.78,"id":72963954}]}]}
{"op":"mcm","clk":"11981243157","pt":1724848293264,"mc":[{"id":"1.232376319","rc":[{"ltp":1.93,"id":72963954}]}]}
{"op":"mcm","clk":"11982834973","pt":1724865321276,"mc":[{"id":"1.232376319","rc":[{"ltp":1.87,"id":47674067},{"ltp":2.14,"id":72963954}]}]}
{"op":"mcm","clk":"11982963787","pt":1724866399369,"mc":[{"id":"1.232376319","rc":[{"ltp":1.63,"id":47674067}]}]}
{"op":"mcm","clk":"11983327776","pt":1724869701255,"mc":[{"id":"1.232376319","rc":[{"ltp":1.84,"id":47674067}]}]}
{"op":"mcm","clk":"11984375183","pt":1724881020352,"mc":[{"id":"1.232376319","rc":[{"ltp":1.66,"id":47674067}]}]}
{"op":"mcm","clk":"11984994659","pt":1724892672325,"mc":[{"id":"1.232376319","rc":[{"ltp":2.2,"id":72963954}]}]}
{"op":"mcm","clk":"11984996929","pt":1724892707888,"mc":[{"id":"1.232376319","rc":[{"ltp":1.71,"id":47674067}]}]}
{"op":"mcm","clk":"11985699167","pt":1724906278107,"mc":[{"id":"1.232376319","rc":[{"ltp":1.83,"id":47674067}]}]}
{"op":"mcm","clk":"11985708029","pt":1724906576464,"mc":[{"id":"1.232376319","rc":[{"ltp":1.81,"id":47674067}]}]}
{"op":"mcm","clk":"11985844501","pt":1724910675222,"mc":[{"id":"1.232376319","rc":[{"ltp":1.85,"id":47674067}]}]}
{"op":"mcm","clk":"11985882821","pt":1724911940892,"mc":[{"id":"1.232376319","rc":[{"ltp":1.75,"id":47674067}]}]}
{"op":"mcm","clk":"11985931967","pt":1724913676965,"mc":[{"id":"1.232376319","rc":[{"ltp":2.24,"id":72963954}]}]}
{"op":"mcm","clk":"11985932471","pt":1724913693512,"mc":[{"id":"1.232376319","rc":[{"ltp":2.22,"id":72963954}]}]}
{"op":"mcm","clk":"11985982574","pt":1724914820949,"mc":[{"id":"1.232376319","rc":[{"ltp":1.74,"id":47674067}]}]}
{"op":"mcm","clk":"11986023592","pt":1724916018991,"mc":[{"id":"1.232376319","rc":[{"ltp":1.89,"id":47674067},{"ltp":2.24,"id":72963954}]}]}
{"op":"mcm","clk":"11986026326","pt":1724916081446,"mc":[{"id":"1.232376319","rc":[{"ltp":2.28,"id":47674067},{"ltp":1.8,"id":72963954}]}]}
{"op":"mcm","clk":"11986029093","pt":1724916140595,"mc":[{"id":"1.232376319","rc":[{"ltp":2.1,"id":47674067},{"ltp":1.93,"id":72963954}]}]}
{"op":"mcm","clk":"11986031663","pt":1724916197799,"mc":[{"id":"1.232376319","rc":[{"ltp":2.08,"id":47674067},{"ltp":1.91,"id":72963954}]}]}
{"op":"mcm","clk":"11986034424","pt":1724916261369,"mc":[{"id":"1.232376319","rc":[{"ltp":2.06,"id":47674067},{"ltp":1.94,"id":72963954}]}]}
{"op":"mcm","clk":"11986036840","pt":1724916317430,"mc":[{"id":"1.232376319","rc":[{"ltp":2.04,"id":47674067},{"ltp":1.96,"id":72963954}]}]}
{"op":"mcm","clk":"11986042296","pt":1724916439935,"mc":[{"id":"1.232376319","rc":[{"ltp":2.02,"id":72963954}]}]}
{"op":"mcm","clk":"11986044554","pt":1724916497197,"mc":[{"id":"1.232376319","rc":[{"ltp":1.95,"id":47674067},{"ltp":2.06,"id":72963954}]}]}
{"op":"mcm","clk":"11986047041","pt":1724916558573,"mc":[{"id":"1.232376319","rc":[{"ltp":2.0,"id":47674067},{"ltp":2.0,"id":72963954}]}]}
{"op":"mcm","clk":"11986049692","pt":1724916618855,"mc":[{"id":"1.232376319","rc":[{"ltp":1.98,"id":47674067}]}]}
{"op":"mcm","clk":"11986052644","pt":1724916674774,"mc":[{"id":"1.232376319","rc":[{"ltp":1.97,"id":47674067},{"ltp":2.02,"id":72963954}]}]}
{"op":"mcm","clk":"11986055390","pt":1724916739344,"mc":[{"id":"1.232376319","rc":[{"ltp":1.99,"id":47674067}]}]}
{"op":"mcm","clk":"11986057508","pt":1724916794125,"mc":[{"id":"1.232376319","rc":[{"ltp":2.0,"id":47674067},{"ltp":2.0,"id":72963954}]}]}
{"op":"mcm","clk":"11986059975","pt":1724916859311,"mc":[{"id":"1.232376319","rc":[{"ltp":1.99,"id":47674067},{"ltp":2.02,"id":72963954}]}]}
{"op":"mcm","clk":"11986062002","pt":1724916917197,"mc":[{"id":"1.232376319","rc":[{"ltp":1.98,"id":47674067}]}]}
{"op":"mcm","clk":"11986064393","pt":1724916981442,"mc":[{"id":"1.232376319","rc":[{"ltp":1.96,"id":47674067},{"ltp":2.04,"id":72963954}]}]}
{"op":"mcm","clk":"11986066767","pt":1724917039681,"mc":[{"id":"1.232376319","rc":[{"ltp":1.93,"id":47674067},{"ltp":2.08,"id":72963954}]}]}
{"op":"mcm","clk":"11986068426","pt":1724917087580,"mc":[{"id":"1.232376319","rc":[{"ltp":1.91,"id":47674067}]}]}
{"op":"mcm","clk":"11986072274","pt":1724917200697,"mc":[{"id":"1.232376319","rc":[{"ltp":1.93,"id":47674067}]}]}
{"op":"mcm","clk":"11986076892","pt":1724917338851,"mc":[{"id":"1.232376319","rc":[{"ltp":1.98,"id":47674067},{"ltp":2.02,"id":72963954}]}]}
{"op":"mcm","clk":"11986078740","pt":1724917390404,"mc":[{"id":"1.232376319","rc":[{"ltp":1.96,"id":47674067}]}]}
{"op":"mcm","clk":"11986081379","pt":1724917460379,"mc":[{"id":"1.232376319","rc":[{"ltp":1.95,"id":47674067}]}]}
{"op":"mcm","clk":"11986086027","pt":1724917590661,"mc":[{"id":"1.232376319","rc":[{"ltp":1.96,"id":47674067}]}]}
{"op":"mcm","clk":"11986091523","pt":1724917755662,"mc":[{"id":"1.232376319","rc":[{"ltp":1.95,"id":47674067},{"ltp":2.06,"id":72963954}]}]}
{"op":"mcm","clk":"11986100714","pt":1724917993282,"mc":[{"id":"1.232376319","rc":[{"ltp":1.96,"id":47674067}]}]}
{"op":"mcm","clk":"11986103199","pt":1724918054451,"mc":[{"id":"1.232376319","rc":[{"ltp":1.97,"id":47674067}]}]}
{"op":"mcm","clk":"11986105674","pt":1724918118342,"mc":[{"id":"1.232376319","rc":[{"ltp":1.98,"id":47674067}]}]}
{"op":"mcm","clk":"11986115750","pt":1724918341479,"mc":[{"id":"1.232376319","rc":[{"ltp":1.97,"id":47674067}]}]}
{"op":"mcm","clk":"11986118601","pt":1724918404834,"mc":[{"id":"1.232376319","rc":[{"ltp":1.94,"id":47674067}]}]}
{"op":"mcm","clk":"11986121966","pt":1724918477824,"mc":[{"id":"1.232376319","rc":[{"ltp":1.97,"id":47674067},{"ltp":2.04,"id":72963954}]}]}
{"op":"mcm","clk":"11986123214","pt":1724918501683,"mc":[{"id":"1.232376319","rc":[{"ltp":1.95,"id":47674067}]}]}
{"op":"mcm","clk":"11986130260","pt":1724918660646,"mc":[{"id":"1.232376319","rc":[{"ltp":1.94,"id":47674067},{"ltp":2.06,"id":72963954}]}]}
{"op":"mcm","clk":"11986135784","pt":1724918780418,"mc":[{"id":"1.232376319","rc":[{"ltp":1.93,"id":47674067},{"ltp":2.08,"id":72963954}]}]}
{"op":"mcm","clk":"11986141683","pt":1724918900987,"mc":[{"id":"1.232376319","rc":[{"ltp":1.95,"id":47674067}]}]}
{"op":"mcm","clk":"11986144118","pt":1724918957760,"mc":[{"id":"1.232376319","rc":[{"ltp":1.96,"id":47674067}]}]}
{"op":"mcm","clk":"11986146377","pt":1724919006737,"mc":[{"id":"1.232376319","rc":[{"ltp":1.97,"id":47674067},{"ltp":2.04,"id":72963954}]}]}
{"op":"mcm","clk":"11986149640","pt":1724919078003,"mc":[{"id":"1.232376319","rc":[{"ltp":1.96,"id":47674067}]}]}
{"op":"mcm","clk":"11986166349","pt":1724919197605,"mc":[{"id":"1.232376319","rc":[{"ltp":1.97,"id":47674067}]}]}
{"op":"mcm","clk":"11986171550","pt":1724919311132,"mc":[{"id":"1.232376319","rc":[{"ltp":2.06,"id":72963954}]}]}
{"op":"mcm","clk":"11986174862","pt":1724919374817,"mc":[{"id":"1.232376319","rc":[{"ltp":2.04,"id":72963954}]}]}
{"op":"mcm","clk":"11986193441","pt":1724919717286,"mc":[{"id":"1.232376319","rc":[{"ltp":1.96,"id":47674067}]}]}
{"op":"mcm","clk":"11986201161","pt":1724919854622,"mc":[{"id":"1.232376319","rc":[{"ltp":1.95,"id":47674067}]}]}
{"op":"mcm","clk":"11986211027","pt":1724920030259,"mc":[{"id":"1.232376319","rc":[{"ltp":1.94,"id":47674067},{"ltp":2.06,"id":72963954}]}]}
{"op":"mcm","clk":"11986219702","pt":1724920221245,"mc":[{"id":"1.232376319","rc":[{"ltp":2.04,"id":47674067},{"ltp":1.97,"id":72963954}]}]}
{"op":"mcm","clk":"11986222740","pt":1724920277247,"mc":[{"id":"1.232376319","rc":[{"ltp":2.1,"id":47674067},{"ltp":1.91,"id":72963954}]}]}
{"op":"mcm","clk":"11986225695","pt":1724920339268,"mc":[{"id":"1.232376319","rc":[{"ltp":2.0,"id":47674067},{"ltp":2.0,"id":72963954}]}]}
{"op":"mcm","clk":"11986228494","pt":1724920396733,"mc":[{"id":"1.232376319","rc":[{"ltp":1.99,"id":47674067}]}]}
{"op":"mcm","clk":"11986231246","pt":1724920461274,"mc":[{"id":"1.232376319","rc":[{"ltp":1.96,"id":47674067}]}]}
{"op":"mcm","clk":"11986235679","pt":1724920556224,"mc":[{"id":"1.232376319","rc":[{"ltp":1.95,"id":47674067}]}]}
{"op":"mcm","clk":"11986242101","pt":1724920701282,"mc":[{"id":"1.232376319","rc":[{"ltp":1.97,"id":47674067},{"ltp":2.04,"id":72963954}]}]}
{"op":"mcm","clk":"11986252805","pt":1724920930823,"mc":[{"id":"1.232376319","rc":[{"ltp":1.95,"id":47674067}]}]}
{"op":"mcm","clk":"11986292172","pt":1724921715406,"mc":[{"id":"1.232376319","rc":[{"ltp":1.94,"id":47674067}]}]}
{"op":"mcm","clk":"11986296950","pt":1724921805694,"mc":[{"id":"1.232376319","rc":[{"ltp":2.06,"id":72963954}]}]}
{"op":"mcm","clk":"11986304931","pt":1724921951596,"mc":[{"id":"1.232376319","rc":[{"ltp":1.92,"id":47674067}]}]}
{"op":"mcm","clk":"11986313748","pt":1724922134999,"mc":[{"id":"1.232376319","rc":[{"ltp":1.93,"id":47674067}]}]}
{"op":"mcm","clk":"11986315859","pt":1724922198242,"mc":[{"id":"1.232376319","rc":[{"ltp":1.95,"id":47674067}]}]}
{"op":"mcm","clk":"11986354893","pt":1724923021035,"mc":[{"id":"1.232376319","rc":[{"ltp":1.94,"id":47674067}]}]}
{"op":"mcm","clk":"11986359423","pt":1724923100372,"mc":[{"id":"1.232376319","rc":[{"ltp":1.95,"id":47674067}]}]}
{"op":"mcm","clk":"11986365501","pt":1724923206898,"mc":[{"id":"1.232376319","rc":[{"ltp":2.08,"id":72963954}]}]}
{"op":"mcm","clk":"11986368657","pt":1724923270977,"mc":[{"id":"1.232376319","rc":[{"ltp":2.06,"id":72963954}]}]}
{"op":"mcm","clk":"11986465302","pt":1724924651248,"mc":[{"id":"1.232376319","rc":[{"ltp":1.9,"id":47674067}]}]}
{"op":"mcm","clk":"11986470549","pt":1724924715689,"mc":[{"id":"1.232376319","rc":[{"ltp":1.87,"id":47674067},{"ltp":2.14,"id":72963954}]}]}
{"op":"mcm","clk":"11986479351","pt":1724924823017,"mc":[{"id":"1.232376319","rc":[{"ltp":1.88,"id":47674067}]}]}
{"op":"mcm","clk":"11986497748","pt":1724925021456,"mc":[{"id":"1.232376319","rc":[{"ltp":1.9,"id":47674067},{"ltp":2.12,"id":72963954}]}]}
{"op":"mcm","clk":"11986502835","pt":1724925080794,"mc":[{"id":"1.232376319","rc":[{"ltp":1.94,"id":47674067}]}]}
{"op":"mcm","clk":"11986549306","pt":1724925674492,"mc":[{"id":"1.232376319","rc":[{"ltp":2.08,"id":72963954}]}]}
{"op":"mcm","clk":"11986554093","pt":1724925728064,"mc":[{"id":"1.232376319","rc":[{"ltp":2.06,"id":72963954}]}]}
{"op":"mcm","clk":"11986559833","pt":1724925801371,"mc":[{"id":"1.232376319","rc":[{"ltp":1.93,"id":47674067}]}]}
{"op":"mcm","clk":"11986591762","pt":1724926247714,"mc":[{"id":"1.232376319","rc":[{"ltp":1.92,"id":47674067}]}]}
{"op":"mcm","clk":"11986599029","pt":1724926337629,"mc":[{"id":"1.232376319","rc":[{"ltp":1.91,"id":47674067},{"ltp":2.1,"id":72963954}]}]}
{"op":"mcm","clk":"11986623898","pt":1724926640454,"mc":[{"id":"1.232376319","rc":[{"ltp":1.9,"id":47674067},{"ltp":2.12,"id":72963954}]}]}
{"op":"mcm","clk":"11986729252","pt":1724928021162,"mc":[{"id":"1.232376319","rc":[{"ltp":1.87,"id":47674067},{"ltp":2.14,"id":72963954}]}]}
{"op":"mcm","clk":"11986733505","pt":1724928081406,"mc":[{"id":"1.232376319","rc":[{"ltp":1.84,"id":47674067},{"ltp":2.18,"id":72963954}]}]}
{"op":"mcm","clk":"11986738022","pt":1724928137883,"mc":[{"id":"1.232376319","rc":[{"ltp":1.83,"id":47674067},{"ltp":2.2,"id":72963954}]}]}
{"op":"mcm","clk":"11986807752","pt":1724929035728,"mc":[{"id":"1.232376319","rc":[{"ltp":1.89,"id":47674067}]}]}
{"op":"mcm","clk":"11986831788","pt":1724929338434,"mc":[{"id":"1.232376319","rc":[{"ltp":1.84,"id":47674067},{"ltp":2.18,"id":72963954}]}]}
{"op":"mcm","clk":"11986872654","pt":1724929877786,"mc":[{"id":"1.232376319","rc":[{"ltp":1.86,"id":47674067}]}]}
{"op":"mcm","clk":"11986913990","pt":1724930277696,"mc":[{"id":"1.232376319","rc":[{"ltp":1.85,"id":47674067}]}]}
{"op":"mcm","clk":"11986919251","pt":1724930353157,"mc":[{"id":"1.232376319","rc":[{"ltp":1.86,"id":47674067}]}]}
{"op":"mcm","clk":"11986975392","pt":1724931132282,"mc":[{"id":"1.232376319","rc":[{"ltp":2.16,"id":72963954}]}]}
{"op":"mcm","clk":"11986987746","pt":1724931320243,"mc":[{"id":"1.232376319","rc":[{"ltp":2.18,"id":72963954}]}]}
{"op":"mcm","clk":"11987007243","pt":1724931613135,"mc":[{"id":"1.232376319","rc":[{"ltp":1.85,"id":47674067}]}]}
{"op":"mcm","clk":"11987017322","pt":1724931756717,"mc":[{"id":"1.232376319","rc":[{"ltp":1.84,"id":47674067}]}]}
{"op":"mcm","clk":"11987037508","pt":1724932034942,"mc":[{"id":"1.232376319","rc":[{"ltp":1.86,"id":47674067}]}]}
{"op":"mcm","clk":"11987067939","pt":1724932435747,"mc":[{"id":"1.232376319","rc":[{"ltp":2.16,"id":72963954}]}]}
{"op":"mcm","clk":"11987086627","pt":1724932701536,"mc":[{"id":"1.232376319","rc":[{"ltp":1.84,"id":47674067},{"ltp":2.18,"id":72963954}]}]}
{"op":"mcm","clk":"11987109193","pt":1724932997476,"mc":[{"id":"1.232376319","rc":[{"ltp":1.85,"id":47674067}]}]}
{"op":"mcm","clk":"11987123963","pt":1724933192291,"mc":[{"id":"1.232376319","rc":[{"ltp":2.16,"id":72963954}]}]}
{"op":"mcm","clk":"11987157590","pt":1724933600194,"mc":[{"id":"1.232376319","rc":[{"ltp":1.82,"id":47674067},{"ltp":2.2,"id":72963954}]}]}
{"op":"mcm","clk":"11987162667","pt":1724933661280,"mc":[{"id":"1.232376319","rc":[{"ltp":1.81,"id":47674067},{"ltp":2.22,"id":72963954}]}]}
{"op":"mcm","clk":"11987167733","pt":1724933721343,"mc":[{"id":"1.232376319","rc":[{"ltp":2.24,"id":72963954}]}]}
{"op":"mcm","clk":"11987177900","pt":1724933840865,"mc":[{"id":"1.232376319","rc":[{"ltp":1.82,"id":47674067}]}]}
{"op":"mcm","clk":"11987186607","pt":1724933954589,"mc":[{"id":"1.232376319","rc":[{"ltp":2.2,"id":72963954}]}]}
{"op":"mcm","clk":"11987225571","pt":1724934433391,"mc":[{"id":"1.232376319","rc":[{"ltp":1.81,"id":47674067}]}]}
{"op":"mcm","clk":"11987230805","pt":1724934497643,"mc":[{"id":"1.232376319","rc":[{"ltp":2.24,"id":72963954}]}]}
{"op":"mcm","clk":"11987285413","pt":1724935156036,"mc":[{"id":"1.232376319","rc":[{"ltp":1.8,"id":47674067},{"ltp":2.26,"id":72963954}]}]}
{"op":"mcm","clk":"11987373968","pt":1724936180295,"mc":[{"id":"1.232376319","rc":[{"ltp":2.24,"id":72963954}]}]}
{"op":"mcm","clk":"11987406900","pt":1724936652109,"mc":[{"id":"1.232376319","rc":[{"ltp":1.81,"id":47674067}]}]}
{"op":"mcm","clk":"11987436555","pt":1724937054720,"mc":[{"id":"1.232376319","rc":[{"ltp":1.8,"id":47674067}]}]}
{"op":"mcm","clk":"11987489145","pt":1724937797144,"mc":[{"id":"1.232376319","rc":[{"ltp":1.85,"id":47674067},{"ltp":2.18,"id":72963954}]}]}
{"op":"mcm","clk":"11987499021","pt":1724937947450,"mc":[{"id":"1.232376319","rc":[{"ltp":1.84,"id":47674067}]}]}
{"op":"mcm","clk":"11987512171","pt":1724938154702,"mc":[{"id":"1.232376319","rc":[{"ltp":2.16,"id":72963954}]}]}
{"op":"mcm","clk":"11987551138","pt":1724938684095,"mc":[{"id":"1.232376319","rc":[{"ltp":1.83,"id":47674067},{"ltp":2.2,"id":72963954}]}]}
{"op":"mcm","clk":"11987559047","pt":1724938786897,"mc":[{"id":"1.232376319","rc":[{"ltp":1.82,"id":47674067}]}]}
{"op":"mcm","clk":"11987567496","pt":1724938907431,"mc":[{"id":"1.232376319","rc":[{"ltp":2.22,"id":72963954}]}]}
{"op":"mcm","clk":"11987591559","pt":1724939253922,"mc":[{"id":"1.232376319","rc":[{"ltp":1.83,"id":47674067}]}]}
{"op":"mcm","clk":"11987608527","pt":1724939485341,"mc":[{"id":"1.232376319","rc":[{"ltp":1.81,"id":47674067}]}]}
{"op":"mcm","clk":"11987685000","pt":1724940467217,"mc":[{"id":"1.232376319","rc":[{"ltp":1.83,"id":47674067}]}]}
{"op":"mcm","clk":"11987724587","pt":1724940793249,"mc":[{"id":"1.232376319","rc":[{"ltp":1.8,"id":47674067},{"ltp":2.24,"id":72963954}]}]}
{"op":"mcm","clk":"11987794071","pt":1724941815787,"mc":[{"id":"1.232376319","rc":[{"ltp":2.2,"id":72963954}]}]}
{"op":"mcm","clk":"11987798795","pt":1724941878968,"mc":[{"id":"1.232376319","rc":[{"ltp":2.24,"id":72963954}]}]}
{"op":"mcm","clk":"11987817750","pt":1724942121497,"mc":[{"id":"1.232376319","rc":[{"ltp":1.81,"id":47674067}]}]}
{"op":"mcm","clk":"11987822560","pt":1724942180785,"mc":[{"id":"1.232376319","rc":[{"ltp":2.2,"id":72963954}]}]}
{"op":"mcm","clk":"11987859352","pt":1724942650628,"mc":[{"id":"1.232376319","rc":[{"ltp":2.22,"id":72963954}]}]}
{"op":"mcm","clk":"11987862783","pt":1724942695877,"mc":[{"id":"1.232376319","rc":[{"ltp":1.8,"id":47674067},{"ltp":2.2,"id":72963954}]}]}
{"op":"mcm","clk":"11987918231","pt":1724943314943,"mc":[{"id":"1.232376319","rc":[{"ltp":1.79,"id":47674067},{"ltp":2.26,"id":72963954}]}]}
{"op":"mcm","clk":"11987948447","pt":1724943704181,"mc":[{"id":"1.232376319","rc":[{"ltp":1.8,"id":47674067}]}]}
{"op":"mcm","clk":"11987956764","pt":1724943799778,"mc":[{"id":"1.232376319","rc":[{"ltp":1.79,"id":47674067}]}]}
{"op":"mcm","clk":"11987972872","pt":1724943967154,"mc":[{"id":"1.232376319","rc":[{"ltp":1.8,"id":47674067}]}]}
{"op":"mcm","clk":"11988018097","pt":1724944398059,"mc":[{"id":"1.232376319","rc":[{"ltp":2.24,"id":72963954}]}]}
{"op":"mcm","clk":"11988049074","pt":1724944686708,"mc":[{"id":"1.232376319","rc":[{"ltp":1.79,"id":47674067},{"ltp":2.26,"id":72963954}]}]}
{"op":"mcm","clk":"11988157090","pt":1724945657499,"mc":[{"id":"1.232376319","rc":[{"ltp":1.8,"id":47674067}]}]}
{"op":"mcm","clk":"11988163306","pt":1724945718468,"mc":[{"id":"1.232376319","rc":[{"ltp":1.79,"id":47674067}]}]}
{"op":"mcm","clk":"11988167846","pt":1724945766517,"mc":[{"id":"1.232376319","rc":[{"ltp":1.8,"id":47674067}]}]}
{"op":"mcm","clk":"11988260243","pt":1724946459242,"mc":[{"id":"1.232376319","rc":[{"ltp":2.24,"id":72963954}]}]}
{"op":"mcm","clk":"11988271540","pt":1724946560095,"mc":[{"id":"1.232376319","rc":[{"ltp":1.79,"id":47674067},{"ltp":2.26,"id":72963954}]}]}
{"op":"mcm","clk":"11988331013","pt":1724947055589,"mc":[{"id":"1.232376319","rc":[{"ltp":1.8,"id":47674067}]}]}
{"op":"mcm","clk":"11988365396","pt":1724947312358,"mc":[{"id":"1.232376319","rc":[{"ltp":1.79,"id":47674067}]}]}
{"op":"mcm","clk":"11988385019","pt":1724947453691,"mc":[{"id":"1.232376319","rc":[{"ltp":1.8,"id":47674067}]}]}
{"op":"mcm","clk":"11988516341","pt":1724948541512,"mc":[{"id":"1.232376319","rc":[{"ltp":1.79,"id":47674067}]}]}
{"op":"mcm","clk":"11988523276","pt":1724948599254,"mc":[{"id":"1.232376319","rc":[{"ltp":1.71,"id":47674067},{"ltp":2.28,"id":72963954}]}]}
{"op":"mcm","clk":"11988529718","pt":1724948656835,"mc":[{"id":"1.232376319","rc":[{"ltp":1.75,"id":47674067},{"ltp":2.34,"id":72963954}]}]}
{"op":"mcm","clk":"11988536481","pt":1724948719747,"mc":[{"id":"1.232376319","rc":[{"ltp":2.3,"id":72963954}]}]}
{"op":"mcm","clk":"11988548459","pt":1724948826921,"mc":[{"id":"1.232376319","rc":[{"ltp":1.74,"id":47674067}]}]}
{"op":"mcm","clk":"11988577868","pt":1724949067813,"mc":[{"id":"1.232376319","rc":[{"ltp":2.4,"id":72963954}]}]}
{"op":"mcm","clk":"11988589303","pt":1724949162002,"mc":[{"id":"1.232376319","rc":[{"ltp":1.75,"id":47674067}]}]}
{"op":"mcm","clk":"11988607873","pt":1724949312395,"mc":[{"id":"1.232376319","rc":[{"ltp":1.74,"id":47674067},{"ltp":2.36,"id":72963954}]}]}
{"op":"mcm","clk":"11988630818","pt":1724949501310,"mc":[{"id":"1.232376319","rc":[{"ltp":1.75,"id":47674067}]}]}
{"op":"mcm","clk":"11988693377","pt":1724949980431,"mc":[{"id":"1.232376319","rc":[{"ltp":1.74,"id":47674067}]}]}
{"op":"mcm","clk":"11988708956","pt":1724950098964,"mc":[{"id":"1.232376319","rc":[{"ltp":1.73,"id":47674067}]}]}
{"op":"mcm","clk":"11988739605","pt":1724950339966,"mc":[{"id":"1.232376319","rc":[{"ltp":1.74,"id":47674067}]}]}
{"op":"mcm","clk":"11988755981","pt":1724950460841,"mc":[{"id":"1.232376319","rc":[{"ltp":1.73,"id":47674067}]}]}
{"op":"mcm","clk":"11988823190","pt":1724950940691,"mc":[{"id":"1.232376319","rc":[{"ltp":2.38,"id":72963954}]}]}
{"op":"mcm","clk":"11988832403","pt":1724950998156,"mc":[{"id":"1.232376319","rc":[{"ltp":1.72,"id":47674067}]}]}
{"op":"mcm","clk":"11988869130","pt":1724951239785,"mc":[{"id":"1.232376319","rc":[{"ltp":2.36,"id":72963954}]}]}
{"op":"mcm","clk":"11988878390","pt":1724951300831,"mc":[{"id":"1.232376319","rc":[{"ltp":1.71,"id":47674067}]}]}
{"op":"mcm","clk":"11988894197","pt":1724951407210,"mc":[{"id":"1.232376319","rc":[{"ltp":1.72,"id":47674067}]}]}
{"op":"mcm","clk":"11988938708","pt":1724951601410,"mc":[{"id":"1.232376319","rc":[{"ltp":1.71,"id":47674067},{"ltp":2.4,"id":72963954}]}]}
{"op":"mcm","clk":"11988947639","pt":1724951659327,"mc":[{"id":"1.232376319","rc":[{"ltp":1.7,"id":47674067}]}]}
{"op":"mcm","clk":"11988956636","pt":1724951721155,"mc":[{"id":"1.232376319","rc":[{"ltp":1.71,"id":47674067}]}]}
{"op":"mcm","clk":"11988982019","pt":1724951900198,"mc":[{"id":"1.232376319","rc":[{"ltp":1.7,"id":47674067}]}]}
{"op":"mcm","clk":"11988993766","pt":1724951960218,"mc":[{"id":"1.232376319","rc":[{"ltp":1.69,"id":47674067},{"ltp":2.46,"id":72963954}]}]}
{"op":"mcm","clk":"11989004291","pt":1724952016384,"mc":[{"id":"1.232376319","rc":[{"ltp":2.42,"id":72963954}]}]}
{"op":"mcm","clk":"11989031397","pt":1724952201407,"mc":[{"id":"1.232376319","rc":[{"ltp":1.63,"id":47674067},{"ltp":2.44,"id":72963954}]}]}
{"op":"mcm","clk":"11989040273","pt":1724952260331,"mc":[{"id":"1.232376319","rc":[{"ltp":1.68,"id":47674067},{"ltp":2.48,"id":72963954}]}]}
{"op":"mcm","clk":"11989048642","pt":1724952318390,"mc":[{"id":"1.232376319","rc":[{"ltp":1.69,"id":47674067}]}]}
{"op":"mcm","clk":"11989070024","pt":1724952472565,"mc":[{"id":"1.232376319","rc":[{"ltp":2.42,"id":72963954}]}]}
{"op":"mcm","clk":"11989075128","pt":1724952509926,"mc":[{"id":"1.232376319","rc":[{"ltp":1.7,"id":47674067}]}]}
{"op":"mcm","clk":"11989095968","pt":1724952674674,"mc":[{"id":"1.232376319","rc":[{"ltp":1.69,"id":47674067}]}]}
{"op":"mcm","clk":"11989104081","pt":1724952738099,"mc":[{"id":"1.232376319","rc":[{"ltp":1.7,"id":47674067}]}]}
{"op":"mcm","clk":"11989120005","pt":1724952854902,"mc":[{"id":"1.232376319","rc":[{"ltp":1.69,"id":47674067}]}]}
{"op":"mcm","clk":"11989143492","pt":1724953021030,"mc":[{"id":"1.232376319","rc":[{"ltp":1.7,"id":47674067}]}]}
{"op":"mcm","clk":"11989162209","pt":1724953158714,"mc":[{"id":"1.232376319","rc":[{"ltp":1.69,"id":47674067}]}]}
{"op":"mcm","clk":"11989195969","pt":1724953398842,"mc":[{"id":"1.232376319","rc":[{"ltp":1.7,"id":47674067},{"ltp":2.44,"id":72963954}]}]}
{"op":"mcm","clk":"11989203445","pt":1724953451962,"mc":[{"id":"1.232376319","rc":[{"ltp":1.69,"id":47674067}]}]}
{"op":"mcm","clk":"11989228377","pt":1724953632598,"mc":[{"id":"1.232376319","rc":[{"ltp":2.42,"id":72963954}]}]}
{"op":"mcm","clk":"11989255310","pt":1724953821290,"mc":[{"id":"1.232376319","rc":[{"ltp":1.7,"id":47674067}]}]}
{"op":"mcm","clk":"11989263230","pt":1724953878363,"mc":[{"id":"1.232376319","rc":[{"ltp":1.69,"id":47674067}]}]}
{"op":"mcm","clk":"11989266159","pt":1724953899009,"mc":[{"id":"1.232376319","rc":[{"ltp":1.7,"id":47674067}]}]}
{"op":"mcm","clk":"11989280515","pt":1724954000015,"mc":[{"id":"1.232376319","rc":[{"ltp":1.69,"id":47674067},{"ltp":2.44,"id":72963954}]}]}
{"op":"mcm","clk":"11989287778","pt":1724954055684,"mc":[{"id":"1.232376319","rc":[{"ltp":1.7,"id":47674067}]}]}
{"op":"mcm","clk":"11989296031","pt":1724954112219,"mc":[{"id":"1.232376319","rc":[{"ltp":2.46,"id":72963954}]}]}
{"op":"mcm","clk":"11989306370","pt":1724954181261,"mc":[{"id":"1.232376319","rc":[{"ltp":1.68,"id":47674067},{"ltp":2.44,"id":72963954}]}]}
{"op":"mcm","clk":"11989313103","pt":1724954227913,"mc":[{"id":"1.232376319","rc":[{"ltp":1.7,"id":47674067}]}]}
{"op":"mcm","clk":"11989329799","pt":1724954344725,"mc":[{"id":"1.232376319","rc":[{"ltp":2.42,"id":72963954}]}]}
{"op":"mcm","clk":"11989379468","pt":1724954656294,"mc":[{"id":"1.232376319","rc":[{"ltp":1.69,"id":47674067}]}]}
{"op":"mcm","clk":"11989389046","pt":1724954713857,"mc":[{"id":"1.232376319","rc":[{"ltp":1.7,"id":47674067},{"ltp":2.46,"id":72963954}]}]}
{"op":"mcm","clk":"11989410813","pt":1724954841125,"mc":[{"id":"1.232376319","rc":[{"ltp":2.42,"id":72963954}]}]}
{"op":"mcm","clk":"11989421075","pt":1724954900672,"mc":[{"id":"1.232376319","rc":[{"ltp":1.69,"id":47674067},{"ltp":2.44,"id":72963954}]}]}
{"op":"mcm","clk":"11989451505","pt":1724955066102,"mc":[{"id":"1.232376319","rc":[{"ltp":1.71,"id":47674067}]}]}
{"op":"mcm","clk":"11989464939","pt":1724955140981,"mc":[{"id":"1.232376319","rc":[{"ltp":1.7,"id":47674067},{"ltp":2.42,"id":72963954}]}]}
{"op":"mcm","clk":"11989472875","pt":1724955184759,"mc":[{"id":"1.232376319","rc":[{"ltp":1.71,"id":47674067},{"ltp":2.44,"id":72963954}]}]}
{"op":"mcm","clk":"11989486797","pt":1724955260846,"mc":[{"id":"1.232376319","rc":[{"ltp":1.65,"id":47674067}]}]}
{"op":"mcm","clk":"11989498265","pt":1724955321512,"mc":[{"id":"1.232376319","rc":[{"ltp":1.66,"id":47674067},{"ltp":2.52,"id":72963954}]}]}
{"op":"mcm","clk":"11989508386","pt":1724955375727,"mc":[{"id":"1.232376319","rc":[{"ltp":1.69,"id":47674067},{"ltp":2.5,"id":72963954}]}]}
{"op":"mcm","clk":"11989520978","pt":1724955441526,"mc":[{"id":"1.232376319","rc":[{"ltp":1.7,"id":47674067}]}]}
{"op":"mcm","clk":"11989531289","pt":1724955495542,"mc":[{"id":"1.232376319","rc":[{"ltp":1.69,"id":47674067}]}]}
{"op":"mcm","clk":"11989543140","pt":1724955561063,"mc":[{"id":"1.232376319","rc":[{"ltp":1.7,"id":47674067},{"ltp":2.42,"id":72963954}]}]}
{"op":"mcm","clk":"11989553067","pt":1724955615562,"mc":[{"id":"1.232376319","rc":[{"ltp":1.69,"id":47674067}]}]}
{"op":"mcm","clk":"11989576620","pt":1724955738674,"mc":[{"id":"1.232376319","rc":[{"ltp":2.46,"id":72963954}]}]}
{"op":"mcm","clk":"11989600733","pt":1724955861323,"mc":[{"id":"1.232376319","rc":[{"ltp":1.72,"id":47674067},{"ltp":2.38,"id":72963954}]}]}
{"op":"mcm","clk":"11989609866","pt":1724955908792,"mc":[{"id":"1.232376319","rc":[{"ltp":1.73,"id":47674067},{"ltp":2.36,"id":72963954}]}]}
{"op":"mcm","clk":"11989623507","pt":1724955981318,"mc":[{"id":"1.232376319","rc":[{"ltp":1.72,"id":47674067},{"ltp":2.38,"id":72963954}]}]}
{"op":"mcm","clk":"11989630617","pt":1724956020544,"mc":[{"id":"1.232376319","rc":[{"ltp":1.7,"id":47674067},{"ltp":2.42,"id":72963954}]}]}
{"op":"mcm","clk":"11989667488","pt":1724956217694,"mc":[{"id":"1.232376319","rc":[{"ltp":1.69,"id":47674067},{"ltp":2.36,"id":72963954}]}]}
{"op":"mcm","clk":"11989695062","pt":1724956359510,"mc":[{"id":"1.232376319","rc":[{"ltp":1.71,"id":47674067},{"ltp":2.4,"id":72963954}]}]}
{"op":"mcm","clk":"11989723271","pt":1724956516957,"mc":[{"id":"1.232376319","rc":[{"ltp":1.72,"id":47674067},{"ltp":2.36,"id":72963954}]}]}
{"op":"mcm","clk":"11989734602","pt":1724956580774,"mc":[{"id":"1.232376319","rc":[{"ltp":1.73,"id":47674067}]}]}
{"op":"mcm","clk":"11989742917","pt":1724956628301,"mc":[{"id":"1.232376319","rc":[{"ltp":1.72,"id":47674067}]}]}
{"op":"mcm","clk":"11989759182","pt":1724956698607,"mc":[{"id":"1.232376319","rc":[{"ltp":1.74,"id":47674067},{"ltp":2.38,"id":72963954}]}]}
{"op":"mcm","clk":"11989771633","pt":1724956761311,"mc":[{"id":"1.232376319","rc":[{"ltp":1.73,"id":47674067},{"ltp":2.34,"id":72963954}]}]}
{"op":"mcm","clk":"11989782415","pt":1724956820642,"mc":[{"id":"1.232376319","rc":[{"ltp":1.74,"id":47674067}]}]}
{"op":"mcm","clk":"11989792769","pt":1724956879204,"mc":[{"id":"1.232376319","rc":[{"ltp":1.73,"id":47674067},{"ltp":2.36,"id":72963954}]}]}
{"op":"mcm","clk":"11989801768","pt":1724956931370,"mc":[{"id":"1.232376319","rc":[{"ltp":1.72,"id":47674067}]}]}
{"op":"mcm","clk":"11989829021","pt":1724957001450,"mc":[{"id":"1.232376319","rc":[{"ltp":1.7,"id":47674067},{"ltp":2.38,"id":72963954}]}]}
{"op":"mcm","clk":"11989838813","pt":1724957058497,"mc":[{"id":"1.232376319","rc":[{"ltp":1.69,"id":47674067},{"ltp":2.46,"id":72963954}]}]}
{"op":"mcm","clk":"11989849166","pt":1724957119378,"mc":[{"id":"1.232376319","rc":[{"ltp":1.7,"id":47674067},{"ltp":2.48,"id":72963954}]}]}
{"op":"mcm","clk":"11989859453","pt":1724957179583,"mc":[{"id":"1.232376319","rc":[{"ltp":2.42,"id":72963954}]}]}
{"op":"mcm","clk":"11989870110","pt":1724957241061,"mc":[{"id":"1.232376319","rc":[{"ltp":1.58,"id":47674067},{"ltp":2.72,"id":72963954}]}]}
{"op":"mcm","clk":"11989880444","pt":1724957301261,"mc":[{"id":"1.232376319","rc":[{"ltp":1.56,"id":47674067},{"ltp":2.8,"id":72963954}]}]}
{"op":"mcm","clk":"11989890134","pt":1724957361310,"mc":[{"id":"1.232376319","rc":[{"ltp":1.54,"id":47674067},{"ltp":2.84,"id":72963954}]}]}
{"op":"mcm","clk":"11989898919","pt":1724957420588,"mc":[{"id":"1.232376319","rc":[{"ltp":1.52,"id":47674067},{"ltp":2.9,"id":72963954}]}]}
{"op":"mcm","clk":"11989907831","pt":1724957481327,"mc":[{"id":"1.232376319","rc":[{"ltp":1.47,"id":47674067},{"ltp":3.15,"id":72963954}]}]}
{"op":"mcm","clk":"11989916315","pt":1724957541511,"mc":[{"id":"1.232376319","rc":[{"ltp":1.49,"id":47674067},{"ltp":3.0,"id":72963954}]}]}
{"op":"mcm","clk":"11989924558","pt":1724957600123,"mc":[{"id":"1.232376319","rc":[{"ltp":1.5,"id":47674067}]}]}
{"op":"mcm","clk":"11989932525","pt":1724957660997,"mc":[{"id":"1.232376319","rc":[{"ltp":1.49,"id":47674067}]}]}
{"op":"mcm","clk":"11989939627","pt":1724957721381,"mc":[{"id":"1.232376319","rc":[{"ltp":3.05,"id":72963954}]}]}
{"op":"mcm","clk":"11989946303","pt":1724957780683,"mc":[{"id":"1.232376319","rc":[{"ltp":3.0,"id":72963954}]}]}
{"op":"mcm","clk":"11989953027","pt":1724957841469,"mc":[{"id":"1.232376319","rc":[{"ltp":1.47,"id":47674067},{"ltp":3.1,"id":72963954}]}]}
{"op":"mcm","clk":"11989959969","pt":1724957901482,"mc":[{"id":"1.232376319","rc":[{"ltp":3.05,"id":72963954}]}]}
{"op":"mcm","clk":"11989967295","pt":1724957960561,"mc":[{"id":"1.232376319","rc":[{"ltp":3.1,"id":72963954}]}]}
{"op":"mcm","clk":"11989975246","pt":1724958021451,"mc":[{"id":"1.232376319","marketDefinition":{"bspMarket":false,"turnInPlayEnabled":true,"persistenceEnabled":true,"marketBaseRate":5.0,"eventId":"33534254","eventTypeId":"4","numberOfWinners":1,"bettingType":"ODDS","marketType":"MATCH_ODDS","marketTime":"2024-08-29T19:00:00.000Z","suspendTime":"2024-08-29T19:00:00.000Z","bspReconciled":false,"complete":true,"inPlay":true,"crossMatching":true,"runnersVoidable":false,"numberOfActiveRunners":2,"betDelay":5,"status":"OPEN","runners":[{"status":"ACTIVE","sortPriority":1,"id":47674067,"name":"Barbados Royals W"},{"status":"ACTIVE","sortPriority":2,"id":72963954,"name":"Trinidad Knight Riders W"}],"regulators":["MR_INT"],"countryCode":"GB","discountAllowed":true,"timezone":"GMT","openDate":"2024-08-29T19:00:00.000Z","version":6107008681,"name":"Match Odds","eventName":"Barbados Royals W v Trinidad Knight Riders W"},"rc":[{"ltp":1.43,"id":47674067},{"ltp":4.1,"id":72963954}]}]}
{"op":"mcm","clk":"11989983287","pt":1724958081517,"mc":[{"id":"1.232376319","rc":[{"ltp":1.52,"id":47674067},{"ltp":3.0,"id":72963954}]}]}
{"op":"mcm","clk":"11989991030","pt":1724958141472,"mc":[{"id":"1.232376319","rc":[{"ltp":1.5,"id":47674067}]}]}
{"op":"mcm","clk":"11989999437","pt":1724958201328,"mc":[{"id":"1.232376319","rc":[{"ltp":1.6,"id":47674067},{"ltp":2.66,"id":72963954}]}]}
{"op":"mcm","clk":"11990009603","pt":1724958261499,"mc":[{"id":"1.232376319","rc":[{"ltp":1.54,"id":47674067},{"ltp":2.84,"id":72963954}]}]}
{"op":"mcm","clk":"11990019475","pt":1724958321479,"mc":[{"id":"1.232376319","rc":[{"ltp":1.5,"id":47674067},{"ltp":3.0,"id":72963954}]}]}
{"op":"mcm","clk":"11990029029","pt":1724958381429,"mc":[{"id":"1.232376319","rc":[{"ltp":1.47,"id":47674067},{"ltp":3.1,"id":72963954}]}]}
{"op":"mcm","clk":"11990038702","pt":1724958441496,"mc":[{"id":"1.232376319","rc":[{"ltp":1.27,"id":47674067},{"ltp":4.7,"id":72963954}]}]}
{"op":"mcm","clk":"11990057536","pt":1724958561518,"mc":[{"id":"1.232376319","rc":[{"ltp":1.28,"id":47674067},{"ltp":4.5,"id":72963954}]}]}
{"op":"mcm","clk":"11990067200","pt":1724958621534,"mc":[{"id":"1.232376319","rc":[{"ltp":1.31,"id":47674067},{"ltp":4.2,"id":72963954}]}]}
{"op":"mcm","clk":"11990076808","pt":1724958681461,"mc":[{"id":"1.232376319","rc":[{"ltp":1.32,"id":47674067},{"ltp":4.0,"id":72963954}]}]}
{"op":"mcm","clk":"11990086571","pt":1724958741515,"mc":[{"id":"1.232376319","rc":[{"ltp":1.3,"id":47674067},{"ltp":4.3,"id":72963954}]}]}
{"op":"mcm","clk":"11990096348","pt":1724958801469,"mc":[{"id":"1.232376319","rc":[{"ltp":1.29,"id":47674067}]}]}
{"op":"mcm","clk":"11990106267","pt":1724958861480,"mc":[{"id":"1.232376319","rc":[{"ltp":1.15,"id":47674067},{"ltp":7.6,"id":72963954}]}]}
{"op":"mcm","clk":"11990116319","pt":1724958921495,"mc":[{"id":"1.232376319","rc":[{"ltp":8.0,"id":72963954}]}]}
{"op":"mcm","clk":"11990126172","pt":1724958981463,"mc":[{"id":"1.232376319","rc":[{"ltp":1.13,"id":47674067},{"ltp":8.6,"id":72963954}]}]}
{"op":"mcm","clk":"11990136810","pt":1724959041442,"mc":[{"id":"1.232376319","rc":[{"ltp":1.14,"id":47674067},{"ltp":8.0,"id":72963954}]}]}
{"op":"mcm","clk":"11990146978","pt":1724959101527,"mc":[{"id":"1.232376319","rc":[{"ltp":1.13,"id":47674067},{"ltp":8.6,"id":72963954}]}]}
{"op":"mcm","clk":"11990157582","pt":1724959161377,"mc":[{"id":"1.232376319","rc":[{"ltp":1.1,"id":47674067},{"ltp":11.0,"id":72963954}]}]}
{"op":"mcm","clk":"11990178379","pt":1724959281511,"mc":[{"id":"1.232376319","rc":[{"ltp":1.12,"id":47674067},{"ltp":9.2,"id":72963954}]}]}
{"op":"mcm","clk":"11990188767","pt":1724959341469,"mc":[{"id":"1.232376319","rc":[{"ltp":9.8,"id":72963954}]}]}
{"op":"mcm","clk":"11990198561","pt":1724959401520,"mc":[{"id":"1.232376319","rc":[{"ltp":9.2,"id":72963954}]}]}
{"op":"mcm","clk":"11990208564","pt":1724959461394,"mc":[{"id":"1.232376319","rc":[{"ltp":1.13,"id":47674067},{"ltp":9.0,"id":72963954}]}]}
{"op":"mcm","clk":"11990218076","pt":1724959521421,"mc":[{"id":"1.232376319","rc":[{"ltp":8.8,"id":72963954}]}]}
{"op":"mcm","clk":"11990227533","pt":1724959581211,"mc":[{"id":"1.232376319","rc":[{"ltp":1.15,"id":47674067},{"ltp":7.6,"id":72963954}]}]}
{"op":"mcm","clk":"11990237697","pt":1724959641358,"mc":[{"id":"1.232376319","rc":[{"ltp":8.0,"id":72963954}]}]}
{"op":"mcm","clk":"11990267230","pt":1724959821335,"mc":[{"id":"1.232376319","rc":[{"ltp":1.16,"id":47674067},{"ltp":7.2,"id":72963954}]}]}
{"op":"mcm","clk":"11990276872","pt":1724959881493,"mc":[{"id":"1.232376319","rc":[{"ltp":1.15,"id":47674067}]}]}
{"op":"mcm","clk":"11990286413","pt":1724959941373,"mc":[{"id":"1.232376319","rc":[{"ltp":1.16,"id":47674067}]}]}
{"op":"mcm","clk":"11990296352","pt":1724960001433,"mc":[{"id":"1.232376319","rc":[{"ltp":1.15,"id":47674067},{"ltp":7.8,"id":72963954}]}]}
{"op":"mcm","clk":"11990305971","pt":1724960061524,"mc":[{"id":"1.232376319","rc":[{"ltp":7.6,"id":72963954}]}]}
{"op":"mcm","clk":"11990315468","pt":1724960121457,"mc":[{"id":"1.232376319","rc":[{"ltp":1.16,"id":47674067},{"ltp":7.2,"id":72963954}]}]}
{"op":"mcm","clk":"11990334132","pt":1724960241510,"mc":[{"id":"1.232376319","rc":[{"ltp":1.15,"id":47674067}]}]}
{"op":"mcm","clk":"11990343429","pt":1724960301472,"mc":[{"id":"1.232376319","rc":[{"ltp":1.18,"id":47674067},{"ltp":6.4,"id":72963954}]}]}
{"op":"mcm","clk":"11990361810","pt":1724960421446,"mc":[{"id":"1.232376319","rc":[{"ltp":1.2,"id":47674067},{"ltp":6.2,"id":72963954}]}]}
{"op":"mcm","clk":"11990370984","pt":1724960481432,"mc":[{"id":"1.232376319","rc":[{"ltp":1.19,"id":47674067}]}]}
{"op":"mcm","clk":"11990379454","pt":1724960541238,"mc":[{"id":"1.232376319","rc":[{"ltp":1.18,"id":47674067},{"ltp":6.4,"id":72963954}]}]}
{"op":"mcm","clk":"11990405726","pt":1724960721444,"mc":[{"id":"1.232376319","rc":[{"ltp":1.19,"id":47674067},{"ltp":6.6,"id":72963954}]}]}
{"op":"mcm","clk":"11990414631","pt":1724960781432,"mc":[{"id":"1.232376319","rc":[{"ltp":1.17,"id":47674067},{"ltp":6.8,"id":72963954}]}]}
{"op":"mcm","clk":"11990438417","pt":1724960961326,"mc":[{"id":"1.232376319","rc":[{"ltp":1.18,"id":47674067},{"ltp":6.2,"id":72963954}]}]}
{"op":"mcm","clk":"11990445795","pt":1724961021379,"mc":[{"id":"1.232376319","rc":[{"ltp":1.19,"id":47674067}]}]}
{"op":"mcm","clk":"11990452958","pt":1724961081406,"mc":[{"id":"1.232376319","rc":[{"ltp":1.18,"id":47674067}]}]}
{"op":"mcm","clk":"11990460159","pt":1724961141502,"mc":[{"id":"1.232376319","rc":[{"ltp":1.14,"id":47674067},{"ltp":8.2,"id":72963954}]}]}
{"op":"mcm","clk":"11990467388","pt":1724961201448,"mc":[{"id":"1.232376319","rc":[{"ltp":1.15,"id":47674067},{"ltp":7.6,"id":72963954}]}]}
{"op":"mcm","clk":"11990474310","pt":1724961261514,"mc":[{"id":"1.232376319","rc":[{"ltp":1.17,"id":47674067},{"ltp":6.8,"id":72963954}]}]}
{"op":"mcm","clk":"11990480895","pt":1724961321482,"mc":[{"id":"1.232376319","rc":[{"ltp":6.6,"id":72963954}]}]}
{"op":"mcm","clk":"11990487399","pt":1724961381443,"mc":[{"id":"1.232376319","rc":[{"ltp":6.8,"id":72963954}]}]}
{"op":"mcm","clk":"11990493665","pt":1724961440533,"mc":[{"id":"1.232376319","rc":[{"ltp":1.15,"id":47674067},{"ltp":7.6,"id":72963954}]}]}
{"op":"mcm","clk":"11990500034","pt":1724961501508,"mc":[{"id":"1.232376319","rc":[{"ltp":1.17,"id":47674067},{"ltp":6.8,"id":72963954}]}]}
{"op":"mcm","clk":"11990517938","pt":1724961681185,"mc":[{"id":"1.232376319","rc":[{"ltp":1.18,"id":47674067},{"ltp":6.6,"id":72963954}]}]}
{"op":"mcm","clk":"11990523951","pt":1724961741222,"mc":[{"id":"1.232376319","rc":[{"ltp":1.16,"id":47674067},{"ltp":7.2,"id":72963954}]}]}
{"op":"mcm","clk":"11990529371","pt":1724961801453,"mc":[{"id":"1.232376319","rc":[{"ltp":1.12,"id":47674067},{"ltp":9.2,"id":72963954}]}]}
{"op":"mcm","clk":"11990535083","pt":1724961861528,"mc":[{"id":"1.232376319","rc":[{"ltp":9.4,"id":72963954}]}]}
{"op":"mcm","clk":"11990540557","pt":1724961921497,"mc":[{"id":"1.232376319","rc":[{"ltp":1.08,"id":47674067},{"ltp":14.0,"id":72963954}]}]}
{"op":"mcm","clk":"11990546375","pt":1724961981253,"mc":[{"id":"1.232376319","rc":[{"ltp":12.0,"id":72963954}]}]}
{"op":"mcm","clk":"11990552913","pt":1724962041453,"mc":[{"id":"1.232376319","rc":[{"ltp":1.09,"id":47674067},{"ltp":12.5,"id":72963954}]}]}
{"op":"mcm","clk":"11990558479","pt":1724962101533,"mc":[{"id":"1.232376319","rc":[{"ltp":12.0,"id":72963954}]}]}
{"op":"mcm","clk":"11990563819","pt":1724962161448,"mc":[{"id":"1.232376319","rc":[{"ltp":1.1,"id":47674067},{"ltp":11.0,"id":72963954}]}]}
{"op":"mcm","clk":"11990575431","pt":1724962281492,"mc":[{"id":"1.232376319","rc":[{"ltp":1.09,"id":47674067},{"ltp":12.0,"id":72963954}]}]}
{"op":"mcm","clk":"11990608539","pt":1724962461234,"mc":[{"id":"1.232376319","rc":[{"ltp":1.06,"id":47674067},{"ltp":17.5,"id":72963954}]}]}
{"op":"mcm","clk":"11990614651","pt":1724962521372,"mc":[{"id":"1.232376319","rc":[{"ltp":18.5,"id":72963954}]}]}
{"op":"mcm","clk":"11990620231","pt":1724962581396,"mc":[{"id":"1.232376319","rc":[{"ltp":1.05,"id":47674067}]}]}
{"op":"mcm","clk":"11990625518","pt":1724962641163,"mc":[{"id":"1.232376319","rc":[{"ltp":1.07,"id":47674067},{"ltp":15.0,"id":72963954}]}]}
{"op":"mcm","clk":"11990630477","pt":1724962700935,"mc":[{"id":"1.232376319","rc":[{"ltp":1.06,"id":47674067},{"ltp":16.0,"id":72963954}]}]}
{"op":"mcm","clk":"11990635330","pt":1724962761485,"mc":[{"id":"1.232376319","rc":[{"ltp":22.0,"id":72963954}]}]}
{"op":"mcm","clk":"11990640032","pt":1724962821363,"mc":[{"id":"1.232376319","rc":[{"ltp":18.5,"id":72963954}]}]}
{"op":"mcm","clk":"11990644778","pt":1724962881534,"mc":[{"id":"1.232376319","rc":[{"ltp":1.05,"id":47674067},{"ltp":23.0,"id":72963954}]}]}
{"op":"mcm","clk":"11990649485","pt":1724962941308,"mc":[{"id":"1.232376319","rc":[{"ltp":21.0,"id":72963954}]}]}
{"op":"mcm","clk":"11990654371","pt":1724963001363,"mc":[{"id":"1.232376319","rc":[{"ltp":1.04,"id":47674067},{"ltp":26.0,"id":72963954}]}]}
{"op":"mcm","clk":"11990659447","pt":1724963061440,"mc":[{"id":"1.232376319","rc":[{"ltp":29.0,"id":72963954}]}]}
{"op":"mcm","clk":"11990664400","pt":1724963121527,"mc":[{"id":"1.232376319","rc":[{"ltp":28.0,"id":72963954}]}]}
{"op":"mcm","clk":"11990673403","pt":1724963241257,"mc":[{"id":"1.232376319","rc":[{"ltp":1.05,"id":47674067},{"ltp":24.0,"id":72963954}]}]}
{"op":"mcm","clk":"11990678026","pt":1724963301183,"mc":[{"id":"1.232376319","rc":[{"ltp":21.0,"id":72963954}]}]}
{"op":"mcm","clk":"11990682020","pt":1724963361375,"mc":[{"id":"1.232376319","rc":[{"ltp":1.04,"id":47674067},{"ltp":22.0,"id":72963954}]}]}
{"op":"mcm","clk":"11990686636","pt":1724963421484,"mc":[{"id":"1.232376319","rc":[{"ltp":1.05,"id":47674067},{"ltp":21.0,"id":72963954}]}]}
{"op":"mcm","clk":"11990695659","pt":1724963540928,"mc":[{"id":"1.232376319","rc":[{"ltp":17.5,"id":72963954}]}]}
{"op":"mcm","clk":"11990700306","pt":1724963600281,"mc":[{"id":"1.232376319","rc":[{"ltp":1.06,"id":47674067},{"ltp":22.0,"id":72963954}]}]}
{"op":"mcm","clk":"11990705062","pt":1724963661318,"mc":[{"id":"1.232376319","rc":[{"ltp":1.05,"id":47674067},{"ltp":21.0,"id":72963954}]}]}
{"op":"mcm","clk":"11990718536","pt":1724963841097,"mc":[{"id":"1.232376319","rc":[{"ltp":23.0,"id":72963954}]}]}
{"op":"mcm","clk":"11990723015","pt":1724963901452,"mc":[{"id":"1.232376319","rc":[{"ltp":21.0,"id":72963954}]}]}
{"op":"mcm","clk":"11990731896","pt":1724964021457,"mc":[{"id":"1.232376319","rc":[{"ltp":20.0,"id":72963954}]}]}
{"op":"mcm","clk":"11990736080","pt":1724964081515,"mc":[{"id":"1.232376319","rc":[{"ltp":1.06,"id":47674067},{"ltp":17.0,"id":72963954}]}]}
{"op":"mcm","clk":"11990740348","pt":1724964141500,"mc":[{"id":"1.232376319","rc":[{"ltp":1.07,"id":47674067},{"ltp":17.5,"id":72963954}]}]}
{"op":"mcm","clk":"11990744406","pt":1724964201031,"mc":[{"id":"1.232376319","rc":[{"ltp":17.0,"id":72963954}]}]}
{"op":"mcm","clk":"11990752120","pt":1724964321480,"mc":[{"id":"1.232376319","rc":[{"ltp":17.5,"id":72963954}]}]}
{"op":"mcm","clk":"11990756182","pt":1724964380818,"mc":[{"id":"1.232376319","rc":[{"ltp":17.0,"id":72963954}]}]}
{"op":"mcm","clk":"11990762752","pt":1724964501243,"mc":[{"id":"1.232376319","rc":[{"ltp":1.06,"id":47674067},{"ltp":17.5,"id":72963954}]}]}
{"op":"mcm","clk":"11990769156","pt":1724964617894,"mc":[{"id":"1.232376319","rc":[{"ltp":1.07,"id":47674067}]}]}
{"op":"mcm","clk":"11990772696","pt":1724964681224,"mc":[{"id":"1.232376319","rc":[{"ltp":17.0,"id":72963954}]}]}
{"op":"mcm","clk":"11990776099","pt":1724964740830,"mc":[{"id":"1.232376319","rc":[{"ltp":16.5,"id":72963954}]}]}
{"op":"mcm","clk":"11990779140","pt":1724964801207,"mc":[{"id":"1.232376319","rc":[{"ltp":13.5,"id":72963954}]}]}
{"op":"mcm","clk":"11990782122","pt":1724964860300,"mc":[{"id":"1.232376319","rc":[{"ltp":15.0,"id":72963954}]}]}
{"op":"mcm","clk":"11990784928","pt":1724964921382,"mc":[{"id":"1.232376319","rc":[{"ltp":1.06,"id":47674067},{"ltp":17.5,"id":72963954}]}]}
{"op":"mcm","clk":"11990787733","pt":1724964981423,"mc":[{"id":"1.232376319","rc":[{"ltp":15.5,"id":72963954}]}]}
{"op":"mcm","clk":"11990790692","pt":1724965041412,"mc":[{"id":"1.232376319","rc":[{"ltp":1.05,"id":47674067},{"ltp":17.5,"id":72963954}]}]}
{"op":"mcm","clk":"11990793750","pt":1724965101471,"mc":[{"id":"1.232376319","rc":[{"ltp":24.0,"id":72963954}]}]}
{"op":"mcm","clk":"11990796511","pt":1724965161030,"mc":[{"id":"1.232376319","rc":[{"ltp":23.0,"id":72963954}]}]}
{"op":"mcm","clk":"11990799429","pt":1724965221367,"mc":[{"id":"1.232376319","rc":[{"ltp":1.04,"id":47674067}]}]}
{"op":"mcm","clk":"11990802658","pt":1724965281435,"mc":[{"id":"1.232376319","rc":[{"ltp":26.0,"id":72963954}]}]}
{"op":"mcm","clk":"11990805785","pt":1724965341372,"mc":[{"id":"1.232376319","rc":[{"ltp":22.0,"id":72963954}]}]}
{"op":"mcm","clk":"11990811481","pt":1724965461396,"mc":[{"id":"1.232376319","rc":[{"ltp":1.05,"id":47674067},{"ltp":24.0,"id":72963954}]}]}
{"op":"mcm","clk":"11990813683","pt":1724965521535,"mc":[{"id":"1.232376319","rc":[{"ltp":22.0,"id":72963954}]}]}
{"op":"mcm","clk":"11990816428","pt":1724965581308,"mc":[{"id":"1.232376319","rc":[{"ltp":21.0,"id":72963954}]}]}
{"op":"mcm","clk":"11990818923","pt":1724965638066,"mc":[{"id":"1.232376319","rc":[{"ltp":1.04,"id":47674067}]}]}
{"op":"mcm","clk":"11990821512","pt":1724965701067,"mc":[{"id":"1.232376319","rc":[{"ltp":26.0,"id":72963954}]}]}
{"op":"mcm","clk":"11990824156","pt":1724965761340,"mc":[{"id":"1.232376319","rc":[{"ltp":1.02,"id":47674067},{"ltp":50.0,"id":72963954}]}]}
{"op":"mcm","clk":"11990826931","pt":1724965821317,"mc":[{"id":"1.232376319","rc":[{"ltp":65.0,"id":72963954}]}]}
{"op":"mcm","clk":"11990829855","pt":1724965881379,"mc":[{"id":"1.232376319","rc":[{"ltp":80.0,"id":72963954}]}]}
{"op":"mcm","clk":"11990832388","pt":1724965940559,"mc":[{"id":"1.232376319","rc":[{"ltp":1.01,"id":47674067},{"ltp":90.0,"id":72963954}]}]}
{"op":"mcm","clk":"11990838673","pt":1724966061493,"mc":[{"id":"1.232376319","rc":[{"ltp":130.0,"id":72963954}]}]}
{"op":"mcm","clk":"11990841870","pt":1724966121498,"mc":[{"id":"1.232376319","rc":[{"ltp":150.0,"id":72963954}]}]}
{"op":"mcm","clk":"11990844890","pt":1724966181230,"mc":[{"id":"1.232376319","rc":[{"ltp":180.0,"id":72963954}]}]}
{"op":"mcm","clk":"11990847359","pt":1724966238539,"mc":[{"id":"1.232376319","rc":[{"ltp":200.0,"id":72963954}]}]}
{"op":"mcm","clk":"11990850128","pt":1724966301409,"mc":[{"id":"1.232376319","rc":[{"ltp":120.0,"id":72963954}]}]}
{"op":"mcm","clk":"11990852773","pt":1724966360127,"mc":[{"id":"1.232376319","rc":[{"ltp":210.0,"id":72963954}]}]}
{"op":"mcm","clk":"11990855503","pt":1724966421515,"mc":[{"id":"1.232376319","rc":[{"ltp":200.0,"id":72963954}]}]}
{"op":"mcm","clk":"11990860284","pt":1724966541173,"mc":[{"id":"1.232376319","rc":[{"ltp":150.0,"id":72963954}]}]}
{"op":"mcm","clk":"11990862912","pt":1724966599082,"mc":[{"id":"1.232376319","rc":[{"ltp":110.0,"id":72963954}]}]}
{"op":"mcm","clk":"11990865422","pt":1724966661136,"mc":[{"id":"1.232376319","rc":[{"ltp":150.0,"id":72963954}]}]}
{"op":"mcm","clk":"11990870689","pt":1724966781089,"mc":[{"id":"1.232376319","rc":[{"ltp":130.0,"id":72963954}]}]}
{"op":"mcm","clk":"11990873082","pt":1724966837277,"mc":[{"id":"1.232376319","rc":[{"ltp":180.0,"id":72963954}]}]}
{"op":"mcm","clk":"11990876226","pt":1724966900557,"mc":[{"id":"1.232376319","rc":[{"ltp":120.0,"id":72963954}]}]}
{"op":"mcm","clk":"11990879436","pt":1724966960656,"mc":[{"id":"1.232376319","rc":[{"ltp":180.0,"id":72963954}]}]}
{"op":"mcm","clk":"11990886271","pt":1724967080464,"mc":[{"id":"1.232376319","rc":[{"ltp":120.0,"id":72963954}]}]}
{"op":"mcm","clk":"11990889760","pt":1724967136271,"mc":[{"id":"1.232376319","rc":[{"ltp":190.0,"id":72963954}]}]}
{"op":"mcm","clk":"11990893869","pt":1724967201435,"mc":[{"id":"1.232376319","rc":[{"ltp":120.0,"id":72963954}]}]}
{"op":"mcm","clk":"11990897490","pt":1724967261403,"mc":[{"id":"1.232376319","rc":[{"ltp":160.0,"id":72963954}]}]}
{"op":"mcm","clk":"11990900973","pt":1724967320753,"mc":[{"id":"1.232376319","rc":[{"ltp":220.0,"id":72963954}]}]}
{"op":"mcm","clk":"11990904333","pt":1724967381116,"mc":[{"id":"1.232376319","rc":[{"ltp":300.0,"id":72963954}]}]}
{"op":"mcm","clk":"11990907305","pt":1724967440299,"mc":[{"id":"1.232376319","rc":[{"ltp":150.0,"id":72963954}]}]}
{"op":"mcm","clk":"11990910401","pt":1724967500759,"mc":[{"id":"1.232376319","rc":[{"ltp":170.0,"id":72963954}]}]}
{"op":"mcm","clk":"11990913256","pt":1724967552511,"mc":[{"id":"1.232376319","rc":[{"ltp":140.0,"id":72963954}]}]}
{"op":"mcm","clk":"11990917071","pt":1724967619192,"mc":[{"id":"1.232376319","rc":[{"ltp":160.0,"id":72963954}]}]}
{"op":"mcm","clk":"11990920482","pt":1724967679836,"mc":[{"id":"1.232376319","rc":[{"ltp":200.0,"id":72963954}]}]}
{"op":"mcm","clk":"11990923228","pt":1724967736635,"mc":[{"id":"1.232376319","rc":[{"ltp":110.0,"id":72963954}]}]}
{"op":"mcm","clk":"11990941617","pt":1724967800080,"mc":[{"id":"1.232376319","rc":[{"ltp":130.0,"id":72963954}]}]}
{"op":"mcm","clk":"11990944493","pt":1724967856832,"mc":[{"id":"1.232376319","rc":[{"ltp":200.0,"id":72963954}]}]}
{"op":"mcm","clk":"11990947585","pt":1724967921113,"mc":[{"id":"1.232376319","rc":[{"ltp":210.0,"id":72963954}]}]}
{"op":"mcm","clk":"11990950470","pt":1724967977587,"mc":[{"id":"1.232376319","rc":[{"ltp":300.0,"id":72963954}]}]}
{"op":"mcm","clk":"11990953757","pt":1724968039446,"mc":[{"id":"1.232376319","rc":[{"ltp":180.0,"id":72963954}]}]}
{"op":"mcm","clk":"11990957001","pt":1724968100586,"mc":[{"id":"1.232376319","rc":[{"ltp":120.0,"id":72963954}]}]}
{"op":"mcm","clk":"11990960041","pt":1724968161437,"mc":[{"id":"1.232376319","rc":[{"ltp":300.0,"id":72963954}]}]}
{"op":"mcm","clk":"11990962975","pt":1724968219751,"mc":[{"id":"1.232376319","rc":[{"ltp":940.0,"id":72963954}]}]}
{"op":"mcm","clk":"11990965889","pt":1724968276735,"mc":[{"id":"1.232376319","rc":[{"ltp":320.0,"id":72963954}]}]}
{"op":"mcm","clk":"11990971989","pt":1724968399440,"mc":[{"id":"1.232376319","rc":[{"ltp":1000.0,"id":72963954}]}]}
{"op":"mcm","clk":"11990995902","pt":1724968817727,"mc":[{"id":"1.232376319","rc":[{"ltp":350.0,"id":72963954}]}]}
{"op":"mcm","clk":"11991000168","pt":1724968881508,"mc":[{"id":"1.232376319","rc":[{"ltp":320.0,"id":72963954}]}]}
{"op":"mcm","clk":"11991003617","pt":1724968937787,"mc":[{"id":"1.232376319","rc":[{"ltp":190.0,"id":72963954}]}]}
{"op":"mcm","clk":"11991007518","pt":1724969001378,"mc":[{"id":"1.232376319","rc":[{"ltp":220.0,"id":72963954}]}]}
{"op":"mcm","clk":"11991010899","pt":1724969060434,"mc":[{"id":"1.232376319","rc":[{"ltp":150.0,"id":72963954}]}]}
{"op":"mcm","clk":"11991015096","pt":1724969121528,"mc":[{"id":"1.232376319","rc":[{"ltp":140.0,"id":72963954}]}]}
{"op":"mcm","clk":"11991018790","pt":1724969177159,"mc":[{"id":"1.232376319","rc":[{"ltp":110.0,"id":72963954}]}]}
{"op":"mcm","clk":"11991022767","pt":1724969239317,"mc":[{"id":"1.232376319","rc":[{"ltp":120.0,"id":72963954}]}]}
{"op":"mcm","clk":"11991026318","pt":1724969300817,"mc":[{"id":"1.232376319","rc":[{"ltp":200.0,"id":72963954}]}]}
{"op":"mcm","clk":"11991029863","pt":1724969360973,"mc":[{"id":"1.232376319","rc":[{"ltp":220.0,"id":72963954}]}]}
{"op":"mcm","clk":"11991033203","pt":1724969420103,"mc":[{"id":"1.232376319","rc":[{"ltp":400.0,"id":72963954}]}]}
{"op":"mcm","clk":"11991036514","pt":1724969480595,"mc":[{"id":"1.232376319","rc":[{"ltp":330.0,"id":72963954}]}]}
{"op":"mcm","clk":"11991040204","pt":1724969541449,"mc":[{"id":"1.232376319","rc":[{"ltp":1000.0,"id":72963954}]}]}
{"op":"mcm","clk":"11991046133","pt":1724969646961,"mc":[{"id":"1.232376319","marketDefinition":{"bspMarket":false,"turnInPlayEnabled":true,"persistenceEnabled":true,"marketBaseRate":5.0,"eventId":"33534254","eventTypeId":"4","numberOfWinners":1,"bettingType":"ODDS","marketType":"MATCH_ODDS","marketTime":"2024-08-29T19:00:00.000Z","suspendTime":"2024-08-29T19:00:00.000Z","bspReconciled":false,"complete":true,"inPlay":true,"crossMatching":true,"runnersVoidable":false,"numberOfActiveRunners":2,"betDelay":5,"status":"SUSPENDED","runners":[{"status":"ACTIVE","sortPriority":1,"id":47674067,"name":"Barbados Royals W"},{"status":"ACTIVE","sortPriority":2,"id":72963954,"name":"Trinidad Knight Riders W"}],"regulators":["MR_INT"],"countryCode":"GB","discountAllowed":true,"timezone":"GMT","openDate":"2024-08-29T19:00:00.000Z","version":6107230402,"name":"Match Odds","eventName":"Barbados Royals W v Trinidad Knight Riders W"}}]}
{"op":"mcm","clk":"11991058839","pt":1724969885889,"mc":[{"id":"1.232376319","marketDefinition":{"bspMarket":false,"turnInPlayEnabled":true,"persistenceEnabled":true,"marketBaseRate":5.0,"eventId":"33534254","eventTypeId":"4","numberOfWinners":1,"bettingType":"ODDS","marketType":"MATCH_ODDS","marketTime":"2024-08-29T19:00:00.000Z","suspendTime":"2024-08-29T19:00:00.000Z","bspReconciled":false,"complete":true,"inPlay":true,"crossMatching":false,"runnersVoidable":false,"numberOfActiveRunners":0,"betDelay":5,"status":"CLOSED","settledTime":"2024-08-29T22:16:59.000Z","runners":[{"status":"WINNER","sortPriority":1,"id":47674067,"name":"Barbados Royals W"},{"status":"LOSER","sortPriority":2,"id":72963954,"name":"Trinidad Knight Riders W"}],"regulators":["MR_INT"],"countryCode":"GB","discountAllowed":true,"timezone":"GMT","openDate":"2024-08-29T19:00:00.000Z","version":6107232901,"name":"Match Odds","eventName":"Barbados Royals W v Trinidad Knight Riders W"}}]}
