{"op":"mcm","clk":"11802156205","pt":1722682620880,"mc":[{"id":"1.231400711","marketDefinition":{"bspMarket":false,"turnInPlayEnabled":true,"persistenceEnabled":true,"marketBaseRate":5.0,"eventId":"33465209","eventTypeId":"4","numberOfWinners":1,"bettingType":"ODDS","marketType":"MATCH_ODDS","marketTime":"2024-08-06T14:00:00.000Z","suspendTime":"2024-08-06T14:00:00.000Z","bspReconciled":false,"complete":true,"inPlay":false,"crossMatching":true,"runnersVoidable":false,"numberOfActiveRunners":2,"betDelay":0,"status":"OPEN","runners":[{"status":"ACTIVE","sortPriority":1,"id":40296819,"name":"Birmingham Phoenix W"},{"status":"ACTIVE","sortPriority":2,"id":40380900,"name":"Northern Superchargers W"}],"regulators":["MR_INT"],"countryCode":"GB","discountAllowed":true,"timezone":"GMT","openDate":"2024-08-06T14:00:00.000Z","version":6053065170,"name":"Match Odds","eventName":"Birmingham Phoenix W v Northern Superchargers W"}}]}
{"op":"mcm","clk":"11808414143","pt":1722714291516,"mc":[{"id":"1.231400711","rc":[{"ltp":1.3,"id":40296819}]}]}
{"op":"mcm","clk":"11820509895","pt":1722886976725,"mc":[{"id":"1.231400711","rc":[{"ltp":2.14,"id":40296819}]}]}
{"op":"mcm","clk":"11820852729","pt":1722894367466,"mc":[{"id":"1.231400711","rc":[{"ltp":1.8,"id":40380900}]}]}
{"op":"mcm","clk":"11821198126","pt":1722904138045,"mc":[{"id":"1.231400711","rc":[{"ltp":1.78,"id":40380900},{"ltp":2.28,"id":40296819}]}]}
{"op":"mcm","clk":"11821647771","pt":1722914638392,"mc":[{"id":"1.231400711","rc":[{"ltp":1.79,"id":40380900}]}]}
{"op":"mcm","clk":"11821650371","pt":1722914818067,"mc":[{"id":"1.231400711","rc":[{"ltp":1.8,"id":40380900}]}]}
{"op":"mcm","clk":"11821662317","pt":1722915476249,"mc":[{"id":"1.231400711","rc":[{"ltp":1.79,"id":40380900}]}]}
{"op":"mcm","clk":"11821666623","pt":1722915655861,"mc":[{"id":"1.231400711","rc":[{"ltp":1.8,"id":40380900},{"ltp":2.26,"id":40296819}]}]}
{"op":"mcm","clk":"11821705992","pt":1722917218642,"mc":[{"id":"1.231400711","rc":[{"ltp":1.79,"id":40380900}]}]}
{"op":"mcm","clk":"11821723992","pt":1722918057669,"mc":[{"id":"1.231400711","rc":[{"ltp":1.8,"id":40380900}]}]}
{"op":"mcm","clk":"11821782407","pt":1722920433059,"mc":[{"id":"1.231400711","rc":[{"ltp":1.81,"id":40380900}]}]}
{"op":"mcm","clk":"11821785653","pt":1722920549380,"mc":[{"id":"1.231400711","rc":[{"ltp":1.78,"id":40380900}]}]}
{"op":"mcm","clk":"11821801895","pt":1722921151043,"mc":[{"id":"1.231400711","rc":[{"ltp":1.79,"id":40380900}]}]}
{"op":"mcm","clk":"11821874737","pt":1722923745582,"mc":[{"id":"1.231400711","rc":[{"ltp":1.78,"id":40380900}]}]}
{"op":"mcm","clk":"11821879480","pt":1722923927216,"mc":[{"id":"1.231400711","rc":[{"ltp":1.8,"id":40380900}]}]}
{"op":"mcm","clk":"11821885854","pt":1722924171057,"mc":[{"id":"1.231400711","rc":[{"ltp":1.79,"id":40380900}]}]}
{"op":"mcm","clk":"11821891399","pt":1722924353686,"mc":[{"id":"1.231400711","rc":[{"ltp":1.8,"id":40380900}]}]}
{"op":"mcm","clk":"11821893269","pt":1722924411671,"mc":[{"id":"1.231400711","rc":[{"ltp":2.24,"id":40296819}]}]}
{"op":"mcm","clk":"11821950589","pt":1722926393261,"mc":[{"id":"1.231400711","rc":[{"ltp":1.77,"id":40380900},{"ltp":2.28,"id":40296819}]}]}
{"op":"mcm","clk":"11821955115","pt":1722926510049,"mc":[{"id":"1.231400711","rc":[{"ltp":1.79,"id":40380900}]}]}
{"op":"mcm","clk":"11821977253","pt":1722926936426,"mc":[{"id":"1.231400711","rc":[{"ltp":1.78,"id":40380900}]}]}
{"op":"mcm","clk":"11821981220","pt":1722927056129,"mc":[{"id":"1.231400711","rc":[{"ltp":1.79,"id":40380900}]}]}
{"op":"mcm","clk":"11821991703","pt":1722927343207,"mc":[{"id":"1.231400711","rc":[{"ltp":1.78,"id":40380900}]}]}
{"op":"mcm","clk":"11822017547","pt":1722928018085,"mc":[{"id":"1.231400711","rc":[{"ltp":1.79,"id":40380900}]}]}
{"op":"mcm","clk":"11822063727","pt":1722929006526,"mc":[{"id":"1.231400711","rc":[{"ltp":2.26,"id":40296819}]}]}
{"op":"mcm","clk":"11822117057","pt":1722930162422,"mc":[{"id":"1.231400711","rc":[{"ltp":1.78,"id":40380900}]}]}
{"op":"mcm","clk":"11822147277","pt":1722930822667,"mc":[{"id":"1.231400711","rc":[{"ltp":1.79,"id":40380900}]}]}
{"op":"mcm","clk":"11822175631","pt":1722931463933,"mc":[{"id":"1.231400711","rc":[{"ltp":1.78,"id":40380900}]}]}
{"op":"mcm","clk":"11822236685","pt":1722932540378,"mc":[{"id":"1.231400711","rc":[{"ltp":1.79,"id":40380900}]}]}
{"op":"mcm","clk":"11822384100","pt":1722935487244,"mc":[{"id":"1.231400711","rc":[{"ltp":1.78,"id":40380900}]}]}
{"op":"mcm","clk":"11822483042","pt":1722937180032,"mc":[{"id":"1.231400711","rc":[{"ltp":1.79,"id":40380900},{"ltp":2.28,"id":40296819}]}]}
{"op":"mcm","clk":"11822490774","pt":1722937299073,"mc":[{"id":"1.231400711","rc":[{"ltp":1.78,"id":40380900},{"ltp":2.26,"id":40296819}]}]}
{"op":"mcm","clk":"11822548685","pt":1722938095626,"mc":[{"id":"1.231400711","rc":[{"ltp":1.79,"id":40380900}]}]}
{"op":"mcm","clk":"11822654777","pt":1722939336601,"mc":[{"id":"1.231400711","rc":[{"ltp":1.78,"id":40380900}]}]}
{"op":"mcm","clk":"11822753257","pt":1722940490699,"mc":[{"id":"1.231400711","rc":[{"ltp":1.79,"id":40380900}]}]}
{"op":"mcm","clk":"11822902260","pt":1722942350993,"mc":[{"id":"1.231400711","rc":[{"ltp":1.8,"id":40380900}]}]}
{"op":"mcm","clk":"11823087814","pt":1722944736577,"mc":[{"id":"1.231400711","rc":[{"ltp":2.24,"id":40296819}]}]}
{"op":"mcm","clk":"11823203252","pt":1722946418358,"mc":[{"id":"1.231400711","rc":[{"ltp":1.81,"id":40380900}]}]}
{"op":"mcm","clk":"11823209445","pt":1722946492387,"mc":[{"id":"1.231400711","rc":[{"ltp":1.82,"id":40380900}]}]}
{"op":"mcm","clk":"11823218287","pt":1722946593988,"mc":[{"id":"1.231400711","rc":[{"ltp":1.81,"id":40380900}]}]}
{"op":"mcm","clk":"11823237549","pt":1722946856819,"mc":[{"id":"1.231400711","rc":[{"ltp":2.22,"id":40296819}]}]}
{"op":"mcm","clk":"11823248706","pt":1722947018785,"mc":[{"id":"1.231400711","rc":[{"ltp":2.24,"id":40296819}]}]}
{"op":"mcm","clk":"11823268342","pt":1722947312099,"mc":[{"id":"1.231400711","rc":[{"ltp":2.2,"id":40296819}]}]}
{"op":"mcm","clk":"11823276998","pt":1722947432342,"mc":[{"id":"1.231400711","rc":[{"ltp":1.82,"id":40380900}]}]}
{"op":"mcm","clk":"11823294692","pt":1722947687958,"mc":[{"id":"1.231400711","rc":[{"ltp":1.81,"id":40380900},{"ltp":2.22,"id":40296819}]}]}
{"op":"mcm","clk":"11823376600","pt":1722948738733,"mc":[{"id":"1.231400711","rc":[{"ltp":1.82,"id":40380900}]}]}
{"op":"mcm","clk":"11823390557","pt":1722948949041,"mc":[{"id":"1.231400711","rc":[{"ltp":1.81,"id":40380900}]}]}
{"op":"mcm","clk":"11823406777","pt":1722949193849,"mc":[{"id":"1.231400711","rc":[{"ltp":1.82,"id":40380900}]}]}
{"op":"mcm","clk":"11823415697","pt":1722949333933,"mc":[{"id":"1.231400711","rc":[{"ltp":1.81,"id":40380900}]}]}
{"op":"mcm","clk":"11823422600","pt":1722949434740,"mc":[{"id":"1.231400711","rc":[{"ltp":1.82,"id":40380900}]}]}
{"op":"mcm","clk":"11823427562","pt":1722949497828,"mc":[{"id":"1.231400711","rc":[{"ltp":1.81,"id":40380900},{"ltp":2.2,"id":40296819}]}]}
{"op":"mcm","clk":"11823432622","pt":1722949558626,"mc":[{"id":"1.231400711","rc":[{"ltp":1.82,"id":40380900},{"ltp":2.22,"id":40296819}]}]}
{"op":"mcm","clk":"11823437152","pt":1722949618791,"mc":[{"id":"1.231400711","rc":[{"ltp":1.8,"id":40380900}]}]}
{"op":"mcm","clk":"11823440719","pt":1722949667663,"mc":[{"id":"1.231400711","rc":[{"ltp":1.81,"id":40380900},{"ltp":2.2,"id":40296819}]}]}
{"op":"mcm","clk":"11823444789","pt":1722949737908,"mc":[{"id":"1.231400711","rc":[{"ltp":1.83,"id":40380900}]}]}
{"op":"mcm","clk":"11823448565","pt":1722949796077,"mc":[{"id":"1.231400711","rc":[{"ltp":1.84,"id":40380900}]}]}
{"op":"mcm","clk":"11823452607","pt":1722949858670,"mc":[{"id":"1.231400711","rc":[{"ltp":1.86,"id":40380900},{"ltp":2.16,"id":40296819}]}]}
{"op":"mcm","clk":"11823456559","pt":1722949916219,"mc":[{"id":"1.231400711","rc":[{"ltp":1.85,"id":40380900}]}]}
{"op":"mcm","clk":"11823465282","pt":1722950037494,"mc":[{"id":"1.231400711","rc":[{"ltp":1.87,"id":40380900},{"ltp":2.14,"id":40296819}]}]}
{"op":"mcm","clk":"11823476539","pt":1722950217408,"mc":[{"id":"1.231400711","rc":[{"ltp":1.86,"id":40380900},{"ltp":2.16,"id":40296819}]}]}
{"op":"mcm","clk":"11823480123","pt":1722950278772,"mc":[{"id":"1.231400711","rc":[{"ltp":1.84,"id":40380900},{"ltp":2.18,"id":40296819}]}]}
{"op":"mcm","clk":"11823489015","pt":1722950398624,"mc":[{"id":"1.231400711","rc":[{"ltp":1.86,"id":40380900},{"ltp":2.16,"id":40296819}]}]}
{"op":"mcm","clk":"11823497983","pt":1722950514367,"mc":[{"id":"1.231400711","rc":[{"ltp":2.14,"id":40296819}]}]}
{"op":"mcm","clk":"11823503120","pt":1722950577659,"mc":[{"id":"1.231400711","rc":[{"ltp":1.89,"id":40380900},{"ltp":2.12,"id":40296819}]}]}
{"op":"mcm","clk":"11823507163","pt":1722950638359,"mc":[{"id":"1.231400711","rc":[{"ltp":1.88,"id":40380900},{"ltp":2.14,"id":40296819}]}]}
{"op":"mcm","clk":"11823515277","pt":1722950756413,"mc":[{"id":"1.231400711","rc":[{"ltp":1.89,"id":40380900},{"ltp":2.12,"id":40296819}]}]}
{"op":"mcm","clk":"11823522985","pt":1722950867980,"mc":[{"id":"1.231400711","rc":[{"ltp":1.88,"id":40380900}]}]}
{"op":"mcm","clk":"11823533503","pt":1722950996144,"mc":[{"id":"1.231400711","rc":[{"ltp":1.86,"id":40380900}]}]}
{"op":"mcm","clk":"11823538474","pt":1722951057916,"mc":[{"id":"1.231400711","rc":[{"ltp":2.16,"id":40296819}]}]}
{"op":"mcm","clk":"11823542825","pt":1722951117105,"mc":[{"id":"1.231400711","rc":[{"ltp":2.14,"id":40296819}]}]}
{"op":"mcm","clk":"11823547654","pt":1722951176837,"mc":[{"id":"1.231400711","rc":[{"ltp":1.84,"id":40380900},{"ltp":2.16,"id":40296819}]}]}
{"op":"mcm","clk":"11823551505","pt":1722951228000,"mc":[{"id":"1.231400711","rc":[{"ltp":1.83,"id":40380900},{"ltp":2.2,"id":40296819}]}]}
{"op":"mcm","clk":"11823556016","pt":1722951296965,"mc":[{"id":"1.231400711","rc":[{"ltp":2.18,"id":40296819}]}]}
{"op":"mcm","clk":"11823559842","pt":1722951358409,"mc":[{"id":"1.231400711","rc":[{"ltp":1.84,"id":40380900}]}]}
{"op":"mcm","clk":"11823567490","pt":1722951477551,"mc":[{"id":"1.231400711","rc":[{"ltp":2.16,"id":40296819}]}]}
{"op":"mcm","clk":"11823571919","pt":1722951538739,"mc":[{"id":"1.231400711","rc":[{"ltp":1.85,"id":40380900},{"ltp":2.18,"id":40296819}]}]}
{"op":"mcm","clk":"11823576369","pt":1722951598198,"mc":[{"id":"1.231400711","rc":[{"ltp":1.82,"id":40380900}]}]}
{"op":"mcm","clk":"11823580898","pt":1722951658477,"mc":[{"id":"1.231400711","rc":[{"ltp":1.84,"id":40380900}]}]}
{"op":"mcm","clk":"11823584580","pt":1722951718804,"mc":[{"id":"1.231400711","rc":[{"ltp":1.86,"id":40380900},{"ltp":2.16,"id":40296819}]}]}
{"op":"mcm","clk":"11823592217","pt":1722951838800,"mc":[{"id":"1.231400711","rc":[{"ltp":1.87,"id":40380900}]}]}
{"op":"mcm","clk":"11823596313","pt":1722951898757,"mc":[{"id":"1.231400711","rc":[{"ltp":1.88,"id":40380900},{"ltp":2.14,"id":40296819}]}]}
{"op":"mcm","clk":"11823600311","pt":1722951958833,"mc":[{"id":"1.231400711","rc":[{"ltp":2.0,"id":40380900},{"ltp":1.94,"id":40296819}]}]}
{"op":"mcm","clk":"11823604027","pt":1722952018009,"mc":[{"id":"1.231400711","rc":[{"ltp":1.97,"id":40380900},{"ltp":2.06,"id":40296819}]}]}
{"op":"mcm","clk":"11823607869","pt":1722952078597,"mc":[{"id":"1.231400711","rc":[{"ltp":2.04,"id":40380900},{"ltp":1.95,"id":40296819}]}]}
{"op":"mcm","clk":"11823611961","pt":1722952138762,"mc":[{"id":"1.231400711","rc":[{"ltp":1.98,"id":40296819}]}]}
{"op":"mcm","clk":"11823615821","pt":1722952198536,"mc":[{"id":"1.231400711","rc":[{"ltp":2.02,"id":40380900},{"ltp":2.0,"id":40296819}]}]}
{"op":"mcm","clk":"11823619856","pt":1722952258217,"mc":[{"id":"1.231400711","rc":[{"ltp":1.97,"id":40380900},{"ltp":2.02,"id":40296819}]}]}
{"op":"mcm","clk":"11823624343","pt":1722952318774,"mc":[{"id":"1.231400711","rc":[{"ltp":1.94,"id":40380900},{"ltp":2.06,"id":40296819}]}]}
{"op":"mcm","clk":"11823628119","pt":1722952377572,"mc":[{"id":"1.231400711","rc":[{"ltp":1.92,"id":40380900}]}]}
{"op":"mcm","clk":"11823631968","pt":1722952438533,"mc":[{"id":"1.231400711","rc":[{"ltp":1.93,"id":40380900}]}]}
{"op":"mcm","clk":"11823645278","pt":1722952618352,"mc":[{"id":"1.231400711","rc":[{"ltp":1.92,"id":40380900},{"ltp":2.08,"id":40296819}]}]}
{"op":"mcm","clk":"11823650121","pt":1722952678544,"mc":[{"id":"1.231400711","rc":[{"ltp":1.93,"id":40380900}]}]}
{"op":"mcm","clk":"11823655243","pt":1722952737984,"mc":[{"id":"1.231400711","rc":[{"ltp":1.92,"id":40380900}]}]}
{"op":"mcm","clk":"11823660436","pt":1722952798857,"mc":[{"id":"1.231400711","rc":[{"ltp":1.95,"id":40380900},{"ltp":2.04,"id":40296819}]}]}
{"op":"mcm","clk":"11823666005","pt":1722952858841,"mc":[{"id":"1.231400711","marketDefinition":{"bspMarket":false,"turnInPlayEnabled":true,"persistenceEnabled":true,"marketBaseRate":5.0,"eventId":"33465209","eventTypeId":"4","numberOfWinners":1,"bettingType":"ODDS","marketType":"MATCH_ODDS","marketTime":"2024-08-06T14:00:00.000Z","suspendTime":"2024-08-06T14:00:00.000Z","bspReconciled":false,"complete":true,"inPlay":true,"crossMatching":true,"runnersVoidable":false,"numberOfActiveRunners":2,"betDelay":5,"status":"OPEN","runners":[{"status":"ACTIVE","sortPriority":1,"id":40296819,"name":"Birmingham Phoenix W"},{"status":"ACTIVE","sortPriority":2,"id":40380900,"name":"Northern Superchargers W"}],"regulators":["MR_INT"],"countryCode":"GB","discountAllowed":true,"timezone":"GMT","openDate":"2024-08-06T14:00:00.000Z","version":6059594002,"name":"Match Odds","eventName":"Birmingham Phoenix W v Northern Superchargers W"},"rc":[{"ltp":1.96,"id":40380900}]}]}
{"op":"mcm","clk":"11823670641","pt":1722952918791,"mc":[{"id":"1.231400711","rc":[{"ltp":2.42,"id":40380900},{"ltp":1.7,"id":40296819}]}]}
{"op":"mcm","clk":"11823675355","pt":1722952978788,"mc":[{"id":"1.231400711","rc":[{"ltp":2.52,"id":40380900},{"ltp":1.65,"id":40296819}]}]}
{"op":"mcm","clk":"11823680219","pt":1722953038819,"mc":[{"id":"1.231400711","rc":[{"ltp":2.32,"id":40380900},{"ltp":1.75,"id":40296819}]}]}
{"op":"mcm","clk":"11823684551","pt":1722953098845,"mc":[{"id":"1.231400711","rc":[{"ltp":2.26,"id":40380900},{"ltp":1.79,"id":40296819}]}]}
{"op":"mcm","clk":"11823689410","pt":1722953158817,"mc":[{"id":"1.231400711","rc":[{"ltp":2.3,"id":40380900},{"ltp":1.76,"id":40296819}]}]}
{"op":"mcm","clk":"11823694347","pt":1722953218796,"mc":[{"id":"1.231400711","rc":[{"ltp":2.42,"id":40380900},{"ltp":1.7,"id":40296819}]}]}
{"op":"mcm","clk":"11823699204","pt":1722953278849,"mc":[{"id":"1.231400711","rc":[{"ltp":2.4,"id":40380900},{"ltp":1.71,"id":40296819}]}]}
{"op":"mcm","clk":"11823704021","pt":1722953338751,"mc":[{"id":"1.231400711","rc":[{"ltp":2.24,"id":40380900},{"ltp":1.81,"id":40296819}]}]}
{"op":"mcm","clk":"11823709480","pt":1722953398819,"mc":[{"id":"1.231400711","rc":[{"ltp":1.8,"id":40296819}]}]}
{"op":"mcm","clk":"11823714324","pt":1722953458772,"mc":[{"id":"1.231400711","rc":[{"ltp":2.3,"id":40380900},{"ltp":1.76,"id":40296819}]}]}
{"op":"mcm","clk":"11823718772","pt":1722953518845,"mc":[{"id":"1.231400711","rc":[{"ltp":2.96,"id":40380900},{"ltp":1.51,"id":40296819}]}]}
{"op":"mcm","clk":"11823730637","pt":1722953578809,"mc":[{"id":"1.231400711","rc":[{"ltp":2.9,"id":40380900},{"ltp":1.57,"id":40296819}]}]}
{"op":"mcm","clk":"11823735236","pt":1722953638591,"mc":[{"id":"1.231400711","rc":[{"ltp":2.5,"id":40380900},{"ltp":1.66,"id":40296819}]}]}
{"op":"mcm","clk":"11823740347","pt":1722953698656,"mc":[{"id":"1.231400711","rc":[{"ltp":2.66,"id":40380900},{"ltp":1.6,"id":40296819}]}]}
{"op":"mcm","clk":"11823745749","pt":1722953758805,"mc":[{"id":"1.231400711","rc":[{"ltp":2.62,"id":40380900},{"ltp":1.61,"id":40296819}]}]}
{"op":"mcm","clk":"11823751163","pt":1722953818692,"mc":[{"id":"1.231400711","rc":[{"ltp":3.2,"id":40380900},{"ltp":1.45,"id":40296819}]}]}
{"op":"mcm","clk":"11823756590","pt":1722953878639,"mc":[{"id":"1.231400711","rc":[{"ltp":3.5,"id":40380900},{"ltp":1.4,"id":40296819}]}]}
{"op":"mcm","clk":"11823762128","pt":1722953938840,"mc":[{"id":"1.231400711","rc":[{"ltp":3.9,"id":40380900},{"ltp":1.34,"id":40296819}]}]}
{"op":"mcm","clk":"11823766527","pt":1722953998780,"mc":[{"id":"1.231400711","rc":[{"ltp":3.5,"id":40380900},{"ltp":1.4,"id":40296819}]}]}
{"op":"mcm","clk":"11823771063","pt":1722954058781,"mc":[{"id":"1.231400711","rc":[{"ltp":3.6,"id":40380900},{"ltp":1.38,"id":40296819}]}]}
{"op":"mcm","clk":"11823775576","pt":1722954118820,"mc":[{"id":"1.231400711","rc":[{"ltp":3.35,"id":40380900},{"ltp":1.42,"id":40296819}]}]}
{"op":"mcm","clk":"11823780175","pt":1722954178721,"mc":[{"id":"1.231400711","rc":[{"ltp":3.3,"id":40380900},{"ltp":1.44,"id":40296819}]}]}
{"op":"mcm","clk":"11823784593","pt":1722954238779,"mc":[{"id":"1.231400711","rc":[{"ltp":3.1,"id":40380900},{"ltp":1.48,"id":40296819}]}]}
{"op":"mcm","clk":"11823788771","pt":1722954298789,"mc":[{"id":"1.231400711","rc":[{"ltp":3.3,"id":40380900},{"ltp":1.43,"id":40296819}]}]}
{"op":"mcm","clk":"11823792927","pt":1722954358748,"mc":[{"id":"1.231400711","rc":[{"ltp":3.35,"id":40380900},{"ltp":1.42,"id":40296819}]}]}
{"op":"mcm","clk":"11823797420","pt":1722954418811,"mc":[{"id":"1.231400711","rc":[{"ltp":3.2,"id":40380900},{"ltp":1.45,"id":40296819}]}]}
{"op":"mcm","clk":"11823802205","pt":1722954478855,"mc":[{"id":"1.231400711","rc":[{"ltp":2.8,"id":40380900},{"ltp":1.56,"id":40296819}]}]}
{"op":"mcm","clk":"11823807325","pt":1722954538795,"mc":[{"id":"1.231400711","rc":[{"ltp":2.5,"id":40380900},{"ltp":1.65,"id":40296819}]}]}
{"op":"mcm","clk":"11823812099","pt":1722954598781,"mc":[{"id":"1.231400711","rc":[{"ltp":2.72,"id":40380900},{"ltp":1.58,"id":40296819}]}]}
{"op":"mcm","clk":"11823817068","pt":1722954658781,"mc":[{"id":"1.231400711","rc":[{"ltp":2.62,"id":40380900},{"ltp":1.61,"id":40296819}]}]}
{"op":"mcm","clk":"11823821997","pt":1722954718434,"mc":[{"id":"1.231400711","rc":[{"ltp":2.72,"id":40380900},{"ltp":1.58,"id":40296819}]}]}
{"op":"mcm","clk":"11823827004","pt":1722954778807,"mc":[{"id":"1.231400711","rc":[{"ltp":2.7,"id":40380900}]}]}
{"op":"mcm","clk":"11823832546","pt":1722954838797,"mc":[{"id":"1.231400711","rc":[{"ltp":2.52,"id":40380900},{"ltp":1.65,"id":40296819}]}]}
{"op":"mcm","clk":"11823838035","pt":1722954898853,"mc":[{"id":"1.231400711","rc":[{"ltp":2.68,"id":40380900},{"ltp":1.6,"id":40296819}]}]}
{"op":"mcm","clk":"11823843488","pt":1722954958828,"mc":[{"id":"1.231400711","rc":[{"ltp":2.48,"id":40380900},{"ltp":1.67,"id":40296819}]}]}
{"op":"mcm","clk":"11823848481","pt":1722955018801,"mc":[{"id":"1.231400711","rc":[{"ltp":2.5,"id":40380900},{"ltp":1.66,"id":40296819}]}]}
{"op":"mcm","clk":"11823853480","pt":1722955078764,"mc":[{"id":"1.231400711","rc":[{"ltp":2.46,"id":40380900},{"ltp":1.68,"id":40296819}]}]}
{"op":"mcm","clk":"11823858199","pt":1722955138630,"mc":[{"id":"1.231400711","rc":[{"ltp":2.52,"id":40380900},{"ltp":1.64,"id":40296819}]}]}
{"op":"mcm","clk":"11823862626","pt":1722955198600,"mc":[{"id":"1.231400711","rc":[{"ltp":2.5,"id":40380900},{"ltp":1.65,"id":40296819}]}]}
{"op":"mcm","clk":"11823867315","pt":1722955258774,"mc":[{"id":"1.231400711","rc":[{"ltp":3.35,"id":40380900},{"ltp":1.42,"id":40296819}]}]}
{"op":"mcm","clk":"11823872106","pt":1722955318699,"mc":[{"id":"1.231400711","rc":[{"ltp":3.6,"id":40380900},{"ltp":1.41,"id":40296819}]}]}
{"op":"mcm","clk":"11823876553","pt":1722955378749,"mc":[{"id":"1.231400711","rc":[{"ltp":3.3,"id":40380900},{"ltp":1.43,"id":40296819}]}]}
{"op":"mcm","clk":"11823881032","pt":1722955438812,"mc":[{"id":"1.231400711","rc":[{"ltp":3.4,"id":40380900},{"ltp":1.41,"id":40296819}]}]}
{"op":"mcm","clk":"11823885814","pt":1722955498795,"mc":[{"id":"1.231400711","rc":[{"ltp":3.6,"id":40380900}]}]}
{"op":"mcm","clk":"11823890525","pt":1722955558840,"mc":[{"id":"1.231400711","rc":[{"ltp":1.38,"id":40296819}]}]}
{"op":"mcm","clk":"11823895491","pt":1722955618807,"mc":[{"id":"1.231400711","rc":[{"ltp":3.9,"id":40380900},{"ltp":1.34,"id":40296819}]}]}
{"op":"mcm","clk":"11823905364","pt":1722955738737,"mc":[{"id":"1.231400711","rc":[{"ltp":3.85,"id":40380900},{"ltp":1.35,"id":40296819}]}]}
{"op":"mcm","clk":"11823910061","pt":1722955798838,"mc":[{"id":"1.231400711","rc":[{"ltp":4.3,"id":40380900},{"ltp":1.3,"id":40296819}]}]}
{"op":"mcm","clk":"11823918701","pt":1722955918845,"mc":[{"id":"1.231400711","rc":[{"ltp":1.29,"id":40296819}]}]}
{"op":"mcm","clk":"11823923078","pt":1722955978845,"mc":[{"id":"1.231400711","rc":[{"ltp":6.0,"id":40380900},{"ltp":1.2,"id":40296819}]}]}
{"op":"mcm","clk":"11823928137","pt":1722956038787,"mc":[{"id":"1.231400711","rc":[{"ltp":5.7,"id":40380900},{"ltp":1.21,"id":40296819}]}]}
{"op":"mcm","clk":"11823933219","pt":1722956098782,"mc":[{"id":"1.231400711","rc":[{"ltp":5.2,"id":40380900},{"ltp":1.24,"id":40296819}]}]}
{"op":"mcm","clk":"11823938325","pt":1722956158852,"mc":[{"id":"1.231400711","rc":[{"ltp":5.1,"id":40380900}]}]}
{"op":"mcm","clk":"11823943296","pt":1722956218726,"mc":[{"id":"1.231400711","rc":[{"ltp":4.8,"id":40380900},{"ltp":1.26,"id":40296819}]}]}
{"op":"mcm","clk":"11823951357","pt":1722956338831,"mc":[{"id":"1.231400711","rc":[{"ltp":5.0,"id":40380900},{"ltp":1.25,"id":40296819}]}]}
{"op":"mcm","clk":"11823955599","pt":1722956398689,"mc":[{"id":"1.231400711","rc":[{"ltp":4.7,"id":40380900},{"ltp":1.27,"id":40296819}]}]}
{"op":"mcm","clk":"11823960092","pt":1722956458791,"mc":[{"id":"1.231400711","rc":[{"ltp":4.4,"id":40380900},{"ltp":1.28,"id":40296819}]}]}
{"op":"mcm","clk":"11823964648","pt":1722956518561,"mc":[{"id":"1.231400711","rc":[{"ltp":3.9,"id":40380900},{"ltp":1.34,"id":40296819}]}]}
{"op":"mcm","clk":"11823969495","pt":1722956578829,"mc":[{"id":"1.231400711","rc":[{"ltp":3.75,"id":40380900},{"ltp":1.37,"id":40296819}]}]}
{"op":"mcm","clk":"11823974702","pt":1722956638810,"mc":[{"id":"1.231400711","rc":[{"ltp":4.0,"id":40380900},{"ltp":1.33,"id":40296819}]}]}
{"op":"mcm","clk":"11823979698","pt":1722956698656,"mc":[{"id":"1.231400711","rc":[{"ltp":3.6,"id":40380900},{"ltp":1.37,"id":40296819}]}]}
{"op":"mcm","clk":"11823984827","pt":1722956758133,"mc":[{"id":"1.231400711","rc":[{"ltp":3.7,"id":40380900}]}]}
{"op":"mcm","clk":"11823990050","pt":1722956818805,"mc":[{"id":"1.231400711","rc":[{"ltp":3.55,"id":40380900},{"ltp":1.39,"id":40296819}]}]}
{"op":"mcm","clk":"11823994825","pt":1722956878641,"mc":[{"id":"1.231400711","rc":[{"ltp":3.5,"id":40380900},{"ltp":1.4,"id":40296819}]}]}
{"op":"mcm","clk":"11823999540","pt":1722956938627,"mc":[{"id":"1.231400711","rc":[{"ltp":3.35,"id":40380900},{"ltp":1.42,"id":40296819}]}]}
{"op":"mcm","clk":"11824004662","pt":1722956998778,"mc":[{"id":"1.231400711","rc":[{"ltp":3.3,"id":40380900}]}]}
{"op":"mcm","clk":"11824009771","pt":1722957058774,"mc":[{"id":"1.231400711","rc":[{"ltp":1.43,"id":40296819}]}]}
{"op":"mcm","clk":"11824015537","pt":1722957118828,"mc":[{"id":"1.231400711","rc":[{"ltp":3.35,"id":40380900},{"ltp":1.42,"id":40296819}]}]}
{"op":"mcm","clk":"11824027116","pt":1722957238470,"mc":[{"id":"1.231400711","rc":[{"ltp":3.3,"id":40380900}]}]}
{"op":"mcm","clk":"11824032659","pt":1722957298836,"mc":[{"id":"1.231400711","rc":[{"ltp":3.35,"id":40380900},{"ltp":1.43,"id":40296819}]}]}
{"op":"mcm","clk":"11824038341","pt":1722957357549,"mc":[{"id":"1.231400711","rc":[{"ltp":3.3,"id":40380900},{"ltp":1.42,"id":40296819}]}]}
{"op":"mcm","clk":"11824043345","pt":1722957418241,"mc":[{"id":"1.231400711","rc":[{"ltp":3.4,"id":40380900},{"ltp":1.41,"id":40296819}]}]}
{"op":"mcm","clk":"11824048028","pt":1722957478427,"mc":[{"id":"1.231400711","rc":[{"ltp":3.5,"id":40380900},{"ltp":1.4,"id":40296819}]}]}
{"op":"mcm","clk":"11824053134","pt":1722957538778,"mc":[{"id":"1.231400711","rc":[{"ltp":3.45,"id":40380900},{"ltp":1.42,"id":40296819}]}]}
{"op":"mcm","clk":"11824058444","pt":1722957598732,"mc":[{"id":"1.231400711","rc":[{"ltp":3.4,"id":40380900},{"ltp":1.41,"id":40296819}]}]}
{"op":"mcm","clk":"11824063544","pt":1722957658824,"mc":[{"id":"1.231400711","rc":[{"ltp":3.8,"id":40380900},{"ltp":1.36,"id":40296819}]}]}
{"op":"mcm","clk":"11824073313","pt":1722957778685,"mc":[{"id":"1.231400711","rc":[{"ltp":3.7,"id":40380900},{"ltp":1.37,"id":40296819}]}]}
{"op":"mcm","clk":"11824078162","pt":1722957838847,"mc":[{"id":"1.231400711","rc":[{"ltp":3.5,"id":40380900},{"ltp":1.41,"id":40296819}]}]}
{"op":"mcm","clk":"11824083067","pt":1722957898738,"mc":[{"id":"1.231400711","rc":[{"ltp":2.58,"id":40380900},{"ltp":1.65,"id":40296819}]}]}
{"op":"mcm","clk":"11824088306","pt":1722957958695,"mc":[{"id":"1.231400711","rc":[{"ltp":2.66,"id":40380900},{"ltp":1.6,"id":40296819}]}]}
{"op":"mcm","clk":"11824093296","pt":1722958018783,"mc":[{"id":"1.231400711","rc":[{"ltp":2.88,"id":40380900},{"ltp":1.52,"id":40296819}]}]}
{"op":"mcm","clk":"11824097881","pt":1722958078789,"mc":[{"id":"1.231400711","rc":[{"ltp":2.94,"id":40380900},{"ltp":1.51,"id":40296819}]}]}
{"op":"mcm","clk":"11824103089","pt":1722958138852,"mc":[{"id":"1.231400711","rc":[{"ltp":2.5,"id":40380900},{"ltp":1.64,"id":40296819}]}]}
{"op":"mcm","clk":"11824108851","pt":1722958198829,"mc":[{"id":"1.231400711","rc":[{"ltp":2.44,"id":40380900},{"ltp":1.7,"id":40296819}]}]}
{"op":"mcm","clk":"11824115105","pt":1722958258790,"mc":[{"id":"1.231400711","rc":[{"ltp":2.88,"id":40380900},{"ltp":1.51,"id":40296819}]}]}
{"op":"mcm","clk":"11824121449","pt":1722958318837,"mc":[{"id":"1.231400711","rc":[{"ltp":2.62,"id":40380900},{"ltp":1.61,"id":40296819}]}]}
{"op":"mcm","clk":"11824127664","pt":1722958378849,"mc":[{"id":"1.231400711","rc":[{"ltp":2.56,"id":40380900},{"ltp":1.63,"id":40296819}]}]}
{"op":"mcm","clk":"11824134399","pt":1722958438494,"mc":[{"id":"1.231400711","rc":[{"ltp":2.42,"id":40380900},{"ltp":1.71,"id":40296819}]}]}
{"op":"mcm","clk":"11824139770","pt":1722958498786,"mc":[{"id":"1.231400711","rc":[{"ltp":1.57,"id":40380900},{"ltp":2.78,"id":40296819}]}]}
{"op":"mcm","clk":"11824144959","pt":1722958558836,"mc":[{"id":"1.231400711","rc":[{"ltp":1.51,"id":40380900},{"ltp":2.96,"id":40296819}]}]}
{"op":"mcm","clk":"11824150205","pt":1722958618818,"mc":[{"id":"1.231400711","rc":[{"ltp":1.46,"id":40380900},{"ltp":3.15,"id":40296819}]}]}
{"op":"mcm","clk":"11824155985","pt":1722958678788,"mc":[{"id":"1.231400711","rc":[{"ltp":1.37,"id":40380900},{"ltp":3.7,"id":40296819}]}]}
{"op":"mcm","clk":"11824162146","pt":1722958738788,"mc":[{"id":"1.231400711","rc":[{"ltp":1.34,"id":40380900},{"ltp":3.9,"id":40296819}]}]}
{"op":"mcm","clk":"11824168262","pt":1722958798775,"mc":[{"id":"1.231400711","rc":[{"ltp":1.17,"id":40380900},{"ltp":6.8,"id":40296819}]}]}
{"op":"mcm","clk":"11824174561","pt":1722958858747,"mc":[{"id":"1.231400711","rc":[{"ltp":1.14,"id":40380900},{"ltp":8.0,"id":40296819}]}]}
{"op":"mcm","clk":"11824180944","pt":1722958918813,"mc":[{"id":"1.231400711","rc":[{"ltp":1.15,"id":40380900},{"ltp":7.8,"id":40296819}]}]}
{"op":"mcm","clk":"11824194996","pt":1722958978846,"mc":[{"id":"1.231400711","rc":[{"ltp":1.07,"id":40380900},{"ltp":15.0,"id":40296819}]}]}
{"op":"mcm","clk":"11824215104","pt":1722959158837,"mc":[{"id":"1.231400711","rc":[{"ltp":15.5,"id":40296819}]}]}
{"op":"mcm","clk":"11824221694","pt":1722959218793,"mc":[{"id":"1.231400711","rc":[{"ltp":1.06,"id":40380900},{"ltp":17.5,"id":40296819}]}]}
{"op":"mcm","clk":"11824228308","pt":1722959278845,"mc":[{"id":"1.231400711","rc":[{"ltp":1.04,"id":40380900},{"ltp":27.0,"id":40296819}]}]}
{"op":"mcm","clk":"11824235079","pt":1722959338849,"mc":[{"id":"1.231400711","rc":[{"ltp":1.03,"id":40380900},{"ltp":34.0,"id":40296819}]}]}
{"op":"mcm","clk":"11824242133","pt":1722959398820,"mc":[{"id":"1.231400711","rc":[{"ltp":1.04,"id":40380900},{"ltp":32.0,"id":40296819}]}]}
{"op":"mcm","clk":"11824249337","pt":1722959458811,"mc":[{"id":"1.231400711","rc":[{"ltp":1.03,"id":40380900}]}]}
{"op":"mcm","clk":"11824256513","pt":1722959518769,"mc":[{"id":"1.231400711","rc":[{"ltp":26.0,"id":40296819}]}]}
{"op":"mcm","clk":"11824263669","pt":1722959578841,"mc":[{"id":"1.231400711","rc":[{"ltp":1.06,"id":40380900},{"ltp":18.0,"id":40296819}]}]}
{"op":"mcm","clk":"11824269948","pt":1722959638835,"mc":[{"id":"1.231400711","rc":[{"ltp":1.07,"id":40380900},{"ltp":15.5,"id":40296819}]}]}
{"op":"mcm","clk":"11824276420","pt":1722959698815,"mc":[{"id":"1.231400711","rc":[{"ltp":1.09,"id":40380900},{"ltp":12.0,"id":40296819}]}]}
{"op":"mcm","clk":"11824283052","pt":1722959758770,"mc":[{"id":"1.231400711","rc":[{"ltp":1.07,"id":40380900},{"ltp":15.0,"id":40296819}]}]}
{"op":"mcm","clk":"11824289664","pt":1722959818783,"mc":[{"id":"1.231400711","rc":[{"ltp":1.06,"id":40380900},{"ltp":17.5,"id":40296819}]}]}
{"op":"mcm","clk":"11824295980","pt":1722959878831,"mc":[{"id":"1.231400711","rc":[{"ltp":21.0,"id":40296819}]}]}
{"op":"mcm","clk":"11824302683","pt":1722959938710,"mc":[{"id":"1.231400711","rc":[{"ltp":1.05,"id":40380900},{"ltp":22.0,"id":40296819}]}]}
{"op":"mcm","clk":"11824309464","pt":1722959998762,"mc":[{"id":"1.231400711","rc":[{"ltp":1.02,"id":40380900},{"ltp":100.0,"id":40296819}]}]}
{"op":"mcm","clk":"11824316675","pt":1722960058775,"mc":[{"id":"1.231400711","rc":[{"ltp":1.01,"id":40380900},{"ltp":130.0,"id":40296819}]}]}
{"op":"mcm","clk":"11824323268","pt":1722960118330,"mc":[{"id":"1.231400711","rc":[{"ltp":110.0,"id":40296819}]}]}
{"op":"mcm","clk":"11824330108","pt":1722960178511,"mc":[{"id":"1.231400711","rc":[{"ltp":120.0,"id":40296819}]}]}
{"op":"mcm","clk":"11824343404","pt":1722960298658,"mc":[{"id":"1.231400711","rc":[{"ltp":150.0,"id":40296819}]}]}
{"op":"mcm","clk":"11824350038","pt":1722960358329,"mc":[{"id":"1.231400711","rc":[{"ltp":110.0,"id":40296819}]}]}
{"op":"mcm","clk":"11824356621","pt":1722960417995,"mc":[{"id":"1.231400711","rc":[{"ltp":220.0,"id":40296819}]}]}
{"op":"mcm","clk":"11824363463","pt":1722960477792,"mc":[{"id":"1.231400711","rc":[{"ltp":500.0,"id":40296819}]}]}
{"op":"mcm","clk":"11824370705","pt":1722960537460,"mc":[{"id":"1.231400711","rc":[{"ltp":150.0,"id":40296819}]}]}
{"op":"mcm","clk":"11824377901","pt":1722960597957,"mc":[{"id":"1.231400711","rc":[{"ltp":160.0,"id":40296819}]}]}
{"op":"mcm","clk":"11824385208","pt":1722960658231,"mc":[{"id":"1.231400711","rc":[{"ltp":490.0,"id":40296819}]}]}
{"op":"mcm","clk":"11824392180","pt":1722960717201,"mc":[{"id":"1.231400711","rc":[{"ltp":1000.0,"id":40296819}]}]}
{"op":"mcm","clk":"11824431544","pt":1722961077667,"mc":[{"id":"1.231400711","marketDefinition":{"bspMarket":false,"turnInPlayEnabled":true,"persistenceEnabled":true,"marketBaseRate":5.0,"eventId":"33465209","eventTypeId":"4","numberOfWinners":1,"bettingType":"ODDS","marketType":"MATCH_ODDS","marketTime":"2024-08-06T14:00:00.000Z","suspendTime":"2024-08-06T14:00:00.000Z","bspReconciled":false,"complete":true,"inPlay":true,"crossMatching":true,"runnersVoidable":false,"numberOfActiveRunners":2,"betDelay":5,"status":"SUSPENDED","runners":[{"status":"ACTIVE","sortPriority":1,"id":40296819,"name":"Birmingham Phoenix W"},{"status":"ACTIVE","sortPriority":2,"id":40380900,"name":"Northern Superchargers W"}],"regulators":["MR_INT"],"countryCode":"GB","discountAllowed":true,"timezone":"GMT","openDate":"2024-08-06T14:00:00.000Z","version":6059701895,"name":"Match Odds","eventName":"Birmingham Phoenix W v Northern Superchargers W"}}]}
{"op":"mcm","clk":"11824455416","pt":1722961295151,"mc":[{"id":"1.231400711","marketDefinition":{"bspMarket":false,"turnInPlayEnabled":true,"persistenceEnabled":true,"marketBaseRate":5.0,"eventId":"33465209","eventTypeId":"4","numberOfWinners":1,"bettingType":"ODDS","marketType":"MATCH_ODDS","marketTime":"2024-08-06T14:00:00.000Z","suspendTime":"2024-08-06T14:00:00.000Z","bspReconciled":false,"complete":true,"inPlay":true,"crossMatching":false,"runnersVoidable":false,"numberOfActiveRunners":0,"betDelay":5,"status":"CLOSED","settledTime":"2024-08-06T16:20:24.000Z","runners":[{"status":"LOSER","sortPriority":1,"id":40296819,"name":"Birmingham Phoenix W"},{"status":"WINNER","sortPriority":2,"id":40380900,"name":"Northern Superchargers W"}],"regulators":["MR_INT"],"countryCode":"GB","discountAllowed":true,"timezone":"GMT","openDate":"2024-08-06T14:00:00.000Z","version":6059704201,"name":"Match Odds","eventName":"Birmingham Phoenix W v Northern Superchargers W"}}]}
