{"op":"mcm","clk":"11945679234","pt":1724459457303,"mc":[{"id":"1.232209555","marketDefinition":{"bspMarket":false,"turnInPlayEnabled":true,"persistenceEnabled":true,"marketBaseRate":5.0,"eventId":"33522302","eventTypeId":"4","numberOfWinners":1,"bettingType":"ODDS","marketType":"MATCH_ODDS","marketTime":"2024-08-25T19:00:00.000Z","suspendTime":"2024-08-25T19:00:00.000Z","bspReconciled":false,"complete":true,"inPlay":false,"crossMatching":true,"runnersVoidable":false,"numberOfActiveRunners":2,"betDelay":0,"status":"OPEN","runners":[{"status":"ACTIVE","sortPriority":1,"id":235,"name":"West Indies"},{"status":"ACTIVE","sortPriority":2,"id":349,"name":"South Africa"}],"regulators":["MR_INT"],"countryCode":"GB","discountAllowed":true,"timezone":"GMT","openDate":"2024-08-25T19:00:00.000Z","version":6093737339,"name":"Match Odds","eventName":"West Indies v South Africa"}}]}
{"op":"mcm","clk":"11945919170","pt":1724462566891,"mc":[{"id":"1.232209555","rc":[{"ltp":2.32,"id":349},{"ltp":1.75,"id":235}]}]}
{"op":"mcm","clk":"11945922333","pt":1724462631769,"mc":[{"id":"1.232209555","rc":[{"ltp":2.24,"id":349}]}]}
{"op":"mcm","clk":"11946144075","pt":1724466109797,"mc":[{"id":"1.232209555","rc":[{"ltp":2.3,"id":349},{"ltp":1.76,"id":235}]}]}
{"op":"mcm","clk":"11946347539","pt":1724470368569,"mc":[{"id":"1.232209555","rc":[{"ltp":1.72,"id":235}]}]}
{"op":"mcm","clk":"11946349375","pt":1724470413817,"mc":[{"id":"1.232209555","rc":[{"ltp":1.71,"id":235}]}]}
{"op":"mcm","clk":"11947077967","pt":1724483869479,"mc":[{"id":"1.232209555","rc":[{"ltp":2.36,"id":349}]}]}
{"op":"mcm","clk":"11947130052","pt":1724484592541,"mc":[{"id":"1.232209555","rc":[{"ltp":1.72,"id":235}]}]}
{"op":"mcm","clk":"11947167083","pt":1724485132720,"mc":[{"id":"1.232209555","rc":[{"ltp":1.71,"id":235}]}]}
{"op":"mcm","clk":"11947208423","pt":1724485709782,"mc":[{"id":"1.232209555","rc":[{"ltp":2.44,"id":349},{"ltp":1.69,"id":235}]}]}
{"op":"mcm","clk":"11947294159","pt":1724486569127,"mc":[{"id":"1.232209555","rc":[{"ltp":1.71,"id":235}]}]}
{"op":"mcm","clk":"11948585058","pt":1724495252219,"mc":[{"id":"1.232209555","rc":[{"ltp":1.69,"id":235}]}]}
{"op":"mcm","clk":"11949775281","pt":1724501129343,"mc":[{"id":"1.232209555","rc":[{"ltp":1.71,"id":235}]}]}
{"op":"mcm","clk":"11950236271","pt":1724503543292,"mc":[{"id":"1.232209555","rc":[{"ltp":1.69,"id":235}]}]}
{"op":"mcm","clk":"11950953802","pt":1724507357644,"mc":[{"id":"1.232209555","rc":[{"ltp":1.62,"id":235}]}]}
{"op":"mcm","clk":"11952074299","pt":1724511412560,"mc":[{"id":"1.232209555","rc":[{"ltp":1.66,"id":235}]}]}
{"op":"mcm","clk":"11953205033","pt":1724521852547,"mc":[{"id":"1.232209555","rc":[{"ltp":2.5,"id":349}]}]}
{"op":"mcm","clk":"11953230574","pt":1724522092174,"mc":[{"id":"1.232209555","rc":[{"ltp":1.68,"id":235}]}]}
{"op":"mcm","clk":"11953238086","pt":1724522152334,"mc":[{"id":"1.232209555","rc":[{"ltp":1.66,"id":235}]}]}
{"op":"mcm","clk":"11953377202","pt":1724523076703,"mc":[{"id":"1.232209555","rc":[{"ltp":1.65,"id":235}]}]}
{"op":"mcm","clk":"11954838096","pt":1724529580602,"mc":[{"id":"1.232209555","rc":[{"ltp":2.46,"id":349},{"ltp":1.69,"id":235}]}]}
{"op":"mcm","clk":"11955607207","pt":1724534721176,"mc":[{"id":"1.232209555","rc":[{"ltp":1.66,"id":235}]}]}
{"op":"mcm","clk":"11955945368","pt":1724538808927,"mc":[{"id":"1.232209555","rc":[{"ltp":1.65,"id":235}]}]}
{"op":"mcm","clk":"11957296043","pt":1724556538822,"mc":[{"id":"1.232209555","rc":[{"ltp":2.48,"id":349},{"ltp":1.67,"id":235}]}]}
{"op":"mcm","clk":"11957514833","pt":1724559588043,"mc":[{"id":"1.232209555","rc":[{"ltp":1.66,"id":235}]}]}
{"op":"mcm","clk":"11957747795","pt":1724563365397,"mc":[{"id":"1.232209555","rc":[{"ltp":1.68,"id":235}]}]}
{"op":"mcm","clk":"11957762445","pt":1724563658664,"mc":[{"id":"1.232209555","rc":[{"ltp":1.69,"id":235}]}]}
{"op":"mcm","clk":"11957782946","pt":1724564080467,"mc":[{"id":"1.232209555","rc":[{"ltp":1.66,"id":235}]}]}
{"op":"mcm","clk":"11957787202","pt":1724564160665,"mc":[{"id":"1.232209555","rc":[{"ltp":1.69,"id":235}]}]}
{"op":"mcm","clk":"11957845197","pt":1724565220796,"mc":[{"id":"1.232209555","rc":[{"ltp":1.68,"id":235}]}]}
{"op":"mcm","clk":"11958061206","pt":1724568523701,"mc":[{"id":"1.232209555","rc":[{"ltp":1.66,"id":235}]}]}
{"op":"mcm","clk":"11958095352","pt":1724569062938,"mc":[{"id":"1.232209555","rc":[{"ltp":1.65,"id":235}]}]}
{"op":"mcm","clk":"11958131678","pt":1724569593995,"mc":[{"id":"1.232209555","rc":[{"ltp":1.66,"id":235}]}]}
{"op":"mcm","clk":"11958263975","pt":1724571556900,"mc":[{"id":"1.232209555","rc":[{"ltp":2.52,"id":349},{"ltp":1.65,"id":235}]}]}
{"op":"mcm","clk":"11958271530","pt":1724571649698,"mc":[{"id":"1.232209555","rc":[{"ltp":1.64,"id":235}]}]}
{"op":"mcm","clk":"11958277232","pt":1724571713458,"mc":[{"id":"1.232209555","rc":[{"ltp":1.63,"id":235}]}]}
{"op":"mcm","clk":"11958282809","pt":1724571772628,"mc":[{"id":"1.232209555","rc":[{"ltp":1.64,"id":235}]}]}
{"op":"mcm","clk":"11958362796","pt":1724572729236,"mc":[{"id":"1.232209555","rc":[{"ltp":1.67,"id":235}]}]}
{"op":"mcm","clk":"11958379628","pt":1724572909510,"mc":[{"id":"1.232209555","rc":[{"ltp":1.65,"id":235}]}]}
{"op":"mcm","clk":"11958771679","pt":1724576541580,"mc":[{"id":"1.232209555","rc":[{"ltp":1.66,"id":235}]}]}
{"op":"mcm","clk":"11958844186","pt":1724577216165,"mc":[{"id":"1.232209555","rc":[{"ltp":1.65,"id":235}]}]}
{"op":"mcm","clk":"11958976394","pt":1724578389795,"mc":[{"id":"1.232209555","rc":[{"ltp":1.66,"id":235}]}]}
{"op":"mcm","clk":"11959011196","pt":1724578664665,"mc":[{"id":"1.232209555","rc":[{"ltp":1.65,"id":235}]}]}
{"op":"mcm","clk":"11959079626","pt":1724579113161,"mc":[{"id":"1.232209555","rc":[{"ltp":1.66,"id":235}]}]}
{"op":"mcm","clk":"11959098419","pt":1724579268048,"mc":[{"id":"1.232209555","rc":[{"ltp":1.67,"id":235}]}]}
{"op":"mcm","clk":"11959109674","pt":1724579360877,"mc":[{"id":"1.232209555","rc":[{"ltp":1.66,"id":235}]}]}
{"op":"mcm","clk":"11959240855","pt":1724580376787,"mc":[{"id":"1.232209555","rc":[{"ltp":2.5,"id":349}]}]}
{"op":"mcm","clk":"11959449190","pt":1724581737026,"mc":[{"id":"1.232209555","rc":[{"ltp":1.67,"id":235}]}]}
{"op":"mcm","clk":"11959523483","pt":1724582210669,"mc":[{"id":"1.232209555","rc":[{"ltp":2.48,"id":349}]}]}
{"op":"mcm","clk":"11959606690","pt":1724582753557,"mc":[{"id":"1.232209555","rc":[{"ltp":2.52,"id":349},{"ltp":1.65,"id":235}]}]}
{"op":"mcm","clk":"11959677326","pt":1724583221513,"mc":[{"id":"1.232209555","rc":[{"ltp":1.66,"id":235}]}]}
{"op":"mcm","clk":"11959695960","pt":1724583347532,"mc":[{"id":"1.232209555","rc":[{"ltp":2.5,"id":349}]}]}
{"op":"mcm","clk":"11959701635","pt":1724583386093,"mc":[{"id":"1.232209555","rc":[{"ltp":1.65,"id":235}]}]}
{"op":"mcm","clk":"11959721565","pt":1724583529808,"mc":[{"id":"1.232209555","rc":[{"ltp":1.66,"id":235}]}]}
{"op":"mcm","clk":"11959727650","pt":1724583569855,"mc":[{"id":"1.232209555","rc":[{"ltp":1.67,"id":235}]}]}
{"op":"mcm","clk":"11959750609","pt":1724583704195,"mc":[{"id":"1.232209555","rc":[{"ltp":2.48,"id":349}]}]}
{"op":"mcm","clk":"11959891357","pt":1724584385973,"mc":[{"id":"1.232209555","rc":[{"ltp":1.66,"id":235}]}]}
{"op":"mcm","clk":"11960172594","pt":1724585791782,"mc":[{"id":"1.232209555","rc":[{"ltp":2.5,"id":349}]}]}
{"op":"mcm","clk":"11960253049","pt":1724586197548,"mc":[{"id":"1.232209555","rc":[{"ltp":1.67,"id":235}]}]}
{"op":"mcm","clk":"11960352987","pt":1724586771682,"mc":[{"id":"1.232209555","rc":[{"ltp":1.66,"id":235}]}]}
{"op":"mcm","clk":"11960373888","pt":1724586912719,"mc":[{"id":"1.232209555","rc":[{"ltp":2.48,"id":349}]}]}
{"op":"mcm","clk":"11960389918","pt":1724587013844,"mc":[{"id":"1.232209555","rc":[{"ltp":2.5,"id":349}]}]}
{"op":"mcm","clk":"11960449245","pt":1724587388835,"mc":[{"id":"1.232209555","rc":[{"ltp":1.65,"id":235}]}]}
{"op":"mcm","clk":"11960467843","pt":1724587493051,"mc":[{"id":"1.232209555","rc":[{"ltp":1.67,"id":235}]}]}
{"op":"mcm","clk":"11960531440","pt":1724587826068,"mc":[{"id":"1.232209555","rc":[{"ltp":1.66,"id":235}]}]}
{"op":"mcm","clk":"11960548043","pt":1724587912567,"mc":[{"id":"1.232209555","rc":[{"ltp":2.58,"id":349},{"ltp":1.63,"id":235}]}]}
{"op":"mcm","clk":"11960564162","pt":1724587974192,"mc":[{"id":"1.232209555","rc":[{"ltp":2.6,"id":349}]}]}
{"op":"mcm","clk":"11960572965","pt":1724588022581,"mc":[{"id":"1.232209555","rc":[{"ltp":2.58,"id":349},{"ltp":1.64,"id":235}]}]}
{"op":"mcm","clk":"11960583521","pt":1724588081113,"mc":[{"id":"1.232209555","rc":[{"ltp":2.52,"id":349},{"ltp":1.67,"id":235}]}]}
{"op":"mcm","clk":"11960648572","pt":1724588443373,"mc":[{"id":"1.232209555","rc":[{"ltp":2.5,"id":349},{"ltp":1.66,"id":235}]}]}
{"op":"mcm","clk":"11960724661","pt":1724588868111,"mc":[{"id":"1.232209555","rc":[{"ltp":2.52,"id":349}]}]}
{"op":"mcm","clk":"11960836694","pt":1724589463817,"mc":[{"id":"1.232209555","rc":[{"ltp":1.65,"id":235}]}]}
{"op":"mcm","clk":"11960855468","pt":1724589569423,"mc":[{"id":"1.232209555","rc":[{"ltp":2.54,"id":349}]}]}
{"op":"mcm","clk":"11960871155","pt":1724589650926,"mc":[{"id":"1.232209555","rc":[{"ltp":1.64,"id":235}]}]}
{"op":"mcm","clk":"11960916673","pt":1724589816642,"mc":[{"id":"1.232209555","rc":[{"ltp":2.52,"id":349},{"ltp":1.65,"id":235}]}]}
{"op":"mcm","clk":"11960931129","pt":1724589892015,"mc":[{"id":"1.232209555","rc":[{"ltp":2.54,"id":349}]}]}
{"op":"mcm","clk":"11960982277","pt":1724590187109,"mc":[{"id":"1.232209555","rc":[{"ltp":1.66,"id":235}]}]}
{"op":"mcm","clk":"11960991614","pt":1724590250776,"mc":[{"id":"1.232209555","rc":[{"ltp":1.65,"id":235}]}]}
{"op":"mcm","clk":"11960997267","pt":1724590290701,"mc":[{"id":"1.232209555","rc":[{"ltp":1.66,"id":235}]}]}
{"op":"mcm","clk":"11961077532","pt":1724590849479,"mc":[{"id":"1.232209555","rc":[{"ltp":1.67,"id":235}]}]}
{"op":"mcm","clk":"11961165499","pt":1724591359574,"mc":[{"id":"1.232209555","rc":[{"ltp":1.66,"id":235}]}]}
{"op":"mcm","clk":"11961177408","pt":1724591426549,"mc":[{"id":"1.232209555","rc":[{"ltp":1.67,"id":235}]}]}
{"op":"mcm","clk":"11961189584","pt":1724591492244,"mc":[{"id":"1.232209555","rc":[{"ltp":1.66,"id":235}]}]}
{"op":"mcm","clk":"11961209749","pt":1724591597459,"mc":[{"id":"1.232209555","rc":[{"ltp":2.5,"id":349}]}]}
{"op":"mcm","clk":"11961318891","pt":1724592216873,"mc":[{"id":"1.232209555","rc":[{"ltp":1.67,"id":235}]}]}
{"op":"mcm","clk":"11961350126","pt":1724592411179,"mc":[{"id":"1.232209555","rc":[{"ltp":1.68,"id":235}]}]}
{"op":"mcm","clk":"11961360114","pt":1724592474135,"mc":[{"id":"1.232209555","rc":[{"ltp":2.48,"id":349}]}]}
{"op":"mcm","clk":"11961498308","pt":1724593295941,"mc":[{"id":"1.232209555","rc":[{"ltp":1.67,"id":235}]}]}
{"op":"mcm","clk":"11961519043","pt":1724593415716,"mc":[{"id":"1.232209555","rc":[{"ltp":1.68,"id":235}]}]}
{"op":"mcm","clk":"11961586720","pt":1724593822889,"mc":[{"id":"1.232209555","rc":[{"ltp":1.67,"id":235}]}]}
{"op":"mcm","clk":"11961695384","pt":1724594572159,"mc":[{"id":"1.232209555","rc":[{"ltp":2.52,"id":349},{"ltp":1.66,"id":235}]}]}
{"op":"mcm","clk":"11961723134","pt":1724594742738,"mc":[{"id":"1.232209555","rc":[{"ltp":2.54,"id":349},{"ltp":1.65,"id":235}]}]}
{"op":"mcm","clk":"11961774884","pt":1724595052149,"mc":[{"id":"1.232209555","rc":[{"ltp":2.56,"id":349},{"ltp":1.64,"id":235}]}]}
{"op":"mcm","clk":"11961793037","pt":1724595162512,"mc":[{"id":"1.232209555","rc":[{"ltp":2.42,"id":349},{"ltp":1.7,"id":235}]}]}
{"op":"mcm","clk":"11961827395","pt":1724595282506,"mc":[{"id":"1.232209555","rc":[{"ltp":1.68,"id":235}]}]}
{"op":"mcm","clk":"11961880091","pt":1724595577554,"mc":[{"id":"1.232209555","rc":[{"ltp":2.48,"id":349},{"ltp":1.67,"id":235}]}]}
{"op":"mcm","clk":"11962090730","pt":1724596709310,"mc":[{"id":"1.232209555","rc":[{"ltp":1.66,"id":235}]}]}
{"op":"mcm","clk":"11962119465","pt":1724596851721,"mc":[{"id":"1.232209555","rc":[{"ltp":1.68,"id":235}]}]}
{"op":"mcm","clk":"11962205142","pt":1724597295589,"mc":[{"id":"1.232209555","rc":[{"ltp":1.67,"id":235}]}]}
{"op":"mcm","clk":"11962312844","pt":1724597861669,"mc":[{"id":"1.232209555","rc":[{"ltp":2.46,"id":349}]}]}
{"op":"mcm","clk":"11962338033","pt":1724597993778,"mc":[{"id":"1.232209555","rc":[{"ltp":1.68,"id":235}]}]}
{"op":"mcm","clk":"11962378586","pt":1724598173547,"mc":[{"id":"1.232209555","rc":[{"ltp":1.69,"id":235}]}]}
{"op":"mcm","clk":"11962393435","pt":1724598233902,"mc":[{"id":"1.232209555","rc":[{"ltp":1.68,"id":235}]}]}
{"op":"mcm","clk":"11962520986","pt":1724598760309,"mc":[{"id":"1.232209555","rc":[{"ltp":1.69,"id":235}]}]}
{"op":"mcm","clk":"11962550736","pt":1724598883735,"mc":[{"id":"1.232209555","rc":[{"ltp":2.44,"id":349},{"ltp":1.68,"id":235}]}]}
{"op":"mcm","clk":"11962650115","pt":1724599310911,"mc":[{"id":"1.232209555","rc":[{"ltp":1.7,"id":235}]}]}
{"op":"mcm","clk":"11962662423","pt":1724599367753,"mc":[{"id":"1.232209555","rc":[{"ltp":2.42,"id":349},{"ltp":1.71,"id":235}]}]}
{"op":"mcm","clk":"11962688615","pt":1724599493393,"mc":[{"id":"1.232209555","rc":[{"ltp":2.44,"id":349}]}]}
{"op":"mcm","clk":"11962713480","pt":1724599608758,"mc":[{"id":"1.232209555","rc":[{"ltp":2.4,"id":349},{"ltp":1.72,"id":235}]}]}
{"op":"mcm","clk":"11962725158","pt":1724599667841,"mc":[{"id":"1.232209555","rc":[{"ltp":1.71,"id":235}]}]}
{"op":"mcm","clk":"11962738532","pt":1724599733719,"mc":[{"id":"1.232209555","rc":[{"ltp":1.72,"id":235}]}]}
{"op":"mcm","clk":"11962764191","pt":1724599849186,"mc":[{"id":"1.232209555","rc":[{"ltp":1.71,"id":235}]}]}
{"op":"mcm","clk":"11962858907","pt":1724600266750,"mc":[{"id":"1.232209555","rc":[{"ltp":1.72,"id":235}]}]}
{"op":"mcm","clk":"11962970253","pt":1724600694051,"mc":[{"id":"1.232209555","rc":[{"ltp":1.71,"id":235}]}]}
{"op":"mcm","clk":"11963024671","pt":1724600934271,"mc":[{"id":"1.232209555","rc":[{"ltp":1.69,"id":235}]}]}
{"op":"mcm","clk":"11963091799","pt":1724601285297,"mc":[{"id":"1.232209555","rc":[{"ltp":2.42,"id":349}]}]}
{"op":"mcm","clk":"11963113913","pt":1724601402128,"mc":[{"id":"1.232209555","rc":[{"ltp":1.7,"id":235}]}]}
{"op":"mcm","clk":"11963145377","pt":1724601571790,"mc":[{"id":"1.232209555","rc":[{"ltp":1.69,"id":235}]}]}
{"op":"mcm","clk":"11963157371","pt":1724601630527,"mc":[{"id":"1.232209555","rc":[{"ltp":1.7,"id":235}]}]}
{"op":"mcm","clk":"11963190356","pt":1724601772565,"mc":[{"id":"1.232209555","rc":[{"ltp":1.69,"id":235}]}]}
{"op":"mcm","clk":"11963199939","pt":1724601812052,"mc":[{"id":"1.232209555","rc":[{"ltp":2.44,"id":349},{"ltp":1.7,"id":235}]}]}
{"op":"mcm","clk":"11963214924","pt":1724601875684,"mc":[{"id":"1.232209555","rc":[{"ltp":1.69,"id":235}]}]}
{"op":"mcm","clk":"11963233873","pt":1724601950753,"mc":[{"id":"1.232209555","rc":[{"ltp":2.46,"id":349}]}]}
{"op":"mcm","clk":"11963277368","pt":1724602114936,"mc":[{"id":"1.232209555","rc":[{"ltp":2.44,"id":349}]}]}
{"op":"mcm","clk":"11963358414","pt":1724602427700,"mc":[{"id":"1.232209555","rc":[{"ltp":2.4,"id":349},{"ltp":1.71,"id":235}]}]}
{"op":"mcm","clk":"11963375700","pt":1724602493740,"mc":[{"id":"1.232209555","rc":[{"ltp":1.7,"id":235}]}]}
{"op":"mcm","clk":"11963437339","pt":1724602732464,"mc":[{"id":"1.232209555","rc":[{"ltp":2.44,"id":349},{"ltp":1.69,"id":235}]}]}
{"op":"mcm","clk":"11963452761","pt":1724602792688,"mc":[{"id":"1.232209555","rc":[{"ltp":1.67,"id":235}]}]}
{"op":"mcm","clk":"11963467275","pt":1724602849660,"mc":[{"id":"1.232209555","rc":[{"ltp":1.68,"id":235}]}]}
{"op":"mcm","clk":"11963523266","pt":1724603081529,"mc":[{"id":"1.232209555","rc":[{"ltp":1.69,"id":235}]}]}
{"op":"mcm","clk":"11963592254","pt":1724603389351,"mc":[{"id":"1.232209555","rc":[{"ltp":2.48,"id":349},{"ltp":1.67,"id":235}]}]}
{"op":"mcm","clk":"11963684726","pt":1724603807760,"mc":[{"id":"1.232209555","rc":[{"ltp":1.66,"id":235}]}]}
{"op":"mcm","clk":"11963775164","pt":1724604224711,"mc":[{"id":"1.232209555","rc":[{"ltp":1.67,"id":235}]}]}
{"op":"mcm","clk":"11963786694","pt":1724604278740,"mc":[{"id":"1.232209555","rc":[{"ltp":2.52,"id":349},{"ltp":1.66,"id":235}]}]}
{"op":"mcm","clk":"11963836698","pt":1724604530209,"mc":[{"id":"1.232209555","rc":[{"ltp":2.5,"id":349}]}]}
{"op":"mcm","clk":"11963865011","pt":1724604695751,"mc":[{"id":"1.232209555","rc":[{"ltp":2.48,"id":349}]}]}
{"op":"mcm","clk":"11963876569","pt":1724604773829,"mc":[{"id":"1.232209555","rc":[{"ltp":1.67,"id":235}]}]}
{"op":"mcm","clk":"11963881183","pt":1724604807792,"mc":[{"id":"1.232209555","rc":[{"ltp":2.5,"id":349}]}]}
{"op":"mcm","clk":"11963892615","pt":1724604891115,"mc":[{"id":"1.232209555","rc":[{"ltp":2.48,"id":349}]}]}
{"op":"mcm","clk":"11963901112","pt":1724604953293,"mc":[{"id":"1.232209555","rc":[{"ltp":1.66,"id":235}]}]}
{"op":"mcm","clk":"11963907390","pt":1724604998784,"mc":[{"id":"1.232209555","rc":[{"ltp":2.5,"id":349}]}]}
{"op":"mcm","clk":"11963940428","pt":1724605251983,"mc":[{"id":"1.232209555","rc":[{"ltp":2.52,"id":349},{"ltp":1.67,"id":235}]}]}
{"op":"mcm","clk":"11963976570","pt":1724605487682,"mc":[{"id":"1.232209555","rc":[{"ltp":2.48,"id":349}]}]}
{"op":"mcm","clk":"11964048156","pt":1724605882335,"mc":[{"id":"1.232209555","rc":[{"ltp":1.66,"id":235}]}]}
{"op":"mcm","clk":"11964064383","pt":1724605970924,"mc":[{"id":"1.232209555","rc":[{"ltp":1.68,"id":235}]}]}
{"op":"mcm","clk":"11964099934","pt":1724606092037,"mc":[{"id":"1.232209555","rc":[{"ltp":2.46,"id":349}]}]}
{"op":"mcm","clk":"11964106848","pt":1724606126479,"mc":[{"id":"1.232209555","rc":[{"ltp":1.67,"id":235}]}]}
{"op":"mcm","clk":"11964121095","pt":1724606200700,"mc":[{"id":"1.232209555","rc":[{"ltp":1.69,"id":235}]}]}
{"op":"mcm","clk":"11964145340","pt":1724606330734,"mc":[{"id":"1.232209555","rc":[{"ltp":1.68,"id":235}]}]}
{"op":"mcm","clk":"11964167983","pt":1724606449829,"mc":[{"id":"1.232209555","rc":[{"ltp":1.69,"id":235}]}]}
{"op":"mcm","clk":"11964180174","pt":1724606512766,"mc":[{"id":"1.232209555","rc":[{"ltp":2.48,"id":349},{"ltp":1.67,"id":235}]}]}
{"op":"mcm","clk":"11964190853","pt":1724606568919,"mc":[{"id":"1.232209555","rc":[{"ltp":2.46,"id":349},{"ltp":1.69,"id":235}]}]}
{"op":"mcm","clk":"11964225000","pt":1724606753760,"mc":[{"id":"1.232209555","rc":[{"ltp":1.68,"id":235}]}]}
{"op":"mcm","clk":"11964257111","pt":1724606925717,"mc":[{"id":"1.232209555","rc":[{"ltp":2.5,"id":349}]}]}
{"op":"mcm","clk":"11964269282","pt":1724606993221,"mc":[{"id":"1.232209555","rc":[{"ltp":2.46,"id":349},{"ltp":1.69,"id":235}]}]}
{"op":"mcm","clk":"11964304702","pt":1724607167097,"mc":[{"id":"1.232209555","rc":[{"ltp":1.67,"id":235}]}]}
{"op":"mcm","clk":"11964329896","pt":1724607288536,"mc":[{"id":"1.232209555","rc":[{"ltp":1.69,"id":235}]}]}
{"op":"mcm","clk":"11964342412","pt":1724607349235,"mc":[{"id":"1.232209555","rc":[{"ltp":1.67,"id":235}]}]}
{"op":"mcm","clk":"11964420951","pt":1724607714071,"mc":[{"id":"1.232209555","rc":[{"ltp":2.48,"id":349}]}]}
{"op":"mcm","clk":"11964431029","pt":1724607759738,"mc":[{"id":"1.232209555","rc":[{"ltp":2.5,"id":349},{"ltp":1.68,"id":235}]}]}
{"op":"mcm","clk":"11964443256","pt":1724607817799,"mc":[{"id":"1.232209555","rc":[{"ltp":2.48,"id":349}]}]}
{"op":"mcm","clk":"11964458992","pt":1724607893567,"mc":[{"id":"1.232209555","rc":[{"ltp":2.46,"id":349},{"ltp":1.69,"id":235}]}]}
{"op":"mcm","clk":"11964514370","pt":1724608165248,"mc":[{"id":"1.232209555","rc":[{"ltp":2.44,"id":349}]}]}
{"op":"mcm","clk":"11964536331","pt":1724608291497,"mc":[{"id":"1.232209555","rc":[{"ltp":2.48,"id":349}]}]}
{"op":"mcm","clk":"11964549999","pt":1724608370545,"mc":[{"id":"1.232209555","rc":[{"ltp":2.44,"id":349},{"ltp":1.68,"id":235}]}]}
{"op":"mcm","clk":"11964570771","pt":1724608493685,"mc":[{"id":"1.232209555","rc":[{"ltp":2.48,"id":349},{"ltp":1.67,"id":235}]}]}
{"op":"mcm","clk":"11964580017","pt":1724608549028,"mc":[{"id":"1.232209555","rc":[{"ltp":2.44,"id":349},{"ltp":1.69,"id":235}]}]}
{"op":"mcm","clk":"11964600135","pt":1724608672106,"mc":[{"id":"1.232209555","rc":[{"ltp":1.68,"id":235}]}]}
{"op":"mcm","clk":"11964628245","pt":1724608839350,"mc":[{"id":"1.232209555","rc":[{"ltp":1.69,"id":235}]}]}
{"op":"mcm","clk":"11964640170","pt":1724608911342,"mc":[{"id":"1.232209555","rc":[{"ltp":2.48,"id":349},{"ltp":1.68,"id":235}]}]}
{"op":"mcm","clk":"11964660155","pt":1724609024193,"mc":[{"id":"1.232209555","rc":[{"ltp":2.46,"id":349}]}]}
{"op":"mcm","clk":"11964683615","pt":1724609151665,"mc":[{"id":"1.232209555","rc":[{"ltp":1.69,"id":235}]}]}
{"op":"mcm","clk":"11964692912","pt":1724609203968,"mc":[{"id":"1.232209555","rc":[{"ltp":1.68,"id":235}]}]}
{"op":"mcm","clk":"11964704466","pt":1724609269742,"mc":[{"id":"1.232209555","rc":[{"ltp":1.69,"id":235}]}]}
{"op":"mcm","clk":"11964726315","pt":1724609393433,"mc":[{"id":"1.232209555","rc":[{"ltp":2.44,"id":349}]}]}
{"op":"mcm","clk":"11964758103","pt":1724609564810,"mc":[{"id":"1.232209555","rc":[{"ltp":1.68,"id":235}]}]}
{"op":"mcm","clk":"11964770570","pt":1724609633982,"mc":[{"id":"1.232209555","rc":[{"ltp":2.46,"id":349},{"ltp":1.69,"id":235}]}]}
{"op":"mcm","clk":"11964780672","pt":1724609694026,"mc":[{"id":"1.232209555","rc":[{"ltp":2.52,"id":349},{"ltp":1.66,"id":235}]}]}
{"op":"mcm","clk":"11964811089","pt":1724609874226,"mc":[{"id":"1.232209555","rc":[{"ltp":1.65,"id":235}]}]}
{"op":"mcm","clk":"11964831825","pt":1724609993785,"mc":[{"id":"1.232209555","rc":[{"ltp":1.66,"id":235}]}]}
{"op":"mcm","clk":"11964862070","pt":1724610173973,"mc":[{"id":"1.232209555","rc":[{"ltp":2.5,"id":349},{"ltp":1.67,"id":235}]}]}
{"op":"mcm","clk":"11964871677","pt":1724610234183,"mc":[{"id":"1.232209555","rc":[{"ltp":2.52,"id":349},{"ltp":1.66,"id":235}]}]}
{"op":"mcm","clk":"11964890326","pt":1724610349118,"mc":[{"id":"1.232209555","rc":[{"ltp":2.5,"id":349},{"ltp":1.67,"id":235}]}]}
{"op":"mcm","clk":"11964938919","pt":1724610653695,"mc":[{"id":"1.232209555","rc":[{"ltp":2.46,"id":349},{"ltp":1.68,"id":235}]}]}
{"op":"mcm","clk":"11964948774","pt":1724610713834,"mc":[{"id":"1.232209555","rc":[{"ltp":2.44,"id":349},{"ltp":1.7,"id":235}]}]}
{"op":"mcm","clk":"11964958213","pt":1724610773627,"mc":[{"id":"1.232209555","rc":[{"ltp":2.36,"id":349},{"ltp":1.73,"id":235}]}]}
{"op":"mcm","clk":"11964967977","pt":1724610832813,"mc":[{"id":"1.232209555","rc":[{"ltp":2.34,"id":349},{"ltp":1.75,"id":235}]}]}
{"op":"mcm","clk":"11964978388","pt":1724610893158,"mc":[{"id":"1.232209555","rc":[{"ltp":2.32,"id":349}]}]}
{"op":"mcm","clk":"11964988624","pt":1724610953022,"mc":[{"id":"1.232209555","rc":[{"ltp":2.28,"id":349},{"ltp":1.77,"id":235}]}]}
{"op":"mcm","clk":"11964999770","pt":1724611014178,"mc":[{"id":"1.232209555","rc":[{"ltp":2.36,"id":349},{"ltp":1.74,"id":235}]}]}
{"op":"mcm","clk":"11965011416","pt":1724611073839,"mc":[{"id":"1.232209555","rc":[{"ltp":2.34,"id":349}]}]}
{"op":"mcm","clk":"11965022822","pt":1724611133508,"mc":[{"id":"1.232209555","rc":[{"ltp":2.36,"id":349},{"ltp":1.73,"id":235}]}]}
{"op":"mcm","clk":"11965034182","pt":1724611194259,"mc":[{"id":"1.232209555","rc":[{"ltp":2.34,"id":349},{"ltp":1.75,"id":235}]}]}
{"op":"mcm","clk":"11965045513","pt":1724611253076,"mc":[{"id":"1.232209555","rc":[{"ltp":2.3,"id":349},{"ltp":1.76,"id":235}]}]}
{"op":"mcm","clk":"11965057326","pt":1724611314246,"mc":[{"id":"1.232209555","rc":[{"ltp":1.77,"id":235}]}]}
{"op":"mcm","clk":"11965068332","pt":1724611372904,"mc":[{"id":"1.232209555","rc":[{"ltp":1.76,"id":235}]}]}
{"op":"mcm","clk":"11965103619","pt":1724611493895,"mc":[{"id":"1.232209555","rc":[{"ltp":2.32,"id":349},{"ltp":1.74,"id":235}]}]}
{"op":"mcm","clk":"11965115718","pt":1724611553211,"mc":[{"id":"1.232209555","rc":[{"ltp":1.75,"id":235}]}]}
{"op":"mcm","clk":"11965138988","pt":1724611674003,"mc":[{"id":"1.232209555","rc":[{"ltp":1.76,"id":235}]}]}
{"op":"mcm","clk":"11965150214","pt":1724611733364,"mc":[{"id":"1.232209555","rc":[{"ltp":2.36,"id":349},{"ltp":1.73,"id":235}]}]}
{"op":"mcm","clk":"11965159877","pt":1724611792822,"mc":[{"id":"1.232209555","rc":[{"ltp":2.38,"id":349},{"ltp":1.71,"id":235}]}]}
{"op":"mcm","clk":"11965179525","pt":1724611914136,"mc":[{"id":"1.232209555","rc":[{"ltp":1.72,"id":235}]}]}
{"op":"mcm","clk":"11965189114","pt":1724611973795,"mc":[{"id":"1.232209555","rc":[{"ltp":2.42,"id":349},{"ltp":1.71,"id":235}]}]}
{"op":"mcm","clk":"11965197877","pt":1724612030084,"mc":[{"id":"1.232209555","rc":[{"ltp":2.38,"id":349},{"ltp":1.72,"id":235}]}]}
{"op":"mcm","clk":"11965224845","pt":1724612214149,"mc":[{"id":"1.232209555","rc":[{"ltp":1.73,"id":235}]}]}
{"op":"mcm","clk":"11965233639","pt":1724612274232,"mc":[{"id":"1.232209555","rc":[{"ltp":2.4,"id":349},{"ltp":1.71,"id":235}]}]}
{"op":"mcm","clk":"11965242806","pt":1724612333674,"mc":[{"id":"1.232209555","rc":[{"ltp":2.42,"id":349},{"ltp":1.72,"id":235}]}]}
{"op":"mcm","clk":"11965252030","pt":1724612394182,"mc":[{"id":"1.232209555","rc":[{"ltp":2.36,"id":349},{"ltp":1.73,"id":235}]}]}
{"op":"mcm","clk":"11965262523","pt":1724612454298,"mc":[{"id":"1.232209555","marketDefinition":{"bspMarket":false,"turnInPlayEnabled":true,"persistenceEnabled":true,"marketBaseRate":5.0,"eventId":"33522302","eventTypeId":"4","numberOfWinners":1,"bettingType":"ODDS","marketType":"MATCH_ODDS","marketTime":"2024-08-25T19:00:00.000Z","suspendTime":"2024-08-25T19:00:00.000Z","bspReconciled":false,"complete":true,"inPlay":true,"crossMatching":true,"runnersVoidable":false,"numberOfActiveRunners":2,"betDelay":5,"status":"OPEN","runners":[{"status":"ACTIVE","sortPriority":1,"id":235,"name":"West Indies"},{"status":"ACTIVE","sortPriority":2,"id":349,"name":"South Africa"}],"regulators":["MR_INT"],"countryCode":"GB","discountAllowed":true,"timezone":"GMT","openDate":"2024-08-25T19:00:00.000Z","version":6100143763,"name":"Match Odds","eventName":"West Indies v South Africa"},"rc":[{"ltp":1.72,"id":235}]}]}
{"op":"mcm","clk":"11965273605","pt":1724612514247,"mc":[{"id":"1.232209555","rc":[{"ltp":2.16,"id":349},{"ltp":1.86,"id":235}]}]}
{"op":"mcm","clk":"11965284192","pt":1724612574047,"mc":[{"id":"1.232209555","rc":[{"ltp":2.26,"id":349},{"ltp":1.79,"id":235}]}]}
{"op":"mcm","clk":"11965294667","pt":1724612634276,"mc":[{"id":"1.232209555","rc":[{"ltp":2.08,"id":349},{"ltp":1.9,"id":235}]}]}
{"op":"mcm","clk":"11965304973","pt":1724612694289,"mc":[{"id":"1.232209555","rc":[{"ltp":2.12,"id":349},{"ltp":1.91,"id":235}]}]}
{"op":"mcm","clk":"11965315366","pt":1724612754138,"mc":[{"id":"1.232209555","rc":[{"ltp":2.02,"id":349},{"ltp":1.97,"id":235}]}]}
{"op":"mcm","clk":"11965326235","pt":1724612814214,"mc":[{"id":"1.232209555","rc":[{"ltp":2.16,"id":349},{"ltp":1.85,"id":235}]}]}
{"op":"mcm","clk":"11965338106","pt":1724612874268,"mc":[{"id":"1.232209555","rc":[{"ltp":2.4,"id":349},{"ltp":1.71,"id":235}]}]}
{"op":"mcm","clk":"11965349544","pt":1724612934211,"mc":[{"id":"1.232209555","rc":[{"ltp":2.44,"id":349},{"ltp":1.7,"id":235}]}]}
{"op":"mcm","clk":"11965361194","pt":1724612994202,"mc":[{"id":"1.232209555","rc":[{"ltp":2.34,"id":349},{"ltp":1.72,"id":235}]}]}
{"op":"mcm","clk":"11965372684","pt":1724613054276,"mc":[{"id":"1.232209555","rc":[{"ltp":2.54,"id":349},{"ltp":1.68,"id":235}]}]}
{"op":"mcm","clk":"11965384524","pt":1724613114264,"mc":[{"id":"1.232209555","rc":[{"ltp":2.36,"id":349},{"ltp":1.73,"id":235}]}]}
{"op":"mcm","clk":"11965395982","pt":1724613174273,"mc":[{"id":"1.232209555","rc":[{"ltp":2.28,"id":349},{"ltp":1.8,"id":235}]}]}
{"op":"mcm","clk":"11965407911","pt":1724613234169,"mc":[{"id":"1.232209555","rc":[{"ltp":2.22,"id":349},{"ltp":1.83,"id":235}]}]}
{"op":"mcm","clk":"11965420067","pt":1724613294134,"mc":[{"id":"1.232209555","rc":[{"ltp":2.2,"id":349},{"ltp":1.82,"id":235}]}]}
{"op":"mcm","clk":"11965431894","pt":1724613353769,"mc":[{"id":"1.232209555","rc":[{"ltp":2.28,"id":349},{"ltp":1.78,"id":235}]}]}
{"op":"mcm","clk":"11965443379","pt":1724613414280,"mc":[{"id":"1.232209555","rc":[{"ltp":2.58,"id":349},{"ltp":1.63,"id":235}]}]}
{"op":"mcm","clk":"11965454332","pt":1724613474235,"mc":[{"id":"1.232209555","rc":[{"ltp":2.48,"id":349},{"ltp":1.67,"id":235}]}]}
{"op":"mcm","clk":"11965465301","pt":1724613534242,"mc":[{"id":"1.232209555","rc":[{"ltp":2.42,"id":349},{"ltp":1.7,"id":235}]}]}
{"op":"mcm","clk":"11965476027","pt":1724613594205,"mc":[{"id":"1.232209555","rc":[{"ltp":2.44,"id":349},{"ltp":1.71,"id":235}]}]}
{"op":"mcm","clk":"11965486674","pt":1724613654286,"mc":[{"id":"1.232209555","rc":[{"ltp":2.56,"id":349},{"ltp":1.64,"id":235}]}]}
{"op":"mcm","clk":"11965496923","pt":1724613714212,"mc":[{"id":"1.232209555","rc":[{"ltp":2.52,"id":349},{"ltp":1.66,"id":235}]}]}
{"op":"mcm","clk":"11965505858","pt":1724613774270,"mc":[{"id":"1.232209555","rc":[{"ltp":2.24,"id":349},{"ltp":1.81,"id":235}]}]}
{"op":"mcm","clk":"11965515509","pt":1724613834114,"mc":[{"id":"1.232209555","rc":[{"ltp":2.28,"id":349},{"ltp":1.77,"id":235}]}]}
{"op":"mcm","clk":"11965524308","pt":1724613894298,"mc":[{"id":"1.232209555","rc":[{"ltp":2.3,"id":349},{"ltp":1.76,"id":235}]}]}
{"op":"mcm","clk":"11965533447","pt":1724613954250,"mc":[{"id":"1.232209555","rc":[{"ltp":2.28,"id":349}]}]}
{"op":"mcm","clk":"11965542507","pt":1724614014098,"mc":[{"id":"1.232209555","rc":[{"ltp":2.22,"id":349},{"ltp":1.82,"id":235}]}]}
{"op":"mcm","clk":"11965551554","pt":1724614074245,"mc":[{"id":"1.232209555","rc":[{"ltp":2.74,"id":349},{"ltp":1.57,"id":235}]}]}
{"op":"mcm","clk":"11965560133","pt":1724614134206,"mc":[{"id":"1.232209555","rc":[{"ltp":2.68,"id":349},{"ltp":1.58,"id":235}]}]}
{"op":"mcm","clk":"11965568585","pt":1724614194276,"mc":[{"id":"1.232209555","rc":[{"ltp":1.59,"id":235}]}]}
{"op":"mcm","clk":"11965576631","pt":1724614254233,"mc":[{"id":"1.232209555","rc":[{"ltp":3.0,"id":349},{"ltp":1.46,"id":235}]}]}
{"op":"mcm","clk":"11965585258","pt":1724614314278,"mc":[{"id":"1.232209555","rc":[{"ltp":3.1,"id":349},{"ltp":1.47,"id":235}]}]}
{"op":"mcm","clk":"11965593993","pt":1724614374242,"mc":[{"id":"1.232209555","rc":[{"ltp":3.55,"id":349},{"ltp":1.4,"id":235}]}]}
{"op":"mcm","clk":"11965603278","pt":1724614434199,"mc":[{"id":"1.232209555","rc":[{"ltp":3.5,"id":349}]}]}
{"op":"mcm","clk":"11965611995","pt":1724614494282,"mc":[{"id":"1.232209555","rc":[{"ltp":3.55,"id":349},{"ltp":1.39,"id":235}]}]}
{"op":"mcm","clk":"11965620661","pt":1724614554244,"mc":[{"id":"1.232209555","rc":[{"ltp":3.5,"id":349},{"ltp":1.4,"id":235}]}]}
{"op":"mcm","clk":"11965629367","pt":1724614614297,"mc":[{"id":"1.232209555","rc":[{"ltp":3.9,"id":349},{"ltp":1.34,"id":235}]}]}
{"op":"mcm","clk":"11965638175","pt":1724614674265,"mc":[{"id":"1.232209555","rc":[{"ltp":3.35,"id":349},{"ltp":1.42,"id":235}]}]}
{"op":"mcm","clk":"11965655058","pt":1724614794276,"mc":[{"id":"1.232209555","rc":[{"ltp":3.2,"id":349},{"ltp":1.45,"id":235}]}]}
{"op":"mcm","clk":"11965663205","pt":1724614854231,"mc":[{"id":"1.232209555","rc":[{"ltp":3.25,"id":349},{"ltp":1.44,"id":235}]}]}
{"op":"mcm","clk":"11965672154","pt":1724614914214,"mc":[{"id":"1.232209555","rc":[{"ltp":3.35,"id":349},{"ltp":1.42,"id":235}]}]}
{"op":"mcm","clk":"11965680438","pt":1724614974198,"mc":[{"id":"1.232209555","rc":[{"ltp":3.2,"id":349},{"ltp":1.44,"id":235}]}]}
{"op":"mcm","clk":"11965688558","pt":1724615034210,"mc":[{"id":"1.232209555","rc":[{"ltp":3.35,"id":349},{"ltp":1.42,"id":235}]}]}
{"op":"mcm","clk":"11965704788","pt":1724615154270,"mc":[{"id":"1.232209555","rc":[{"ltp":3.2,"id":349},{"ltp":1.44,"id":235}]}]}
{"op":"mcm","clk":"11965712857","pt":1724615214240,"mc":[{"id":"1.232209555","rc":[{"ltp":3.1,"id":349},{"ltp":1.47,"id":235}]}]}
{"op":"mcm","clk":"11965720833","pt":1724615274140,"mc":[{"id":"1.232209555","rc":[{"ltp":3.15,"id":349}]}]}
{"op":"mcm","clk":"11965728617","pt":1724615334220,"mc":[{"id":"1.232209555","rc":[{"ltp":2.74,"id":349},{"ltp":1.57,"id":235}]}]}
{"op":"mcm","clk":"11965736181","pt":1724615394269,"mc":[{"id":"1.232209555","rc":[{"ltp":2.78,"id":349}]}]}
{"op":"mcm","clk":"11965743625","pt":1724615454267,"mc":[{"id":"1.232209555","rc":[{"ltp":1.55,"id":235}]}]}
{"op":"mcm","clk":"11965750543","pt":1724615514190,"mc":[{"id":"1.232209555","rc":[{"ltp":2.74,"id":349},{"ltp":1.56,"id":235}]}]}
{"op":"mcm","clk":"11965757725","pt":1724615574017,"mc":[{"id":"1.232209555","rc":[{"ltp":2.78,"id":349}]}]}
{"op":"mcm","clk":"11965764487","pt":1724615634290,"mc":[{"id":"1.232209555","rc":[{"ltp":2.7,"id":349},{"ltp":1.59,"id":235}]}]}
{"op":"mcm","clk":"11965770643","pt":1724615694232,"mc":[{"id":"1.232209555","rc":[{"ltp":2.68,"id":349},{"ltp":1.61,"id":235}]}]}
{"op":"mcm","clk":"11965777050","pt":1724615754221,"mc":[{"id":"1.232209555","rc":[{"ltp":1.59,"id":235}]}]}
{"op":"mcm","clk":"11965782900","pt":1724615814277,"mc":[{"id":"1.232209555","rc":[{"ltp":3.1,"id":349},{"ltp":1.47,"id":235}]}]}
{"op":"mcm","clk":"11965788848","pt":1724615874236,"mc":[{"id":"1.232209555","rc":[{"ltp":3.0,"id":349},{"ltp":1.57,"id":235}]}]}
{"op":"mcm","clk":"11965795125","pt":1724615934298,"mc":[{"id":"1.232209555","rc":[{"ltp":2.3,"id":349},{"ltp":1.77,"id":235}]}]}
{"op":"mcm","clk":"11965801163","pt":1724615994268,"mc":[{"id":"1.232209555","rc":[{"ltp":2.36,"id":349},{"ltp":1.72,"id":235}]}]}
{"op":"mcm","clk":"11965807668","pt":1724616054043,"mc":[{"id":"1.232209555","rc":[{"ltp":2.32,"id":349},{"ltp":1.75,"id":235}]}]}
{"op":"mcm","clk":"11965814018","pt":1724616114225,"mc":[{"id":"1.232209555","rc":[{"ltp":2.22,"id":349},{"ltp":1.81,"id":235}]}]}
{"op":"mcm","clk":"11965820230","pt":1724616174290,"mc":[{"id":"1.232209555","rc":[{"ltp":2.38,"id":349},{"ltp":1.72,"id":235}]}]}
{"op":"mcm","clk":"11965826917","pt":1724616234246,"mc":[{"id":"1.232209555","rc":[{"ltp":2.28,"id":349},{"ltp":1.76,"id":235}]}]}
{"op":"mcm","clk":"11965833693","pt":1724616294234,"mc":[{"id":"1.232209555","rc":[{"ltp":2.26,"id":349},{"ltp":1.82,"id":235}]}]}
{"op":"mcm","clk":"11965841510","pt":1724616354204,"mc":[{"id":"1.232209555","rc":[{"ltp":2.22,"id":349},{"ltp":1.81,"id":235}]}]}
{"op":"mcm","clk":"11965848564","pt":1724616414271,"mc":[{"id":"1.232209555","rc":[{"ltp":2.18,"id":349},{"ltp":1.85,"id":235}]}]}
{"op":"mcm","clk":"11965856442","pt":1724616474218,"mc":[{"id":"1.232209555","rc":[{"ltp":2.44,"id":349},{"ltp":1.69,"id":235}]}]}
{"op":"mcm","clk":"11965864139","pt":1724616534272,"mc":[{"id":"1.232209555","rc":[{"ltp":2.6,"id":349},{"ltp":1.62,"id":235}]}]}
{"op":"mcm","clk":"11965871996","pt":1724616594208,"mc":[{"id":"1.232209555","rc":[{"ltp":2.56,"id":349},{"ltp":1.64,"id":235}]}]}
{"op":"mcm","clk":"11965879637","pt":1724616654278,"mc":[{"id":"1.232209555","rc":[{"ltp":2.8,"id":349},{"ltp":1.53,"id":235}]}]}
{"op":"mcm","clk":"11965887724","pt":1724616714225,"mc":[{"id":"1.232209555","rc":[{"ltp":2.92,"id":349}]}]}
{"op":"mcm","clk":"11965895700","pt":1724616774275,"mc":[{"id":"1.232209555","rc":[{"ltp":3.3,"id":349},{"ltp":1.42,"id":235}]}]}
{"op":"mcm","clk":"11965915348","pt":1724616834243,"mc":[{"id":"1.232209555","rc":[{"ltp":3.5,"id":349},{"ltp":1.41,"id":235}]}]}
{"op":"mcm","clk":"11965922329","pt":1724616894100,"mc":[{"id":"1.232209555","rc":[{"ltp":3.7,"id":349},{"ltp":1.37,"id":235}]}]}
{"op":"mcm","clk":"11965929774","pt":1724616954266,"mc":[{"id":"1.232209555","rc":[{"ltp":3.55,"id":349},{"ltp":1.39,"id":235}]}]}
{"op":"mcm","clk":"11965937112","pt":1724617014204,"mc":[{"id":"1.232209555","rc":[{"ltp":3.6,"id":349},{"ltp":1.38,"id":235}]}]}
{"op":"mcm","clk":"11965944546","pt":1724617074262,"mc":[{"id":"1.232209555","rc":[{"ltp":3.3,"id":349},{"ltp":1.43,"id":235}]}]}
{"op":"mcm","clk":"11965951706","pt":1724617134216,"mc":[{"id":"1.232209555","rc":[{"ltp":3.2,"id":349},{"ltp":1.46,"id":235}]}]}
{"op":"mcm","clk":"11965958809","pt":1724617193974,"mc":[{"id":"1.232209555","rc":[{"ltp":3.1,"id":349},{"ltp":1.47,"id":235}]}]}
{"op":"mcm","clk":"11965966164","pt":1724617254251,"mc":[{"id":"1.232209555","rc":[{"ltp":3.05,"id":349},{"ltp":1.48,"id":235}]}]}
{"op":"mcm","clk":"11965973242","pt":1724617314228,"mc":[{"id":"1.232209555","rc":[{"ltp":3.0,"id":349},{"ltp":1.49,"id":235}]}]}
{"op":"mcm","clk":"11965980512","pt":1724617374188,"mc":[{"id":"1.232209555","rc":[{"ltp":3.55,"id":349},{"ltp":1.39,"id":235}]}]}
{"op":"mcm","clk":"11965987080","pt":1724617434241,"mc":[{"id":"1.232209555","rc":[{"ltp":3.0,"id":349},{"ltp":1.5,"id":235}]}]}
{"op":"mcm","clk":"11965993374","pt":1724617494250,"mc":[{"id":"1.232209555","rc":[{"ltp":1.49,"id":235}]}]}
{"op":"mcm","clk":"11965999308","pt":1724617554200,"mc":[{"id":"1.232209555","rc":[{"ltp":3.05,"id":349}]}]}
{"op":"mcm","clk":"11966005731","pt":1724617614259,"mc":[{"id":"1.232209555","rc":[{"ltp":1.47,"id":235}]}]}
{"op":"mcm","clk":"11966011624","pt":1724617674140,"mc":[{"id":"1.232209555","rc":[{"ltp":3.1,"id":349},{"ltp":1.48,"id":235}]}]}
{"op":"mcm","clk":"11966017890","pt":1724617734286,"mc":[{"id":"1.232209555","rc":[{"ltp":2.92,"id":349},{"ltp":1.51,"id":235}]}]}
{"op":"mcm","clk":"11966024318","pt":1724617794165,"mc":[{"id":"1.232209555","rc":[{"ltp":2.82,"id":349},{"ltp":1.55,"id":235}]}]}
{"op":"mcm","clk":"11966031346","pt":1724617854256,"mc":[{"id":"1.232209555","rc":[{"ltp":2.72,"id":349},{"ltp":1.57,"id":235}]}]}
{"op":"mcm","clk":"11966038242","pt":1724617914201,"mc":[{"id":"1.232209555","rc":[{"ltp":1.58,"id":235}]}]}
{"op":"mcm","clk":"11966044546","pt":1724617974011,"mc":[{"id":"1.232209555","rc":[{"ltp":2.84,"id":349},{"ltp":1.54,"id":235}]}]}
{"op":"mcm","clk":"11966051079","pt":1724618034221,"mc":[{"id":"1.232209555","rc":[{"ltp":3.0,"id":349},{"ltp":1.49,"id":235}]}]}
{"op":"mcm","clk":"11966057277","pt":1724618094298,"mc":[{"id":"1.232209555","rc":[{"ltp":2.66,"id":349},{"ltp":1.6,"id":235}]}]}
{"op":"mcm","clk":"11966063364","pt":1724618154093,"mc":[{"id":"1.232209555","rc":[{"ltp":2.6,"id":349},{"ltp":1.62,"id":235}]}]}
{"op":"mcm","clk":"11966069035","pt":1724618214027,"mc":[{"id":"1.232209555","rc":[{"ltp":2.68,"id":349},{"ltp":1.58,"id":235}]}]}
{"op":"mcm","clk":"11966074641","pt":1724618274259,"mc":[{"id":"1.232209555","rc":[{"ltp":3.0,"id":349},{"ltp":1.5,"id":235}]}]}
{"op":"mcm","clk":"11966080399","pt":1724618334221,"mc":[{"id":"1.232209555","rc":[{"ltp":3.05,"id":349},{"ltp":1.49,"id":235}]}]}
{"op":"mcm","clk":"11966086509","pt":1724618394000,"mc":[{"id":"1.232209555","rc":[{"ltp":3.0,"id":349},{"ltp":1.5,"id":235}]}]}
{"op":"mcm","clk":"11966092617","pt":1724618453754,"mc":[{"id":"1.232209555","rc":[{"ltp":1.49,"id":235}]}]}
{"op":"mcm","clk":"11966099358","pt":1724618513937,"mc":[{"id":"1.232209555","rc":[{"ltp":2.96,"id":349},{"ltp":1.51,"id":235}]}]}
{"op":"mcm","clk":"11966105314","pt":1724618573136,"mc":[{"id":"1.232209555","rc":[{"ltp":2.98,"id":349}]}]}
{"op":"mcm","clk":"11966110838","pt":1724618634277,"mc":[{"id":"1.232209555","rc":[{"ltp":3.0,"id":349},{"ltp":1.5,"id":235}]}]}
{"op":"mcm","clk":"11966116375","pt":1724618694230,"mc":[{"id":"1.232209555","rc":[{"ltp":1.49,"id":235}]}]}
{"op":"mcm","clk":"11966121194","pt":1724618752742,"mc":[{"id":"1.232209555","rc":[{"ltp":2.96,"id":349},{"ltp":1.51,"id":235}]}]}
{"op":"mcm","clk":"11966126598","pt":1724618814215,"mc":[{"id":"1.232209555","rc":[{"ltp":2.94,"id":349},{"ltp":1.52,"id":235}]}]}
{"op":"mcm","clk":"11966131510","pt":1724618874082,"mc":[{"id":"1.232209555","rc":[{"ltp":2.92,"id":349}]}]}
{"op":"mcm","clk":"11966136640","pt":1724618934165,"mc":[{"id":"1.232209555","rc":[{"ltp":2.94,"id":349}]}]}
{"op":"mcm","clk":"11966141404","pt":1724618994007,"mc":[{"id":"1.232209555","rc":[{"ltp":2.92,"id":349},{"ltp":1.53,"id":235}]}]}
{"op":"mcm","clk":"11966145819","pt":1724619054239,"mc":[{"id":"1.232209555","rc":[{"ltp":2.8,"id":349},{"ltp":1.56,"id":235}]}]}
{"op":"mcm","clk":"11966150001","pt":1724619114210,"mc":[{"id":"1.232209555","rc":[{"ltp":1.55,"id":235}]}]}
{"op":"mcm","clk":"11966154544","pt":1724619174185,"mc":[{"id":"1.232209555","rc":[{"ltp":2.62,"id":349},{"ltp":1.6,"id":235}]}]}
{"op":"mcm","clk":"11966159044","pt":1724619234020,"mc":[{"id":"1.232209555","rc":[{"ltp":2.5,"id":349},{"ltp":1.67,"id":235}]}]}
{"op":"mcm","clk":"11966163319","pt":1724619294212,"mc":[{"id":"1.232209555","rc":[{"ltp":2.28,"id":349},{"ltp":1.78,"id":235}]}]}
{"op":"mcm","clk":"11966167795","pt":1724619354201,"mc":[{"id":"1.232209555","rc":[{"ltp":2.14,"id":349},{"ltp":1.87,"id":235}]}]}
{"op":"mcm","clk":"11966172040","pt":1724619414269,"mc":[{"id":"1.232209555","rc":[{"ltp":1.94,"id":349},{"ltp":2.06,"id":235}]}]}
{"op":"mcm","clk":"11966176114","pt":1724619474220,"mc":[{"id":"1.232209555","rc":[{"ltp":1.76,"id":349},{"ltp":2.3,"id":235}]}]}
{"op":"mcm","clk":"11966180274","pt":1724619534217,"mc":[{"id":"1.232209555","rc":[{"ltp":1.8,"id":349},{"ltp":2.22,"id":235}]}]}
{"op":"mcm","clk":"11966184282","pt":1724619594282,"mc":[{"id":"1.232209555","rc":[{"ltp":1.82,"id":349},{"ltp":2.2,"id":235}]}]}
{"op":"mcm","clk":"11966188756","pt":1724619654227,"mc":[{"id":"1.232209555","rc":[{"ltp":1.54,"id":349},{"ltp":2.84,"id":235}]}]}
{"op":"mcm","clk":"11966192931","pt":1724619714275,"mc":[{"id":"1.232209555","rc":[{"ltp":1.58,"id":349},{"ltp":2.72,"id":235}]}]}
{"op":"mcm","clk":"11966197170","pt":1724619774260,"mc":[{"id":"1.232209555","rc":[{"ltp":1.63,"id":349},{"ltp":2.6,"id":235}]}]}
{"op":"mcm","clk":"11966201342","pt":1724619834208,"mc":[{"id":"1.232209555","rc":[{"ltp":1.59,"id":349},{"ltp":2.62,"id":235}]}]}
{"op":"mcm","clk":"11966205694","pt":1724619894294,"mc":[{"id":"1.232209555","rc":[{"ltp":1.47,"id":349},{"ltp":3.1,"id":235}]}]}
{"op":"mcm","clk":"11966210351","pt":1724619954239,"mc":[{"id":"1.232209555","rc":[{"ltp":1.35,"id":349},{"ltp":3.9,"id":235}]}]}
{"op":"mcm","clk":"11966215101","pt":1724620014205,"mc":[{"id":"1.232209555","rc":[{"ltp":1.26,"id":349},{"ltp":4.8,"id":235}]}]}
{"op":"mcm","clk":"11966219644","pt":1724620074263,"mc":[{"id":"1.232209555","rc":[{"ltp":1.23,"id":349},{"ltp":5.2,"id":235}]}]}
{"op":"mcm","clk":"11966224405","pt":1724620134241,"mc":[{"id":"1.232209555","rc":[{"ltp":1.21,"id":349},{"ltp":5.5,"id":235}]}]}
{"op":"mcm","clk":"11966228988","pt":1724620194218,"mc":[{"id":"1.232209555","rc":[{"ltp":1.19,"id":349},{"ltp":6.2,"id":235}]}]}
{"op":"mcm","clk":"11966233518","pt":1724620254187,"mc":[{"id":"1.232209555","rc":[{"ltp":1.33,"id":349},{"ltp":4.0,"id":235}]}]}
{"op":"mcm","clk":"11966242209","pt":1724620374111,"mc":[{"id":"1.232209555","rc":[{"ltp":1.26,"id":349},{"ltp":4.7,"id":235}]}]}
{"op":"mcm","clk":"11966246618","pt":1724620434279,"mc":[{"id":"1.232209555","rc":[{"ltp":1.28,"id":349},{"ltp":4.6,"id":235}]}]}
{"op":"mcm","clk":"11966250930","pt":1724620494060,"mc":[{"id":"1.232209555","rc":[{"ltp":1.26,"id":349},{"ltp":5.0,"id":235}]}]}
{"op":"mcm","clk":"11966254978","pt":1724620554225,"mc":[{"id":"1.232209555","rc":[{"ltp":1.27,"id":349},{"ltp":4.7,"id":235}]}]}
{"op":"mcm","clk":"11966258909","pt":1724620614216,"mc":[{"id":"1.232209555","rc":[{"ltp":1.52,"id":349},{"ltp":2.9,"id":235}]}]}
{"op":"mcm","clk":"11966263135","pt":1724620674201,"mc":[{"id":"1.232209555","rc":[{"ltp":1.91,"id":349},{"ltp":2.24,"id":235}]}]}
{"op":"mcm","clk":"11966267056","pt":1724620734240,"mc":[{"id":"1.232209555","rc":[{"ltp":1.84,"id":349},{"ltp":2.16,"id":235}]}]}
{"op":"mcm","clk":"11966270972","pt":1724620794283,"mc":[{"id":"1.232209555","rc":[{"ltp":1.54,"id":349},{"ltp":2.84,"id":235}]}]}
{"op":"mcm","clk":"11966275341","pt":1724620854284,"mc":[{"id":"1.232209555","rc":[{"ltp":1.48,"id":349},{"ltp":3.0,"id":235}]}]}
{"op":"mcm","clk":"11966279289","pt":1724620914228,"mc":[{"id":"1.232209555","rc":[{"ltp":1.54,"id":349},{"ltp":2.84,"id":235}]}]}
{"op":"mcm","clk":"11966283140","pt":1724620974172,"mc":[{"id":"1.232209555","rc":[{"ltp":1.48,"id":349},{"ltp":3.0,"id":235}]}]}
{"op":"mcm","clk":"11966287216","pt":1724621034258,"mc":[{"id":"1.232209555","rc":[{"ltp":1.33,"id":349},{"ltp":4.0,"id":235}]}]}
{"op":"mcm","clk":"11966291123","pt":1724621094141,"mc":[{"id":"1.232209555","rc":[{"ltp":1.26,"id":349},{"ltp":4.7,"id":235}]}]}
{"op":"mcm","clk":"11966295606","pt":1724621154252,"mc":[{"id":"1.232209555","rc":[{"ltp":1.27,"id":349},{"ltp":4.5,"id":235}]}]}
{"op":"mcm","clk":"11966299827","pt":1724621214273,"mc":[{"id":"1.232209555","rc":[{"ltp":1.51,"id":349},{"ltp":2.98,"id":235}]}]}
{"op":"mcm","clk":"11966304195","pt":1724621274215,"mc":[{"id":"1.232209555","rc":[{"ltp":1.57,"id":349},{"ltp":2.74,"id":235}]}]}
{"op":"mcm","clk":"11966308611","pt":1724621334221,"mc":[{"id":"1.232209555","rc":[{"ltp":1.55,"id":349},{"ltp":2.82,"id":235}]}]}
{"op":"mcm","clk":"11966313165","pt":1724621394272,"mc":[{"id":"1.232209555","rc":[{"ltp":1.5,"id":349},{"ltp":3.0,"id":235}]}]}
{"op":"mcm","clk":"11966317979","pt":1724621454231,"mc":[{"id":"1.232209555","rc":[{"ltp":1.56,"id":349},{"ltp":2.78,"id":235}]}]}
{"op":"mcm","clk":"11966323052","pt":1724621514298,"mc":[{"id":"1.232209555","rc":[{"ltp":1.65,"id":349},{"ltp":2.52,"id":235}]}]}
{"op":"mcm","clk":"11966328077","pt":1724621574212,"mc":[{"id":"1.232209555","rc":[{"ltp":1.54,"id":349},{"ltp":2.84,"id":235}]}]}
{"op":"mcm","clk":"11966332804","pt":1724621633851,"mc":[{"id":"1.232209555","rc":[{"ltp":1.55,"id":349},{"ltp":2.78,"id":235}]}]}
{"op":"mcm","clk":"11966337669","pt":1724621694216,"mc":[{"id":"1.232209555","rc":[{"ltp":1.56,"id":349},{"ltp":2.86,"id":235}]}]}
{"op":"mcm","clk":"11966342579","pt":1724621754154,"mc":[{"id":"1.232209555","rc":[{"ltp":1.46,"id":349},{"ltp":3.1,"id":235}]}]}
{"op":"mcm","clk":"11966347362","pt":1724621814294,"mc":[{"id":"1.232209555","rc":[{"ltp":1.32,"id":349},{"ltp":4.1,"id":235}]}]}
{"op":"mcm","clk":"11966351915","pt":1724621874146,"mc":[{"id":"1.232209555","rc":[{"ltp":4.2,"id":235}]}]}
{"op":"mcm","clk":"11966356569","pt":1724621934148,"mc":[{"id":"1.232209555","rc":[{"ltp":1.27,"id":349},{"ltp":4.7,"id":235}]}]}
{"op":"mcm","clk":"11966361246","pt":1724621994116,"mc":[{"id":"1.232209555","rc":[{"ltp":1.28,"id":349},{"ltp":4.6,"id":235}]}]}
{"op":"mcm","clk":"11966365427","pt":1724622054155,"mc":[{"id":"1.232209555","rc":[{"ltp":1.27,"id":349},{"ltp":4.5,"id":235}]}]}
{"op":"mcm","clk":"11966369801","pt":1724622114164,"mc":[{"id":"1.232209555","rc":[{"ltp":1.29,"id":349},{"ltp":4.4,"id":235}]}]}
{"op":"mcm","clk":"11966374442","pt":1724622174097,"mc":[{"id":"1.232209555","rc":[{"ltp":1.31,"id":349},{"ltp":4.3,"id":235}]}]}
{"op":"mcm","clk":"11966389877","pt":1724622234160,"mc":[{"id":"1.232209555","rc":[{"ltp":1.3,"id":349}]}]}
{"op":"mcm","clk":"11966394077","pt":1724622294252,"mc":[{"id":"1.232209555","rc":[{"ltp":1.31,"id":349},{"ltp":4.2,"id":235}]}]}
{"op":"mcm","clk":"11966398045","pt":1724622354289,"mc":[{"id":"1.232209555","rc":[{"ltp":1.5,"id":349},{"ltp":3.0,"id":235}]}]}
{"op":"mcm","clk":"11966401918","pt":1724622414075,"mc":[{"id":"1.232209555","rc":[{"ltp":1.39,"id":349},{"ltp":3.7,"id":235}]}]}
{"op":"mcm","clk":"11966405817","pt":1724622474266,"mc":[{"id":"1.232209555","rc":[{"ltp":1.34,"id":349},{"ltp":3.85,"id":235}]}]}
{"op":"mcm","clk":"11966410146","pt":1724622534149,"mc":[{"id":"1.232209555","rc":[{"ltp":1.27,"id":349},{"ltp":4.7,"id":235}]}]}
{"op":"mcm","clk":"11966414085","pt":1724622594291,"mc":[{"id":"1.232209555","rc":[{"ltp":1.29,"id":349},{"ltp":4.4,"id":235}]}]}
{"op":"mcm","clk":"11966417837","pt":1724622653832,"mc":[{"id":"1.232209555","rc":[{"ltp":1.3,"id":349},{"ltp":4.3,"id":235}]}]}
{"op":"mcm","clk":"11966421710","pt":1724622714291,"mc":[{"id":"1.232209555","rc":[{"ltp":1.17,"id":349},{"ltp":6.8,"id":235}]}]}
{"op":"mcm","clk":"11966425700","pt":1724622774247,"mc":[{"id":"1.232209555","rc":[{"ltp":1.19,"id":349},{"ltp":6.2,"id":235}]}]}
{"op":"mcm","clk":"11966429450","pt":1724622834015,"mc":[{"id":"1.232209555","rc":[{"ltp":1.16,"id":349},{"ltp":7.2,"id":235}]}]}
{"op":"mcm","clk":"11966433067","pt":1724622894180,"mc":[{"id":"1.232209555","rc":[{"ltp":1.18,"id":349},{"ltp":6.4,"id":235}]}]}
{"op":"mcm","clk":"11966436333","pt":1724622954207,"mc":[{"id":"1.232209555","rc":[{"ltp":1.19,"id":349}]}]}
{"op":"mcm","clk":"11966439505","pt":1724623014099,"mc":[{"id":"1.232209555","rc":[{"ltp":1.22,"id":349},{"ltp":5.6,"id":235}]}]}
{"op":"mcm","clk":"11966446560","pt":1724623134271,"mc":[{"id":"1.232209555","rc":[{"ltp":1.46,"id":349},{"ltp":3.2,"id":235}]}]}
{"op":"mcm","clk":"11966450478","pt":1724623194240,"mc":[{"id":"1.232209555","rc":[{"ltp":1.45,"id":349},{"ltp":3.15,"id":235}]}]}
{"op":"mcm","clk":"11966454618","pt":1724623254295,"mc":[{"id":"1.232209555","rc":[{"ltp":1.4,"id":349},{"ltp":3.4,"id":235}]}]}
{"op":"mcm","clk":"11966458651","pt":1724623314281,"mc":[{"id":"1.232209555","rc":[{"ltp":1.38,"id":349},{"ltp":3.55,"id":235}]}]}
{"op":"mcm","clk":"11966462599","pt":1724623374275,"mc":[{"id":"1.232209555","rc":[{"ltp":1.37,"id":349},{"ltp":3.75,"id":235}]}]}
{"op":"mcm","clk":"11966466278","pt":1724623434287,"mc":[{"id":"1.232209555","rc":[{"ltp":1.94,"id":349},{"ltp":2.08,"id":235}]}]}
{"op":"mcm","clk":"11966471016","pt":1724623494259,"mc":[{"id":"1.232209555","rc":[{"ltp":1.85,"id":349},{"ltp":2.16,"id":235}]}]}
{"op":"mcm","clk":"11966475884","pt":1724623554298,"mc":[{"id":"1.232209555","rc":[{"ltp":1.79,"id":349},{"ltp":2.26,"id":235}]}]}
{"op":"mcm","clk":"11966480629","pt":1724623614292,"mc":[{"id":"1.232209555","rc":[{"ltp":1.86,"id":349},{"ltp":2.2,"id":235}]}]}
{"op":"mcm","clk":"11966484853","pt":1724623674229,"mc":[{"id":"1.232209555","rc":[{"ltp":1.95,"id":349},{"ltp":2.04,"id":235}]}]}
{"op":"mcm","clk":"11966489209","pt":1724623734184,"mc":[{"id":"1.232209555","rc":[{"ltp":2.1,"id":349},{"ltp":1.9,"id":235}]}]}
{"op":"mcm","clk":"11966494015","pt":1724623794199,"mc":[{"id":"1.232209555","rc":[{"ltp":3.55,"id":349},{"ltp":1.39,"id":235}]}]}
{"op":"mcm","clk":"11966498666","pt":1724623854261,"mc":[{"id":"1.232209555","rc":[{"ltp":4.3,"id":349},{"ltp":1.3,"id":235}]}]}
{"op":"mcm","clk":"11966503298","pt":1724623914215,"mc":[{"id":"1.232209555","rc":[{"ltp":4.4,"id":349},{"ltp":1.29,"id":235}]}]}
{"op":"mcm","clk":"11966508032","pt":1724623974285,"mc":[{"id":"1.232209555","rc":[{"ltp":3.9,"id":349},{"ltp":1.32,"id":235}]}]}
{"op":"mcm","clk":"11966512940","pt":1724624034285,"mc":[{"id":"1.232209555","rc":[{"ltp":4.4,"id":349},{"ltp":1.29,"id":235}]}]}
{"op":"mcm","clk":"11966517347","pt":1724624094277,"mc":[{"id":"1.232209555","rc":[{"ltp":4.5,"id":349},{"ltp":1.28,"id":235}]}]}
{"op":"mcm","clk":"11966521732","pt":1724624154205,"mc":[{"id":"1.232209555","rc":[{"ltp":8.0,"id":349},{"ltp":1.13,"id":235}]}]}
{"op":"mcm","clk":"11966525954","pt":1724624214272,"mc":[{"id":"1.232209555","rc":[{"ltp":9.2,"id":349},{"ltp":1.12,"id":235}]}]}
{"op":"mcm","clk":"11966530433","pt":1724624274244,"mc":[{"id":"1.232209555","rc":[{"ltp":12.0,"id":349},{"ltp":1.1,"id":235}]}]}
{"op":"mcm","clk":"11966534781","pt":1724624334237,"mc":[{"id":"1.232209555","rc":[{"ltp":120.0,"id":349},{"ltp":1.01,"id":235}]}]}
{"op":"mcm","clk":"11966538651","pt":1724624393917,"mc":[{"id":"1.232209555","rc":[{"ltp":140.0,"id":349}]}]}
{"op":"mcm","clk":"11966542170","pt":1724624453790,"mc":[{"id":"1.232209555","rc":[{"ltp":320.0,"id":349}]}]}
{"op":"mcm","clk":"11966545286","pt":1724624514290,"mc":[{"id":"1.232209555","rc":[{"ltp":450.0,"id":349}]}]}
{"op":"mcm","clk":"11966548481","pt":1724624574016,"mc":[{"id":"1.232209555","rc":[{"ltp":700.0,"id":349}]}]}
{"op":"mcm","clk":"11966551603","pt":1724624633900,"mc":[{"id":"1.232209555","rc":[{"ltp":1000.0,"id":349}]}]}
{"op":"mcm","clk":"11966572971","pt":1724625053695,"mc":[{"id":"1.232209555","marketDefinition":{"bspMarket":false,"turnInPlayEnabled":true,"persistenceEnabled":true,"marketBaseRate":5.0,"eventId":"33522302","eventTypeId":"4","numberOfWinners":1,"bettingType":"ODDS","marketType":"MATCH_ODDS","marketTime":"2024-08-25T19:00:00.000Z","suspendTime":"2024-08-25T19:00:00.000Z","bspReconciled":false,"complete":true,"inPlay":true,"crossMatching":true,"runnersVoidable":false,"numberOfActiveRunners":2,"betDelay":5,"status":"SUSPENDED","runners":[{"status":"ACTIVE","sortPriority":1,"id":235,"name":"West Indies"},{"status":"ACTIVE","sortPriority":2,"id":349,"name":"South Africa"}],"regulators":["MR_INT"],"countryCode":"GB","discountAllowed":true,"timezone":"GMT","openDate":"2024-08-25T19:00:00.000Z","version":6100722711,"name":"Match Odds","eventName":"West Indies v South Africa"}}]}
{"op":"mcm","clk":"11966594133","pt":1724625474596,"mc":[{"id":"1.232209555","marketDefinition":{"bspMarket":false,"turnInPlayEnabled":true,"persistenceEnabled":true,"marketBaseRate":5.0,"eventId":"33522302","eventTypeId":"4","numberOfWinners":1,"bettingType":"ODDS","marketType":"MATCH_ODDS","marketTime":"2024-08-25T19:00:00.000Z","suspendTime":"2024-08-25T19:00:00.000Z","bspReconciled":false,"complete":true,"inPlay":true,"crossMatching":false,"runnersVoidable":false,"numberOfActiveRunners":0,"betDelay":5,"status":"CLOSED","settledTime":"2024-08-25T22:36:33.000Z","runners":[{"status":"WINNER","sortPriority":1,"id":235,"name":"West Indies"},{"status":"LOSER","sortPriority":2,"id":349,"name":"South Africa"}],"regulators":["MR_INT"],"countryCode":"GB","discountAllowed":true,"timezone":"GMT","openDate":"2024-08-25T19:00:00.000Z","version":6100729757,"name":"Match Odds","eventName":"West Indies v South Africa"}}]}
