{"op":"mcm","clk":"11767145955","pt":1722616920617,"mc":[{"id":"1.231371294","marketDefinition":{"bspMarket":false,"turnInPlayEnabled":true,"persistenceEnabled":true,"marketBaseRate":5.0,"eventId":"33462952","eventTypeId":"4","numberOfWinners":1,"bettingType":"ODDS","marketType":"MATCH_ODDS","marketTime":"2024-08-04T09:00:00.000Z","suspendTime":"2024-08-04T09:00:00.000Z","bspReconciled":false,"complete":true,"inPlay":false,"crossMatching":true,"runnersVoidable":false,"numberOfActiveRunners":2,"betDelay":0,"status":"OPEN","runners":[{"status":"ACTIVE","sortPriority":1,"id":7337,"name":"Sri Lanka"},{"status":"ACTIVE","sortPriority":2,"id":414464,"name":"India"}],"regulators":["MR_INT"],"countryCode":"GB","discountAllowed":true,"timezone":"GMT","openDate":"2024-08-04T09:00:00.000Z","version":6051728105,"name":"Match Odds","eventName":"Sri Lanka v India"}}]}
{"op":"mcm","clk":"11767376549","pt":1722618527767,"mc":[{"id":"1.231371294","rc":[{"ltp":1.28,"id":414464},{"ltp":4.7,"id":7337}]}]}
{"op":"mcm","clk":"11768071920","pt":1722622782115,"mc":[{"id":"1.231371294","rc":[{"ltp":1.31,"id":414464},{"ltp":4.3,"id":7337}]}]}
{"op":"mcm","clk":"11768540356","pt":1722625554997,"mc":[{"id":"1.231371294","rc":[{"ltp":1.3,"id":414464}]}]}
{"op":"mcm","clk":"11769186832","pt":1722632052337,"mc":[{"id":"1.231371294","rc":[{"ltp":1.31,"id":414464}]}]}
{"op":"mcm","clk":"11769203572","pt":1722632697405,"mc":[{"id":"1.231371294","rc":[{"ltp":1.3,"id":414464}]}]}
{"op":"mcm","clk":"11769282186","pt":1722634935339,"mc":[{"id":"1.231371294","rc":[{"ltp":1.31,"id":414464},{"ltp":4.2,"id":7337}]}]}
{"op":"mcm","clk":"11769286385","pt":1722635096456,"mc":[{"id":"1.231371294","rc":[{"ltp":1.3,"id":414464}]}]}
{"op":"mcm","clk":"11769481710","pt":1722640514929,"mc":[{"id":"1.231371294","rc":[{"ltp":1.31,"id":414464}]}]}
{"op":"mcm","clk":"11769509289","pt":1722641096712,"mc":[{"id":"1.231371294","rc":[{"ltp":1.3,"id":414464}]}]}
{"op":"mcm","clk":"11769598248","pt":1722643059845,"mc":[{"id":"1.231371294","rc":[{"ltp":1.31,"id":414464}]}]}
{"op":"mcm","clk":"11769624193","pt":1722643501828,"mc":[{"id":"1.231371294","rc":[{"ltp":1.3,"id":414464}]}]}
{"op":"mcm","clk":"11769777723","pt":1722645794100,"mc":[{"id":"1.231371294","rc":[{"ltp":4.3,"id":7337}]}]}
{"op":"mcm","clk":"11770572146","pt":1722657052954,"mc":[{"id":"1.231371294","rc":[{"ltp":1.29,"id":414464}]}]}
{"op":"mcm","clk":"11770612759","pt":1722657897696,"mc":[{"id":"1.231371294","rc":[{"ltp":1.3,"id":414464}]}]}
{"op":"mcm","clk":"11770861107","pt":1722663230852,"mc":[{"id":"1.231371294","rc":[{"ltp":4.4,"id":7337}]}]}
{"op":"mcm","clk":"11770927850","pt":1722664713740,"mc":[{"id":"1.231371294","rc":[{"ltp":1.29,"id":414464}]}]}
{"op":"mcm","clk":"11770945549","pt":1722665097268,"mc":[{"id":"1.231371294","rc":[{"ltp":1.3,"id":414464}]}]}
{"op":"mcm","clk":"11770956198","pt":1722665320987,"mc":[{"id":"1.231371294","rc":[{"ltp":4.3,"id":7337}]}]}
{"op":"mcm","clk":"11770964200","pt":1722665470171,"mc":[{"id":"1.231371294","rc":[{"ltp":4.4,"id":7337}]}]}
{"op":"mcm","clk":"11771120201","pt":1722668811239,"mc":[{"id":"1.231371294","rc":[{"ltp":1.29,"id":414464}]}]}
{"op":"mcm","clk":"11771160709","pt":1722669896801,"mc":[{"id":"1.231371294","rc":[{"ltp":1.3,"id":414464}]}]}
{"op":"mcm","clk":"11771309594","pt":1722672356316,"mc":[{"id":"1.231371294","rc":[{"ltp":1.31,"id":414464}]}]}
{"op":"mcm","clk":"11771320595","pt":1722672520858,"mc":[{"id":"1.231371294","rc":[{"ltp":1.3,"id":414464}]}]}
{"op":"mcm","clk":"11771359131","pt":1722673132751,"mc":[{"id":"1.231371294","rc":[{"ltp":1.31,"id":414464}]}]}
{"op":"mcm","clk":"11771384154","pt":1722673537921,"mc":[{"id":"1.231371294","rc":[{"ltp":1.3,"id":414464}]}]}
{"op":"mcm","clk":"11772555564","pt":1722685241969,"mc":[{"id":"1.231371294","rc":[{"ltp":1.31,"id":414464}]}]}
{"op":"mcm","clk":"11772592241","pt":1722685509063,"mc":[{"id":"1.231371294","rc":[{"ltp":1.3,"id":414464}]}]}
{"op":"mcm","clk":"11772967913","pt":1722688135384,"mc":[{"id":"1.231371294","rc":[{"ltp":1.31,"id":414464}]}]}
{"op":"mcm","clk":"11773124761","pt":1722689107836,"mc":[{"id":"1.231371294","rc":[{"ltp":1.3,"id":414464}]}]}
{"op":"mcm","clk":"11773188770","pt":1722689636754,"mc":[{"id":"1.231371294","rc":[{"ltp":4.3,"id":7337}]}]}
{"op":"mcm","clk":"11773211507","pt":1722689875864,"mc":[{"id":"1.231371294","rc":[{"ltp":4.4,"id":7337}]}]}
{"op":"mcm","clk":"11773728489","pt":1722694052572,"mc":[{"id":"1.231371294","rc":[{"ltp":1.31,"id":414464}]}]}
{"op":"mcm","clk":"11773942034","pt":1722695107105,"mc":[{"id":"1.231371294","rc":[{"ltp":1.3,"id":414464}]}]}
{"op":"mcm","clk":"11774263971","pt":1722696884431,"mc":[{"id":"1.231371294","rc":[{"ltp":4.2,"id":7337}]}]}
{"op":"mcm","clk":"11774833843","pt":1722699506119,"mc":[{"id":"1.231371294","rc":[{"ltp":1.31,"id":414464}]}]}
{"op":"mcm","clk":"11774922139","pt":1722699901680,"mc":[{"id":"1.231371294","rc":[{"ltp":1.3,"id":414464}]}]}
{"op":"mcm","clk":"11775138319","pt":1722701334238,"mc":[{"id":"1.231371294","rc":[{"ltp":1.31,"id":414464}]}]}
{"op":"mcm","clk":"11775252370","pt":1722701908737,"mc":[{"id":"1.231371294","rc":[{"ltp":1.3,"id":414464}]}]}
{"op":"mcm","clk":"11775679236","pt":1722704480886,"mc":[{"id":"1.231371294","rc":[{"ltp":1.31,"id":414464}]}]}
{"op":"mcm","clk":"11775711506","pt":1722704718692,"mc":[{"id":"1.231371294","rc":[{"ltp":1.3,"id":414464}]}]}
{"op":"mcm","clk":"11775989185","pt":1722706400373,"mc":[{"id":"1.231371294","rc":[{"ltp":1.31,"id":414464}]}]}
{"op":"mcm","clk":"11776282524","pt":1722708300737,"mc":[{"id":"1.231371294","rc":[{"ltp":1.3,"id":414464}]}]}
{"op":"mcm","clk":"11776365189","pt":1722708774595,"mc":[{"id":"1.231371294","rc":[{"ltp":1.31,"id":414464},{"ltp":4.3,"id":7337}]}]}
{"op":"mcm","clk":"11776395637","pt":1722708891957,"mc":[{"id":"1.231371294","rc":[{"ltp":1.3,"id":414464},{"ltp":4.4,"id":7337}]}]}
{"op":"mcm","clk":"11776404609","pt":1722708939914,"mc":[{"id":"1.231371294","rc":[{"ltp":4.3,"id":7337}]}]}
{"op":"mcm","clk":"11776578225","pt":1722709898066,"mc":[{"id":"1.231371294","rc":[{"ltp":1.31,"id":414464}]}]}
{"op":"mcm","clk":"11776672649","pt":1722710432677,"mc":[{"id":"1.231371294","rc":[{"ltp":1.3,"id":414464}]}]}
{"op":"mcm","clk":"11776882578","pt":1722711776866,"mc":[{"id":"1.231371294","rc":[{"ltp":1.29,"id":414464}]}]}
{"op":"mcm","clk":"11776888827","pt":1722711822238,"mc":[{"id":"1.231371294","rc":[{"ltp":4.4,"id":7337}]}]}
{"op":"mcm","clk":"11776899987","pt":1722711898940,"mc":[{"id":"1.231371294","rc":[{"ltp":1.3,"id":414464}]}]}
{"op":"mcm","clk":"11776915112","pt":1722711999089,"mc":[{"id":"1.231371294","rc":[{"ltp":4.3,"id":7337}]}]}
{"op":"mcm","clk":"11777050345","pt":1722712840365,"mc":[{"id":"1.231371294","rc":[{"ltp":1.29,"id":414464}]}]}
{"op":"mcm","clk":"11777097506","pt":1722713155195,"mc":[{"id":"1.231371294","rc":[{"ltp":1.3,"id":414464}]}]}
{"op":"mcm","clk":"11777135266","pt":1722713456658,"mc":[{"id":"1.231371294","rc":[{"ltp":1.29,"id":414464},{"ltp":4.4,"id":7337}]}]}
{"op":"mcm","clk":"11777188325","pt":1722713869093,"mc":[{"id":"1.231371294","rc":[{"ltp":1.3,"id":414464}]}]}
{"op":"mcm","clk":"11777235039","pt":1722714201649,"mc":[{"id":"1.231371294","rc":[{"ltp":4.3,"id":7337}]}]}
{"op":"mcm","clk":"11777243140","pt":1722714279730,"mc":[{"id":"1.231371294","rc":[{"ltp":1.29,"id":414464}]}]}
{"op":"mcm","clk":"11777262879","pt":1722714476842,"mc":[{"id":"1.231371294","rc":[{"ltp":1.28,"id":414464},{"ltp":4.8,"id":7337}]}]}
{"op":"mcm","clk":"11777273755","pt":1722714581455,"mc":[{"id":"1.231371294","rc":[{"ltp":4.6,"id":7337}]}]}
{"op":"mcm","clk":"11777278957","pt":1722714635594,"mc":[{"id":"1.231371294","rc":[{"ltp":1.27,"id":414464}]}]}
{"op":"mcm","clk":"11777302726","pt":1722714891422,"mc":[{"id":"1.231371294","rc":[{"ltp":4.7,"id":7337}]}]}
{"op":"mcm","clk":"11777307000","pt":1722714939006,"mc":[{"id":"1.231371294","rc":[{"ltp":4.6,"id":7337}]}]}
{"op":"mcm","clk":"11777316625","pt":1722715064009,"mc":[{"id":"1.231371294","rc":[{"ltp":1.28,"id":414464}]}]}
{"op":"mcm","clk":"11777321153","pt":1722715127935,"mc":[{"id":"1.231371294","rc":[{"ltp":4.5,"id":7337}]}]}
{"op":"mcm","clk":"11777356177","pt":1722715555302,"mc":[{"id":"1.231371294","rc":[{"ltp":1.29,"id":414464}]}]}
{"op":"mcm","clk":"11777375481","pt":1722715796556,"mc":[{"id":"1.231371294","rc":[{"ltp":4.4,"id":7337}]}]}
{"op":"mcm","clk":"11777392397","pt":1722715999519,"mc":[{"id":"1.231371294","rc":[{"ltp":4.5,"id":7337}]}]}
{"op":"mcm","clk":"11777417009","pt":1722716297792,"mc":[{"id":"1.231371294","rc":[{"ltp":1.28,"id":414464}]}]}
{"op":"mcm","clk":"11777451034","pt":1722716811117,"mc":[{"id":"1.231371294","rc":[{"ltp":4.4,"id":7337}]}]}
{"op":"mcm","clk":"11777549667","pt":1722718347572,"mc":[{"id":"1.231371294","rc":[{"ltp":1.29,"id":414464}]}]}
{"op":"mcm","clk":"11777620755","pt":1722719432628,"mc":[{"id":"1.231371294","rc":[{"ltp":1.28,"id":414464}]}]}
{"op":"mcm","clk":"11777729406","pt":1722721135967,"mc":[{"id":"1.231371294","rc":[{"ltp":4.6,"id":7337}]}]}
{"op":"mcm","clk":"11777731501","pt":1722721188024,"mc":[{"id":"1.231371294","rc":[{"ltp":1.29,"id":414464}]}]}
{"op":"mcm","clk":"11777733682","pt":1722721239587,"mc":[{"id":"1.231371294","rc":[{"ltp":1.28,"id":414464}]}]}
{"op":"mcm","clk":"11777758091","pt":1722721781971,"mc":[{"id":"1.231371294","rc":[{"ltp":4.5,"id":7337}]}]}
{"op":"mcm","clk":"11777968132","pt":1722725685483,"mc":[{"id":"1.231371294","rc":[{"ltp":4.4,"id":7337}]}]}
{"op":"mcm","clk":"11778104031","pt":1722727455896,"mc":[{"id":"1.231371294","rc":[{"ltp":1.29,"id":414464}]}]}
{"op":"mcm","clk":"11778119514","pt":1722727651408,"mc":[{"id":"1.231371294","rc":[{"ltp":1.28,"id":414464}]}]}
{"op":"mcm","clk":"11778129345","pt":1722727793180,"mc":[{"id":"1.231371294","rc":[{"ltp":1.29,"id":414464}]}]}
{"op":"mcm","clk":"11778236757","pt":1722729032024,"mc":[{"id":"1.231371294","rc":[{"ltp":1.28,"id":414464}]}]}
{"op":"mcm","clk":"11778299290","pt":1722729698029,"mc":[{"id":"1.231371294","rc":[{"ltp":1.29,"id":414464}]}]}
{"op":"mcm","clk":"11778428004","pt":1722730897557,"mc":[{"id":"1.231371294","rc":[{"ltp":1.28,"id":414464}]}]}
{"op":"mcm","clk":"11778448460","pt":1722731088224,"mc":[{"id":"1.231371294","rc":[{"ltp":1.29,"id":414464}]}]}
{"op":"mcm","clk":"11778453861","pt":1722731138753,"mc":[{"id":"1.231371294","rc":[{"ltp":1.28,"id":414464}]}]}
{"op":"mcm","clk":"11778461509","pt":1722731211625,"mc":[{"id":"1.231371294","rc":[{"ltp":1.29,"id":414464}]}]}
{"op":"mcm","clk":"11778565194","pt":1722732178586,"mc":[{"id":"1.231371294","rc":[{"ltp":4.5,"id":7337}]}]}
{"op":"mcm","clk":"11778602000","pt":1722732505258,"mc":[{"id":"1.231371294","rc":[{"ltp":4.4,"id":7337}]}]}
{"op":"mcm","clk":"11778610543","pt":1722732589038,"mc":[{"id":"1.231371294","rc":[{"ltp":1.28,"id":414464}]}]}
{"op":"mcm","clk":"11778790528","pt":1722734449336,"mc":[{"id":"1.231371294","rc":[{"ltp":1.29,"id":414464}]}]}
{"op":"mcm","clk":"11778889219","pt":1722735407922,"mc":[{"id":"1.231371294","rc":[{"ltp":1.3,"id":414464}]}]}
{"op":"mcm","clk":"11778977650","pt":1722736154791,"mc":[{"id":"1.231371294","rc":[{"ltp":1.29,"id":414464}]}]}
{"op":"mcm","clk":"11778989052","pt":1722736264762,"mc":[{"id":"1.231371294","rc":[{"ltp":1.3,"id":414464}]}]}
{"op":"mcm","clk":"11779013816","pt":1722736508035,"mc":[{"id":"1.231371294","rc":[{"ltp":1.29,"id":414464}]}]}
{"op":"mcm","clk":"11779074659","pt":1722737096905,"mc":[{"id":"1.231371294","rc":[{"ltp":1.3,"id":414464}]}]}
{"op":"mcm","clk":"11779119256","pt":1722737568214,"mc":[{"id":"1.231371294","rc":[{"ltp":4.3,"id":7337}]}]}
{"op":"mcm","clk":"11779253801","pt":1722739137529,"mc":[{"id":"1.231371294","rc":[{"ltp":1.29,"id":414464}]}]}
{"op":"mcm","clk":"11779253904","pt":1722739138929,"mc":[{"id":"1.231371294","rc":[{"ltp":1.3,"id":414464}]}]}
{"op":"mcm","clk":"11779333724","pt":1722740217376,"mc":[{"id":"1.231371294","rc":[{"ltp":4.4,"id":7337}]}]}
{"op":"mcm","clk":"11779344307","pt":1722740405524,"mc":[{"id":"1.231371294","rc":[{"ltp":1.29,"id":414464}]}]}
{"op":"mcm","clk":"11779363650","pt":1722740700457,"mc":[{"id":"1.231371294","rc":[{"ltp":1.3,"id":414464}]}]}
{"op":"mcm","clk":"11779383670","pt":1722741046170,"mc":[{"id":"1.231371294","rc":[{"ltp":1.29,"id":414464}]}]}
{"op":"mcm","clk":"11779406341","pt":1722741337153,"mc":[{"id":"1.231371294","rc":[{"ltp":1.3,"id":414464}]}]}
{"op":"mcm","clk":"11779430252","pt":1722741790971,"mc":[{"id":"1.231371294","rc":[{"ltp":1.29,"id":414464}]}]}
{"op":"mcm","clk":"11779438529","pt":1722741931453,"mc":[{"id":"1.231371294","rc":[{"ltp":1.3,"id":414464}]}]}
{"op":"mcm","clk":"11779445933","pt":1722742057927,"mc":[{"id":"1.231371294","rc":[{"ltp":4.3,"id":7337}]}]}
{"op":"mcm","clk":"11779499988","pt":1722742900651,"mc":[{"id":"1.231371294","rc":[{"ltp":1.29,"id":414464}]}]}
{"op":"mcm","clk":"11779504060","pt":1722742975042,"mc":[{"id":"1.231371294","rc":[{"ltp":1.3,"id":414464},{"ltp":4.4,"id":7337}]}]}
{"op":"mcm","clk":"11779507501","pt":1722743030097,"mc":[{"id":"1.231371294","rc":[{"ltp":4.3,"id":7337}]}]}
{"op":"mcm","clk":"11779597557","pt":1722744768611,"mc":[{"id":"1.231371294","rc":[{"ltp":1.29,"id":414464}]}]}
{"op":"mcm","clk":"11779624646","pt":1722745304295,"mc":[{"id":"1.231371294","rc":[{"ltp":1.3,"id":414464}]}]}
{"op":"mcm","clk":"11779713309","pt":1722747167014,"mc":[{"id":"1.231371294","rc":[{"ltp":1.29,"id":414464}]}]}
{"op":"mcm","clk":"11779747877","pt":1722747826183,"mc":[{"id":"1.231371294","rc":[{"ltp":1.3,"id":414464}]}]}
{"op":"mcm","clk":"11779749673","pt":1722747860815,"mc":[{"id":"1.231371294","rc":[{"ltp":4.4,"id":7337}]}]}
{"op":"mcm","clk":"11779777091","pt":1722748518477,"mc":[{"id":"1.231371294","rc":[{"ltp":4.5,"id":7337}]}]}
{"op":"mcm","clk":"11779783991","pt":1722748678506,"mc":[{"id":"1.231371294","rc":[{"ltp":4.4,"id":7337}]}]}
{"op":"mcm","clk":"11779792418","pt":1722748855944,"mc":[{"id":"1.231371294","rc":[{"ltp":4.3,"id":7337}]}]}
{"op":"mcm","clk":"11779802290","pt":1722749078545,"mc":[{"id":"1.231371294","rc":[{"ltp":4.4,"id":7337}]}]}
{"op":"mcm","clk":"11779808439","pt":1722749198192,"mc":[{"id":"1.231371294","rc":[{"ltp":1.29,"id":414464}]}]}
{"op":"mcm","clk":"11779814766","pt":1722749323566,"mc":[{"id":"1.231371294","rc":[{"ltp":1.28,"id":414464}]}]}
{"op":"mcm","clk":"11779817454","pt":1722749377763,"mc":[{"id":"1.231371294","rc":[{"ltp":1.29,"id":414464}]}]}
{"op":"mcm","clk":"11779820715","pt":1722749440840,"mc":[{"id":"1.231371294","rc":[{"ltp":4.5,"id":7337}]}]}
{"op":"mcm","clk":"11779875814","pt":1722750607506,"mc":[{"id":"1.231371294","rc":[{"ltp":1.28,"id":414464}]}]}
{"op":"mcm","clk":"11779890524","pt":1722751048581,"mc":[{"id":"1.231371294","rc":[{"ltp":1.29,"id":414464}]}]}
{"op":"mcm","clk":"11779892677","pt":1722751113147,"mc":[{"id":"1.231371294","rc":[{"ltp":1.28,"id":414464}]}]}
{"op":"mcm","clk":"11779897619","pt":1722751248950,"mc":[{"id":"1.231371294","rc":[{"ltp":1.29,"id":414464}]}]}
{"op":"mcm","clk":"11779904539","pt":1722751430561,"mc":[{"id":"1.231371294","rc":[{"ltp":1.28,"id":414464}]}]}
{"op":"mcm","clk":"11779937245","pt":1722752083089,"mc":[{"id":"1.231371294","rc":[{"ltp":1.29,"id":414464}]}]}
{"op":"mcm","clk":"11779949923","pt":1722752362640,"mc":[{"id":"1.231371294","rc":[{"ltp":1.28,"id":414464}]}]}
{"op":"mcm","clk":"11779961989","pt":1722752674622,"mc":[{"id":"1.231371294","rc":[{"ltp":1.29,"id":414464}]}]}
{"op":"mcm","clk":"11779968076","pt":1722752872734,"mc":[{"id":"1.231371294","rc":[{"ltp":1.28,"id":414464}]}]}
{"op":"mcm","clk":"11779978256","pt":1722753174412,"mc":[{"id":"1.231371294","rc":[{"ltp":4.4,"id":7337}]}]}
{"op":"mcm","clk":"11779981810","pt":1722753275782,"mc":[{"id":"1.231371294","rc":[{"ltp":1.29,"id":414464}]}]}
{"op":"mcm","clk":"11779997446","pt":1722753757882,"mc":[{"id":"1.231371294","rc":[{"ltp":1.28,"id":414464}]}]}
{"op":"mcm","clk":"11780001555","pt":1722753878149,"mc":[{"id":"1.231371294","rc":[{"ltp":1.29,"id":414464}]}]}
{"op":"mcm","clk":"11780006652","pt":1722754014892,"mc":[{"id":"1.231371294","rc":[{"ltp":1.28,"id":414464}]}]}
{"op":"mcm","clk":"11780008437","pt":1722754060644,"mc":[{"id":"1.231371294","rc":[{"ltp":1.29,"id":414464}]}]}
{"op":"mcm","clk":"11780019501","pt":1722754373611,"mc":[{"id":"1.231371294","rc":[{"ltp":1.28,"id":414464}]}]}
{"op":"mcm","clk":"11780021695","pt":1722754433091,"mc":[{"id":"1.231371294","rc":[{"ltp":1.29,"id":414464}]}]}
{"op":"mcm","clk":"11780031320","pt":1722754685891,"mc":[{"id":"1.231371294","rc":[{"ltp":1.28,"id":414464}]}]}
{"op":"mcm","clk":"11780035352","pt":1722754804370,"mc":[{"id":"1.231371294","rc":[{"ltp":1.29,"id":414464}]}]}
{"op":"mcm","clk":"11780038414","pt":1722754885002,"mc":[{"id":"1.231371294","rc":[{"ltp":1.28,"id":414464}]}]}
{"op":"mcm","clk":"11780044566","pt":1722755123163,"mc":[{"id":"1.231371294","rc":[{"ltp":1.29,"id":414464}]}]}
{"op":"mcm","clk":"11780054213","pt":1722755501096,"mc":[{"id":"1.231371294","rc":[{"ltp":4.5,"id":7337}]}]}
{"op":"mcm","clk":"11780056624","pt":1722755589026,"mc":[{"id":"1.231371294","rc":[{"ltp":4.4,"id":7337}]}]}
{"op":"mcm","clk":"11780063277","pt":1722755803620,"mc":[{"id":"1.231371294","rc":[{"ltp":1.28,"id":414464}]}]}
{"op":"mcm","clk":"11780067434","pt":1722755937255,"mc":[{"id":"1.231371294","rc":[{"ltp":4.5,"id":7337}]}]}
{"op":"mcm","clk":"11780069307","pt":1722755995083,"mc":[{"id":"1.231371294","rc":[{"ltp":1.29,"id":414464}]}]}
{"op":"mcm","clk":"11780071249","pt":1722756056234,"mc":[{"id":"1.231371294","rc":[{"ltp":4.4,"id":7337}]}]}
{"op":"mcm","clk":"11780072813","pt":1722756107078,"mc":[{"id":"1.231371294","rc":[{"ltp":1.28,"id":414464}]}]}
{"op":"mcm","clk":"11780074666","pt":1722756173988,"mc":[{"id":"1.231371294","rc":[{"ltp":1.29,"id":414464}]}]}
{"op":"mcm","clk":"11780076391","pt":1722756222241,"mc":[{"id":"1.231371294","rc":[{"ltp":1.28,"id":414464}]}]}
{"op":"mcm","clk":"11780085359","pt":1722756535235,"mc":[{"id":"1.231371294","rc":[{"ltp":1.29,"id":414464}]}]}
{"op":"mcm","clk":"11780089121","pt":1722756653226,"mc":[{"id":"1.231371294","rc":[{"ltp":1.28,"id":414464}]}]}
{"op":"mcm","clk":"11780092501","pt":1722756731565,"mc":[{"id":"1.231371294","rc":[{"ltp":1.29,"id":414464}]}]}
{"op":"mcm","clk":"11780102866","pt":1722757004065,"mc":[{"id":"1.231371294","rc":[{"ltp":1.28,"id":414464}]}]}
{"op":"mcm","clk":"11780105212","pt":1722757069145,"mc":[{"id":"1.231371294","rc":[{"ltp":1.29,"id":414464}]}]}
{"op":"mcm","clk":"11780114373","pt":1722757317580,"mc":[{"id":"1.231371294","rc":[{"ltp":1.28,"id":414464}]}]}
{"op":"mcm","clk":"11780125991","pt":1722757433061,"mc":[{"id":"1.231371294","rc":[{"ltp":1.29,"id":414464}]}]}
{"op":"mcm","clk":"11780137132","pt":1722757764208,"mc":[{"id":"1.231371294","rc":[{"ltp":1.28,"id":414464}]}]}
{"op":"mcm","clk":"11780142879","pt":1722757910404,"mc":[{"id":"1.231371294","rc":[{"ltp":1.29,"id":414464}]}]}
{"op":"mcm","clk":"11780146380","pt":1722758016735,"mc":[{"id":"1.231371294","rc":[{"ltp":1.28,"id":414464}]}]}
{"op":"mcm","clk":"11780148949","pt":1722758080951,"mc":[{"id":"1.231371294","rc":[{"ltp":1.29,"id":414464}]}]}
{"op":"mcm","clk":"11780158889","pt":1722758335233,"mc":[{"id":"1.231371294","rc":[{"ltp":1.28,"id":414464}]}]}
{"op":"mcm","clk":"11780161061","pt":1722758392024,"mc":[{"id":"1.231371294","rc":[{"ltp":1.29,"id":414464}]}]}
{"op":"mcm","clk":"11780162552","pt":1722758424057,"mc":[{"id":"1.231371294","rc":[{"ltp":1.28,"id":414464}]}]}
{"op":"mcm","clk":"11780172538","pt":1722758632324,"mc":[{"id":"1.231371294","rc":[{"ltp":1.29,"id":414464}]}]}
{"op":"mcm","clk":"11780178016","pt":1722758751179,"mc":[{"id":"1.231371294","rc":[{"ltp":1.28,"id":414464}]}]}
{"op":"mcm","clk":"11780182437","pt":1722758850735,"mc":[{"id":"1.231371294","rc":[{"ltp":1.29,"id":414464}]}]}
{"op":"mcm","clk":"11780187844","pt":1722758979164,"mc":[{"id":"1.231371294","rc":[{"ltp":1.28,"id":414464}]}]}
{"op":"mcm","clk":"11780191297","pt":1722759055780,"mc":[{"id":"1.231371294","rc":[{"ltp":1.29,"id":414464}]}]}
{"op":"mcm","clk":"11780195835","pt":1722759176490,"mc":[{"id":"1.231371294","rc":[{"ltp":1.28,"id":414464}]}]}
{"op":"mcm","clk":"11780197314","pt":1722759214259,"mc":[{"id":"1.231371294","rc":[{"ltp":1.29,"id":414464}]}]}
{"op":"mcm","clk":"11780205679","pt":1722759407357,"mc":[{"id":"1.231371294","rc":[{"ltp":1.28,"id":414464},{"ltp":4.5,"id":7337}]}]}
{"op":"mcm","clk":"11780209341","pt":1722759479239,"mc":[{"id":"1.231371294","rc":[{"ltp":4.4,"id":7337}]}]}
{"op":"mcm","clk":"11780218519","pt":1722759641686,"mc":[{"id":"1.231371294","rc":[{"ltp":1.29,"id":414464}]}]}
{"op":"mcm","clk":"11780230166","pt":1722759834938,"mc":[{"id":"1.231371294","rc":[{"ltp":1.28,"id":414464}]}]}
{"op":"mcm","clk":"11780232635","pt":1722759879198,"mc":[{"id":"1.231371294","rc":[{"ltp":1.29,"id":414464}]}]}
{"op":"mcm","clk":"11780239867","pt":1722760016479,"mc":[{"id":"1.231371294","rc":[{"ltp":1.28,"id":414464}]}]}
{"op":"mcm","clk":"11780242926","pt":1722760075241,"mc":[{"id":"1.231371294","rc":[{"ltp":4.5,"id":7337}]}]}
{"op":"mcm","clk":"11780249413","pt":1722760193690,"mc":[{"id":"1.231371294","rc":[{"ltp":1.29,"id":414464}]}]}
{"op":"mcm","clk":"11780253583","pt":1722760257391,"mc":[{"id":"1.231371294","rc":[{"ltp":1.3,"id":414464},{"ltp":4.3,"id":7337}]}]}
{"op":"mcm","clk":"11780257594","pt":1722760316833,"mc":[{"id":"1.231371294","rc":[{"ltp":4.2,"id":7337}]}]}
{"op":"mcm","clk":"11780262063","pt":1722760376983,"mc":[{"id":"1.231371294","rc":[{"ltp":1.29,"id":414464},{"ltp":4.4,"id":7337}]}]}
{"op":"mcm","clk":"11780266468","pt":1722760437043,"mc":[{"id":"1.231371294","rc":[{"ltp":4.5,"id":7337}]}]}
{"op":"mcm","clk":"11780270522","pt":1722760496393,"mc":[{"id":"1.231371294","rc":[{"ltp":4.4,"id":7337}]}]}
{"op":"mcm","clk":"11780274764","pt":1722760557565,"mc":[{"id":"1.231371294","rc":[{"ltp":1.28,"id":414464},{"ltp":4.5,"id":7337}]}]}
{"op":"mcm","clk":"11780283010","pt":1722760677514,"mc":[{"id":"1.231371294","rc":[{"ltp":1.29,"id":414464}]}]}
{"op":"mcm","clk":"11780287136","pt":1722760736917,"mc":[{"id":"1.231371294","rc":[{"ltp":4.4,"id":7337}]}]}
{"op":"mcm","clk":"11780295475","pt":1722760857244,"mc":[{"id":"1.231371294","rc":[{"ltp":4.3,"id":7337}]}]}
{"op":"mcm","clk":"11780299408","pt":1722760917504,"mc":[{"id":"1.231371294","rc":[{"ltp":1.3,"id":414464},{"ltp":4.4,"id":7337}]}]}
{"op":"mcm","clk":"11780303342","pt":1722760977400,"mc":[{"id":"1.231371294","rc":[{"ltp":4.3,"id":7337}]}]}
{"op":"mcm","clk":"11780307329","pt":1722761037453,"mc":[{"id":"1.231371294","rc":[{"ltp":4.4,"id":7337}]}]}
{"op":"mcm","clk":"11780311156","pt":1722761097239,"mc":[{"id":"1.231371294","rc":[{"ltp":1.29,"id":414464}]}]}
{"op":"mcm","clk":"11780315749","pt":1722761157586,"mc":[{"id":"1.231371294","rc":[{"ltp":1.3,"id":414464}]}]}
{"op":"mcm","clk":"11780319755","pt":1722761216515,"mc":[{"id":"1.231371294","rc":[{"ltp":1.29,"id":414464},{"ltp":4.3,"id":7337}]}]}
{"op":"mcm","clk":"11780323536","pt":1722761275905,"mc":[{"id":"1.231371294","rc":[{"ltp":1.31,"id":414464}]}]}
{"op":"mcm","clk":"11780331458","pt":1722761397393,"mc":[{"id":"1.231371294","rc":[{"ltp":1.3,"id":414464}]}]}
{"op":"mcm","clk":"11780335353","pt":1722761456831,"mc":[{"id":"1.231371294","rc":[{"ltp":1.31,"id":414464},{"ltp":4.2,"id":7337}]}]}
{"op":"mcm","clk":"11780339863","pt":1722761517367,"mc":[{"id":"1.231371294","rc":[{"ltp":1.3,"id":414464}]}]}
{"op":"mcm","clk":"11780352643","pt":1722761697310,"mc":[{"id":"1.231371294","rc":[{"ltp":1.31,"id":414464}]}]}
{"op":"mcm","clk":"11780357357","pt":1722761757593,"mc":[{"id":"1.231371294","rc":[{"ltp":1.32,"id":414464},{"ltp":4.1,"id":7337}]}]}
{"op":"mcm","clk":"11780361938","pt":1722761817554,"mc":[{"id":"1.231371294","rc":[{"ltp":1.31,"id":414464},{"ltp":4.2,"id":7337}]}]}
{"op":"mcm","clk":"11780366500","pt":1722761877480,"mc":[{"id":"1.231371294","rc":[{"ltp":1.3,"id":414464},{"ltp":4.3,"id":7337}]}]}
{"op":"mcm","clk":"11780371069","pt":1722761937479,"mc":[{"id":"1.231371294","rc":[{"ltp":1.31,"id":414464},{"ltp":4.2,"id":7337}]}]}
{"op":"mcm","clk":"11780375818","pt":1722761997261,"mc":[{"id":"1.231371294","rc":[{"ltp":1.32,"id":414464},{"ltp":4.1,"id":7337}]}]}
{"op":"mcm","clk":"11780381367","pt":1722762057538,"mc":[{"id":"1.231371294","marketDefinition":{"bspMarket":false,"turnInPlayEnabled":true,"persistenceEnabled":true,"marketBaseRate":5.0,"eventId":"33462952","eventTypeId":"4","numberOfWinners":1,"bettingType":"ODDS","marketType":"MATCH_ODDS","marketTime":"2024-08-04T09:00:00.000Z","suspendTime":"2024-08-04T09:00:00.000Z","bspReconciled":false,"complete":true,"inPlay":true,"crossMatching":true,"runnersVoidable":false,"numberOfActiveRunners":2,"betDelay":5,"status":"OPEN","runners":[{"status":"ACTIVE","sortPriority":1,"id":7337,"name":"Sri Lanka"},{"status":"ACTIVE","sortPriority":2,"id":414464,"name":"India"}],"regulators":["MR_INT"],"countryCode":"GB","discountAllowed":true,"timezone":"GMT","openDate":"2024-08-04T09:00:00.000Z","version":6056012768,"name":"Match Odds","eventName":"Sri Lanka v India"},"rc":[{"ltp":1.21,"id":414464},{"ltp":5.7,"id":7337}]}]}
{"op":"mcm","clk":"11780386578","pt":1722762117597,"mc":[{"id":"1.231371294","rc":[{"ltp":1.19,"id":414464},{"ltp":6.0,"id":7337}]}]}
{"op":"mcm","clk":"11780391697","pt":1722762177567,"mc":[{"id":"1.231371294","rc":[{"ltp":1.2,"id":414464}]}]}
{"op":"mcm","clk":"11780400697","pt":1722762297502,"mc":[{"id":"1.231371294","rc":[{"ltp":6.4,"id":7337}]}]}
{"op":"mcm","clk":"11780405207","pt":1722762357382,"mc":[{"id":"1.231371294","rc":[{"ltp":6.2,"id":7337}]}]}
{"op":"mcm","clk":"11780409928","pt":1722762417548,"mc":[{"id":"1.231371294","rc":[{"ltp":1.19,"id":414464}]}]}
{"op":"mcm","clk":"11780414689","pt":1722762477396,"mc":[{"id":"1.231371294","rc":[{"ltp":1.2,"id":414464},{"ltp":6.0,"id":7337}]}]}
{"op":"mcm","clk":"11780419883","pt":1722762537555,"mc":[{"id":"1.231371294","rc":[{"ltp":1.19,"id":414464},{"ltp":6.2,"id":7337}]}]}
{"op":"mcm","clk":"11780424478","pt":1722762597496,"mc":[{"id":"1.231371294","rc":[{"ltp":1.2,"id":414464},{"ltp":6.0,"id":7337}]}]}
{"op":"mcm","clk":"11780429605","pt":1722762657571,"mc":[{"id":"1.231371294","rc":[{"ltp":1.19,"id":414464},{"ltp":6.2,"id":7337}]}]}
{"op":"mcm","clk":"11780434307","pt":1722762717547,"mc":[{"id":"1.231371294","rc":[{"ltp":1.2,"id":414464},{"ltp":6.0,"id":7337}]}]}
{"op":"mcm","clk":"11780446772","pt":1722762777495,"mc":[{"id":"1.231371294","rc":[{"ltp":1.21,"id":414464},{"ltp":5.7,"id":7337}]}]}
{"op":"mcm","clk":"11780456053","pt":1722762897401,"mc":[{"id":"1.231371294","rc":[{"ltp":1.22,"id":414464},{"ltp":5.5,"id":7337}]}]}
{"op":"mcm","clk":"11780461338","pt":1722762957565,"mc":[{"id":"1.231371294","rc":[{"ltp":1.21,"id":414464}]}]}
{"op":"mcm","clk":"11780466711","pt":1722763017560,"mc":[{"id":"1.231371294","rc":[{"ltp":1.22,"id":414464}]}]}
{"op":"mcm","clk":"11780472105","pt":1722763077534,"mc":[{"id":"1.231371294","rc":[{"ltp":1.23,"id":414464},{"ltp":5.3,"id":7337}]}]}
{"op":"mcm","clk":"11780477843","pt":1722763137405,"mc":[{"id":"1.231371294","rc":[{"ltp":1.22,"id":414464},{"ltp":5.7,"id":7337}]}]}
{"op":"mcm","clk":"11780483787","pt":1722763197585,"mc":[{"id":"1.231371294","rc":[{"ltp":1.23,"id":414464},{"ltp":5.4,"id":7337}]}]}
{"op":"mcm","clk":"11780489583","pt":1722763257472,"mc":[{"id":"1.231371294","rc":[{"ltp":1.22,"id":414464},{"ltp":5.5,"id":7337}]}]}
{"op":"mcm","clk":"11780510508","pt":1722763497577,"mc":[{"id":"1.231371294","rc":[{"ltp":5.6,"id":7337}]}]}
{"op":"mcm","clk":"11780515315","pt":1722763557562,"mc":[{"id":"1.231371294","rc":[{"ltp":5.5,"id":7337}]}]}
{"op":"mcm","clk":"11780520014","pt":1722763617339,"mc":[{"id":"1.231371294","rc":[{"ltp":5.3,"id":7337}]}]}
{"op":"mcm","clk":"11780524741","pt":1722763677502,"mc":[{"id":"1.231371294","rc":[{"ltp":1.23,"id":414464}]}]}
{"op":"mcm","clk":"11780529621","pt":1722763737585,"mc":[{"id":"1.231371294","rc":[{"ltp":1.25,"id":414464},{"ltp":5.0,"id":7337}]}]}
{"op":"mcm","clk":"11780534878","pt":1722763797549,"mc":[{"id":"1.231371294","rc":[{"ltp":1.27,"id":414464},{"ltp":4.7,"id":7337}]}]}
{"op":"mcm","clk":"11780540606","pt":1722763857512,"mc":[{"id":"1.231371294","rc":[{"ltp":1.26,"id":414464}]}]}
{"op":"mcm","clk":"11780546255","pt":1722763917233,"mc":[{"id":"1.231371294","rc":[{"ltp":1.25,"id":414464},{"ltp":5.0,"id":7337}]}]}
{"op":"mcm","clk":"11780552300","pt":1722763977238,"mc":[{"id":"1.231371294","rc":[{"ltp":1.24,"id":414464}]}]}
{"op":"mcm","clk":"11780558238","pt":1722764037487,"mc":[{"id":"1.231371294","rc":[{"ltp":1.26,"id":414464},{"ltp":4.9,"id":7337}]}]}
{"op":"mcm","clk":"11780569027","pt":1722764157544,"mc":[{"id":"1.231371294","rc":[{"ltp":1.28,"id":414464},{"ltp":4.6,"id":7337}]}]}
{"op":"mcm","clk":"11780575014","pt":1722764217394,"mc":[{"id":"1.231371294","rc":[{"ltp":1.27,"id":414464},{"ltp":4.7,"id":7337}]}]}
{"op":"mcm","clk":"11780580832","pt":1722764277562,"mc":[{"id":"1.231371294","rc":[{"ltp":4.8,"id":7337}]}]}
{"op":"mcm","clk":"11780586573","pt":1722764337506,"mc":[{"id":"1.231371294","rc":[{"ltp":1.26,"id":414464}]}]}
{"op":"mcm","clk":"11780592975","pt":1722764397376,"mc":[{"id":"1.231371294","rc":[{"ltp":1.25,"id":414464}]}]}
{"op":"mcm","clk":"11780599522","pt":1722764457580,"mc":[{"id":"1.231371294","rc":[{"ltp":1.24,"id":414464},{"ltp":5.0,"id":7337}]}]}
{"op":"mcm","clk":"11780606048","pt":1722764517584,"mc":[{"id":"1.231371294","rc":[{"ltp":1.27,"id":414464},{"ltp":4.7,"id":7337}]}]}
{"op":"mcm","clk":"11780612447","pt":1722764577344,"mc":[{"id":"1.231371294","rc":[{"ltp":1.29,"id":414464},{"ltp":4.4,"id":7337}]}]}
{"op":"mcm","clk":"11780618035","pt":1722764637558,"mc":[{"id":"1.231371294","rc":[{"ltp":1.28,"id":414464}]}]}
{"op":"mcm","clk":"11780623958","pt":1722764697499,"mc":[{"id":"1.231371294","rc":[{"ltp":4.5,"id":7337}]}]}
{"op":"mcm","clk":"11780636562","pt":1722764817575,"mc":[{"id":"1.231371294","rc":[{"ltp":1.27,"id":414464}]}]}
{"op":"mcm","clk":"11780643037","pt":1722764877347,"mc":[{"id":"1.231371294","rc":[{"ltp":4.6,"id":7337}]}]}
{"op":"mcm","clk":"11780649236","pt":1722764937455,"mc":[{"id":"1.231371294","rc":[{"ltp":1.29,"id":414464},{"ltp":4.4,"id":7337}]}]}
{"op":"mcm","clk":"11780655742","pt":1722764997531,"mc":[{"id":"1.231371294","rc":[{"ltp":4.5,"id":7337}]}]}
{"op":"mcm","clk":"11780662095","pt":1722765057525,"mc":[{"id":"1.231371294","rc":[{"ltp":1.3,"id":414464},{"ltp":4.3,"id":7337}]}]}
{"op":"mcm","clk":"11780674570","pt":1722765177459,"mc":[{"id":"1.231371294","rc":[{"ltp":1.31,"id":414464}]}]}
{"op":"mcm","clk":"11780680560","pt":1722765237552,"mc":[{"id":"1.231371294","rc":[{"ltp":1.29,"id":414464},{"ltp":4.4,"id":7337}]}]}
{"op":"mcm","clk":"11780686571","pt":1722765297584,"mc":[{"id":"1.231371294","rc":[{"ltp":1.31,"id":414464},{"ltp":4.2,"id":7337}]}]}
{"op":"mcm","clk":"11780692645","pt":1722765357565,"mc":[{"id":"1.231371294","rc":[{"ltp":1.32,"id":414464}]}]}
{"op":"mcm","clk":"11780698400","pt":1722765417540,"mc":[{"id":"1.231371294","rc":[{"ltp":1.31,"id":414464}]}]}
{"op":"mcm","clk":"11780704286","pt":1722765477517,"mc":[{"id":"1.231371294","rc":[{"ltp":1.33,"id":414464},{"ltp":4.0,"id":7337}]}]}
{"op":"mcm","clk":"11780709587","pt":1722765537500,"mc":[{"id":"1.231371294","rc":[{"ltp":1.35,"id":414464},{"ltp":3.9,"id":7337}]}]}
{"op":"mcm","clk":"11780715165","pt":1722765597405,"mc":[{"id":"1.231371294","rc":[{"ltp":1.34,"id":414464}]}]}
{"op":"mcm","clk":"11780722387","pt":1722765657160,"mc":[{"id":"1.231371294","rc":[{"ltp":3.95,"id":7337}]}]}
{"op":"mcm","clk":"11780728650","pt":1722765717450,"mc":[{"id":"1.231371294","rc":[{"ltp":3.9,"id":7337}]}]}
{"op":"mcm","clk":"11780734702","pt":1722765777197,"mc":[{"id":"1.231371294","rc":[{"ltp":1.35,"id":414464}]}]}
{"op":"mcm","clk":"11780739613","pt":1722765837599,"mc":[{"id":"1.231371294","rc":[{"ltp":3.85,"id":7337}]}]}
{"op":"mcm","clk":"11780745677","pt":1722765897553,"mc":[{"id":"1.231371294","rc":[{"ltp":3.75,"id":7337}]}]}
{"op":"mcm","clk":"11780752304","pt":1722765957531,"mc":[{"id":"1.231371294","rc":[{"ltp":1.32,"id":414464},{"ltp":4.0,"id":7337}]}]}
{"op":"mcm","clk":"11780765749","pt":1722766077521,"mc":[{"id":"1.231371294","rc":[{"ltp":1.34,"id":414464}]}]}
{"op":"mcm","clk":"11780773022","pt":1722766137556,"mc":[{"id":"1.231371294","rc":[{"ltp":1.36,"id":414464},{"ltp":3.7,"id":7337}]}]}
{"op":"mcm","clk":"11780787703","pt":1722766257524,"mc":[{"id":"1.231371294","rc":[{"ltp":1.37,"id":414464},{"ltp":3.65,"id":7337}]}]}
{"op":"mcm","clk":"11780795030","pt":1722766317590,"mc":[{"id":"1.231371294","rc":[{"ltp":1.4,"id":414464},{"ltp":3.45,"id":7337}]}]}
{"op":"mcm","clk":"11780802631","pt":1722766377539,"mc":[{"id":"1.231371294","rc":[{"ltp":1.41,"id":414464}]}]}
{"op":"mcm","clk":"11780809683","pt":1722766437508,"mc":[{"id":"1.231371294","rc":[{"ltp":1.3,"id":414464},{"ltp":4.3,"id":7337}]}]}
{"op":"mcm","clk":"11780835478","pt":1722766677515,"mc":[{"id":"1.231371294","rc":[{"ltp":1.31,"id":414464}]}]}
{"op":"mcm","clk":"11780842305","pt":1722766737563,"mc":[{"id":"1.231371294","rc":[{"ltp":1.32,"id":414464},{"ltp":4.1,"id":7337}]}]}
{"op":"mcm","clk":"11780848330","pt":1722766797441,"mc":[{"id":"1.231371294","rc":[{"ltp":1.3,"id":414464},{"ltp":4.2,"id":7337}]}]}
{"op":"mcm","clk":"11780854618","pt":1722766857415,"mc":[{"id":"1.231371294","rc":[{"ltp":1.23,"id":414464},{"ltp":5.3,"id":7337}]}]}
{"op":"mcm","clk":"11780861268","pt":1722766917587,"mc":[{"id":"1.231371294","rc":[{"ltp":1.21,"id":414464},{"ltp":5.7,"id":7337}]}]}
{"op":"mcm","clk":"11780868555","pt":1722766977551,"mc":[{"id":"1.231371294","rc":[{"ltp":1.2,"id":414464},{"ltp":6.0,"id":7337}]}]}
{"op":"mcm","clk":"11780875346","pt":1722767037524,"mc":[{"id":"1.231371294","rc":[{"ltp":6.2,"id":7337}]}]}
{"op":"mcm","clk":"11780881785","pt":1722767097524,"mc":[{"id":"1.231371294","rc":[{"ltp":1.19,"id":414464}]}]}
{"op":"mcm","clk":"11780894085","pt":1722767217352,"mc":[{"id":"1.231371294","rc":[{"ltp":6.4,"id":7337}]}]}
{"op":"mcm","clk":"11780900424","pt":1722767277524,"mc":[{"id":"1.231371294","rc":[{"ltp":6.2,"id":7337}]}]}
{"op":"mcm","clk":"11780918771","pt":1722767457356,"mc":[{"id":"1.231371294","rc":[{"ltp":6.4,"id":7337}]}]}
{"op":"mcm","clk":"11780925316","pt":1722767517545,"mc":[{"id":"1.231371294","rc":[{"ltp":1.21,"id":414464},{"ltp":5.9,"id":7337}]}]}
{"op":"mcm","clk":"11780931518","pt":1722767577514,"mc":[{"id":"1.231371294","rc":[{"ltp":5.8,"id":7337}]}]}
{"op":"mcm","clk":"11780943803","pt":1722767697551,"mc":[{"id":"1.231371294","rc":[{"ltp":1.22,"id":414464},{"ltp":5.4,"id":7337}]}]}
{"op":"mcm","clk":"11780950214","pt":1722767757529,"mc":[{"id":"1.231371294","rc":[{"ltp":5.5,"id":7337}]}]}
{"op":"mcm","clk":"11780956773","pt":1722767817594,"mc":[{"id":"1.231371294","rc":[{"ltp":1.24,"id":414464},{"ltp":5.1,"id":7337}]}]}
{"op":"mcm","clk":"11780970313","pt":1722767937519,"mc":[{"id":"1.231371294","rc":[{"ltp":1.25,"id":414464},{"ltp":4.9,"id":7337}]}]}
{"op":"mcm","clk":"11780976425","pt":1722767997513,"mc":[{"id":"1.231371294","rc":[{"ltp":5.0,"id":7337}]}]}
{"op":"mcm","clk":"11780982314","pt":1722768057282,"mc":[{"id":"1.231371294","rc":[{"ltp":1.24,"id":414464}]}]}
{"op":"mcm","clk":"11781002130","pt":1722768177496,"mc":[{"id":"1.231371294","rc":[{"ltp":1.26,"id":414464}]}]}
{"op":"mcm","clk":"11781008219","pt":1722768237576,"mc":[{"id":"1.231371294","rc":[{"ltp":4.7,"id":7337}]}]}
{"op":"mcm","clk":"11781014640","pt":1722768297333,"mc":[{"id":"1.231371294","rc":[{"ltp":1.28,"id":414464},{"ltp":4.8,"id":7337}]}]}
{"op":"mcm","clk":"11781021262","pt":1722768357515,"mc":[{"id":"1.231371294","rc":[{"ltp":1.26,"id":414464}]}]}
{"op":"mcm","clk":"11781027538","pt":1722768417500,"mc":[{"id":"1.231371294","rc":[{"ltp":4.9,"id":7337}]}]}
{"op":"mcm","clk":"11781033343","pt":1722768477581,"mc":[{"id":"1.231371294","rc":[{"ltp":5.0,"id":7337}]}]}
{"op":"mcm","clk":"11781039033","pt":1722768537525,"mc":[{"id":"1.231371294","rc":[{"ltp":1.24,"id":414464}]}]}
{"op":"mcm","clk":"11781044696","pt":1722768597599,"mc":[{"id":"1.231371294","rc":[{"ltp":1.25,"id":414464}]}]}
{"op":"mcm","clk":"11781076629","pt":1722768957594,"mc":[{"id":"1.231371294","rc":[{"ltp":1.26,"id":414464},{"ltp":4.8,"id":7337}]}]}
{"op":"mcm","clk":"11781081904","pt":1722769017593,"mc":[{"id":"1.231371294","rc":[{"ltp":1.19,"id":414464},{"ltp":6.2,"id":7337}]}]}
{"op":"mcm","clk":"11781087556","pt":1722769077583,"mc":[{"id":"1.231371294","rc":[{"ltp":1.18,"id":414464}]}]}
{"op":"mcm","clk":"11781092708","pt":1722769137519,"mc":[{"id":"1.231371294","rc":[{"ltp":1.19,"id":414464},{"ltp":6.4,"id":7337}]}]}
{"op":"mcm","clk":"11781098227","pt":1722769197309,"mc":[{"id":"1.231371294","rc":[{"ltp":1.18,"id":414464}]}]}
{"op":"mcm","clk":"11781104974","pt":1722769257585,"mc":[{"id":"1.231371294","rc":[{"ltp":1.19,"id":414464},{"ltp":6.6,"id":7337}]}]}
{"op":"mcm","clk":"11781110667","pt":1722769317590,"mc":[{"id":"1.231371294","rc":[{"ltp":6.4,"id":7337}]}]}
{"op":"mcm","clk":"11781122633","pt":1722769437573,"mc":[{"id":"1.231371294","rc":[{"ltp":1.18,"id":414464}]}]}
{"op":"mcm","clk":"11781128491","pt":1722769497577,"mc":[{"id":"1.231371294","rc":[{"ltp":1.19,"id":414464}]}]}
{"op":"mcm","clk":"11781134078","pt":1722769557316,"mc":[{"id":"1.231371294","rc":[{"ltp":6.2,"id":7337}]}]}
{"op":"mcm","clk":"11781139762","pt":1722769617517,"mc":[{"id":"1.231371294","rc":[{"ltp":1.21,"id":414464},{"ltp":5.9,"id":7337}]}]}
{"op":"mcm","clk":"11781151504","pt":1722769737411,"mc":[{"id":"1.231371294","rc":[{"ltp":1.2,"id":414464},{"ltp":6.0,"id":7337}]}]}
{"op":"mcm","clk":"11781164101","pt":1722769857306,"mc":[{"id":"1.231371294","rc":[{"ltp":1.22,"id":414464},{"ltp":5.6,"id":7337}]}]}
{"op":"mcm","clk":"11781170445","pt":1722769917591,"mc":[{"id":"1.231371294","rc":[{"ltp":5.5,"id":7337}]}]}
{"op":"mcm","clk":"11781176270","pt":1722769977430,"mc":[{"id":"1.231371294","rc":[{"ltp":1.23,"id":414464},{"ltp":5.4,"id":7337}]}]}
{"op":"mcm","clk":"11781187480","pt":1722770097394,"mc":[{"id":"1.231371294","rc":[{"ltp":5.3,"id":7337}]}]}
{"op":"mcm","clk":"11781199666","pt":1722770217508,"mc":[{"id":"1.231371294","rc":[{"ltp":5.7,"id":7337}]}]}
{"op":"mcm","clk":"11781205735","pt":1722770277340,"mc":[{"id":"1.231371294","rc":[{"ltp":1.22,"id":414464},{"ltp":5.5,"id":7337}]}]}
{"op":"mcm","clk":"11781212196","pt":1722770337509,"mc":[{"id":"1.231371294","rc":[{"ltp":1.23,"id":414464}]}]}
{"op":"mcm","clk":"11781218389","pt":1722770397042,"mc":[{"id":"1.231371294","rc":[{"ltp":1.22,"id":414464}]}]}
{"op":"mcm","clk":"11781224630","pt":1722770457564,"mc":[{"id":"1.231371294","rc":[{"ltp":1.21,"id":414464}]}]}
{"op":"mcm","clk":"11781230088","pt":1722770517541,"mc":[{"id":"1.231371294","rc":[{"ltp":5.8,"id":7337}]}]}
{"op":"mcm","clk":"11781235360","pt":1722770576800,"mc":[{"id":"1.231371294","rc":[{"ltp":1.2,"id":414464},{"ltp":5.7,"id":7337}]}]}
{"op":"mcm","clk":"11781246394","pt":1722770697541,"mc":[{"id":"1.231371294","rc":[{"ltp":6.0,"id":7337}]}]}
{"op":"mcm","clk":"11781251816","pt":1722770757498,"mc":[{"id":"1.231371294","rc":[{"ltp":1.21,"id":414464}]}]}
{"op":"mcm","clk":"11781256649","pt":1722770817166,"mc":[{"id":"1.231371294","rc":[{"ltp":1.2,"id":414464}]}]}
{"op":"mcm","clk":"11781273015","pt":1722770997527,"mc":[{"id":"1.231371294","rc":[{"ltp":1.19,"id":414464},{"ltp":6.2,"id":7337}]}]}
{"op":"mcm","clk":"11781279700","pt":1722771057557,"mc":[{"id":"1.231371294","rc":[{"ltp":1.14,"id":414464},{"ltp":8.2,"id":7337}]}]}
{"op":"mcm","clk":"11781286311","pt":1722771117505,"mc":[{"id":"1.231371294","rc":[{"ltp":1.15,"id":414464},{"ltp":7.8,"id":7337}]}]}
{"op":"mcm","clk":"11781293071","pt":1722771177346,"mc":[{"id":"1.231371294","rc":[{"ltp":1.14,"id":414464},{"ltp":8.0,"id":7337}]}]}
{"op":"mcm","clk":"11781299851","pt":1722771237506,"mc":[{"id":"1.231371294","rc":[{"ltp":1.15,"id":414464}]}]}
{"op":"mcm","clk":"11781306153","pt":1722771297472,"mc":[{"id":"1.231371294","rc":[{"ltp":1.14,"id":414464},{"ltp":8.2,"id":7337}]}]}
{"op":"mcm","clk":"11781312819","pt":1722771357517,"mc":[{"id":"1.231371294","rc":[{"ltp":1.1,"id":414464},{"ltp":11.5,"id":7337}]}]}
{"op":"mcm","clk":"11781319192","pt":1722771417503,"mc":[{"id":"1.231371294","rc":[{"ltp":1.09,"id":414464},{"ltp":12.0,"id":7337}]}]}
{"op":"mcm","clk":"11781325868","pt":1722771477541,"mc":[{"id":"1.231371294","rc":[{"ltp":1.1,"id":414464},{"ltp":11.0,"id":7337}]}]}
{"op":"mcm","clk":"11781338522","pt":1722771597467,"mc":[{"id":"1.231371294","rc":[{"ltp":1.11,"id":414464},{"ltp":10.5,"id":7337}]}]}
{"op":"mcm","clk":"11781344553","pt":1722771657554,"mc":[{"id":"1.231371294","rc":[{"ltp":1.1,"id":414464}]}]}
{"op":"mcm","clk":"11781350794","pt":1722771717415,"mc":[{"id":"1.231371294","rc":[{"ltp":10.0,"id":7337}]}]}
{"op":"mcm","clk":"11781357121","pt":1722771777588,"mc":[{"id":"1.231371294","rc":[{"ltp":1.11,"id":414464},{"ltp":10.5,"id":7337}]}]}
{"op":"mcm","clk":"11781368713","pt":1722771897423,"mc":[{"id":"1.231371294","rc":[{"ltp":10.0,"id":7337}]}]}
{"op":"mcm","clk":"11781381088","pt":1722772017222,"mc":[{"id":"1.231371294","rc":[{"ltp":1.1,"id":414464}]}]}
{"op":"mcm","clk":"11781387213","pt":1722772077551,"mc":[{"id":"1.231371294","rc":[{"ltp":1.11,"id":414464},{"ltp":10.5,"id":7337}]}]}
{"op":"mcm","clk":"11781393079","pt":1722772137567,"mc":[{"id":"1.231371294","rc":[{"ltp":10.0,"id":7337}]}]}
{"op":"mcm","clk":"11781398679","pt":1722772197519,"mc":[{"id":"1.231371294","rc":[{"ltp":1.12,"id":414464}]}]}
{"op":"mcm","clk":"11781404379","pt":1722772257477,"mc":[{"id":"1.231371294","rc":[{"ltp":1.11,"id":414464}]}]}
{"op":"mcm","clk":"11781410367","pt":1722772317537,"mc":[{"id":"1.231371294","rc":[{"ltp":1.12,"id":414464},{"ltp":9.4,"id":7337}]}]}
{"op":"mcm","clk":"11781416453","pt":1722772377495,"mc":[{"id":"1.231371294","rc":[{"ltp":9.2,"id":7337}]}]}
{"op":"mcm","clk":"11781428010","pt":1722772497371,"mc":[{"id":"1.231371294","rc":[{"ltp":1.11,"id":414464},{"ltp":9.4,"id":7337}]}]}
{"op":"mcm","clk":"11781434105","pt":1722772557595,"mc":[{"id":"1.231371294","rc":[{"ltp":1.12,"id":414464}]}]}
{"op":"mcm","clk":"11781439542","pt":1722772617505,"mc":[{"id":"1.231371294","rc":[{"ltp":1.13,"id":414464},{"ltp":9.2,"id":7337}]}]}
{"op":"mcm","clk":"11781445322","pt":1722772677590,"mc":[{"id":"1.231371294","rc":[{"ltp":8.8,"id":7337}]}]}
{"op":"mcm","clk":"11781450359","pt":1722772737565,"mc":[{"id":"1.231371294","rc":[{"ltp":1.14,"id":414464},{"ltp":8.4,"id":7337}]}]}
{"op":"mcm","clk":"11781455374","pt":1722772797447,"mc":[{"id":"1.231371294","rc":[{"ltp":8.8,"id":7337}]}]}
{"op":"mcm","clk":"11781461711","pt":1722772856913,"mc":[{"id":"1.231371294","rc":[{"ltp":8.0,"id":7337}]}]}
{"op":"mcm","clk":"11781467391","pt":1722772917418,"mc":[{"id":"1.231371294","rc":[{"ltp":1.13,"id":414464},{"ltp":8.6,"id":7337}]}]}
{"op":"mcm","clk":"11781473116","pt":1722772977578,"mc":[{"id":"1.231371294","rc":[{"ltp":1.12,"id":414464}]}]}
{"op":"mcm","clk":"11781485727","pt":1722773097584,"mc":[{"id":"1.231371294","rc":[{"ltp":1.13,"id":414464}]}]}
{"op":"mcm","clk":"11781498972","pt":1722773217598,"mc":[{"id":"1.231371294","rc":[{"ltp":8.0,"id":7337}]}]}
{"op":"mcm","clk":"11781505123","pt":1722773277577,"mc":[{"id":"1.231371294","rc":[{"ltp":1.14,"id":414464}]}]}
{"op":"mcm","clk":"11781511471","pt":1722773337550,"mc":[{"id":"1.231371294","rc":[{"ltp":7.6,"id":7337}]}]}
{"op":"mcm","clk":"11781518611","pt":1722773397544,"mc":[{"id":"1.231371294","rc":[{"ltp":1.17,"id":414464},{"ltp":7.2,"id":7337}]}]}
{"op":"mcm","clk":"11781525351","pt":1722773457295,"mc":[{"id":"1.231371294","rc":[{"ltp":1.16,"id":414464}]}]}
{"op":"mcm","clk":"11781531949","pt":1722773517591,"mc":[{"id":"1.231371294","rc":[{"ltp":1.19,"id":414464},{"ltp":6.0,"id":7337}]}]}
{"op":"mcm","clk":"11781547800","pt":1722773577547,"mc":[{"id":"1.231371294","rc":[{"ltp":1.2,"id":414464}]}]}
{"op":"mcm","clk":"11781553851","pt":1722773637598,"mc":[{"id":"1.231371294","rc":[{"ltp":1.19,"id":414464},{"ltp":6.2,"id":7337}]}]}
{"op":"mcm","clk":"11781566360","pt":1722773757580,"mc":[{"id":"1.231371294","rc":[{"ltp":1.2,"id":414464},{"ltp":6.0,"id":7337}]}]}
{"op":"mcm","clk":"11781572768","pt":1722773817503,"mc":[{"id":"1.231371294","rc":[{"ltp":1.19,"id":414464}]}]}
{"op":"mcm","clk":"11781578928","pt":1722773877597,"mc":[{"id":"1.231371294","rc":[{"ltp":1.2,"id":414464}]}]}
{"op":"mcm","clk":"11781585068","pt":1722773937553,"mc":[{"id":"1.231371294","rc":[{"ltp":1.21,"id":414464},{"ltp":5.7,"id":7337}]}]}
{"op":"mcm","clk":"11781591074","pt":1722773997521,"mc":[{"id":"1.231371294","rc":[{"ltp":5.5,"id":7337}]}]}
{"op":"mcm","clk":"11781596745","pt":1722774057371,"mc":[{"id":"1.231371294","rc":[{"ltp":1.23,"id":414464},{"ltp":5.4,"id":7337}]}]}
{"op":"mcm","clk":"11781602197","pt":1722774117359,"mc":[{"id":"1.231371294","rc":[{"ltp":1.19,"id":414464},{"ltp":6.2,"id":7337}]}]}
{"op":"mcm","clk":"11781608232","pt":1722774177523,"mc":[{"id":"1.231371294","rc":[{"ltp":6.4,"id":7337}]}]}
{"op":"mcm","clk":"11781613423","pt":1722774237504,"mc":[{"id":"1.231371294","rc":[{"ltp":1.18,"id":414464},{"ltp":6.6,"id":7337}]}]}
{"op":"mcm","clk":"11781619124","pt":1722774297467,"mc":[{"id":"1.231371294","rc":[{"ltp":1.19,"id":414464},{"ltp":6.2,"id":7337}]}]}
{"op":"mcm","clk":"11781625239","pt":1722774356929,"mc":[{"id":"1.231371294","rc":[{"ltp":1.18,"id":414464},{"ltp":6.4,"id":7337}]}]}
{"op":"mcm","clk":"11781631424","pt":1722774417503,"mc":[{"id":"1.231371294","rc":[{"ltp":1.2,"id":414464},{"ltp":6.0,"id":7337}]}]}
{"op":"mcm","clk":"11781637883","pt":1722774477548,"mc":[{"id":"1.231371294","rc":[{"ltp":1.21,"id":414464},{"ltp":5.8,"id":7337}]}]}
{"op":"mcm","clk":"11781644602","pt":1722774537551,"mc":[{"id":"1.231371294","rc":[{"ltp":1.2,"id":414464},{"ltp":6.0,"id":7337}]}]}
{"op":"mcm","clk":"11781651422","pt":1722774597393,"mc":[{"id":"1.231371294","rc":[{"ltp":1.19,"id":414464}]}]}
{"op":"mcm","clk":"11781666304","pt":1722774717567,"mc":[{"id":"1.231371294","rc":[{"ltp":6.2,"id":7337}]}]}
{"op":"mcm","clk":"11781673682","pt":1722774777550,"mc":[{"id":"1.231371294","rc":[{"ltp":6.0,"id":7337}]}]}
{"op":"mcm","clk":"11781681083","pt":1722774837479,"mc":[{"id":"1.231371294","rc":[{"ltp":1.21,"id":414464},{"ltp":5.9,"id":7337}]}]}
{"op":"mcm","clk":"11781688370","pt":1722774897575,"mc":[{"id":"1.231371294","rc":[{"ltp":1.22,"id":414464},{"ltp":5.6,"id":7337}]}]}
{"op":"mcm","clk":"11781695964","pt":1722774957347,"mc":[{"id":"1.231371294","rc":[{"ltp":1.23,"id":414464},{"ltp":5.4,"id":7337}]}]}
{"op":"mcm","clk":"11781703357","pt":1722775017297,"mc":[{"id":"1.231371294","rc":[{"ltp":1.22,"id":414464}]}]}
{"op":"mcm","clk":"11781711318","pt":1722775077563,"mc":[{"id":"1.231371294","rc":[{"ltp":1.25,"id":414464},{"ltp":4.9,"id":7337}]}]}
{"op":"mcm","clk":"11781718977","pt":1722775137519,"mc":[{"id":"1.231371294","rc":[{"ltp":1.26,"id":414464},{"ltp":4.7,"id":7337}]}]}
{"op":"mcm","clk":"11781726278","pt":1722775197581,"mc":[{"id":"1.231371294","rc":[{"ltp":1.25,"id":414464},{"ltp":4.9,"id":7337}]}]}
{"op":"mcm","clk":"11781733989","pt":1722775257246,"mc":[{"id":"1.231371294","rc":[{"ltp":1.22,"id":414464},{"ltp":5.3,"id":7337}]}]}
{"op":"mcm","clk":"11781741740","pt":1722775317237,"mc":[{"id":"1.231371294","rc":[{"ltp":5.4,"id":7337}]}]}
{"op":"mcm","clk":"11781748801","pt":1722775377298,"mc":[{"id":"1.231371294","rc":[{"ltp":5.7,"id":7337}]}]}
{"op":"mcm","clk":"11781756050","pt":1722775437395,"mc":[{"id":"1.231371294","rc":[{"ltp":1.21,"id":414464}]}]}
{"op":"mcm","clk":"11781763453","pt":1722775497205,"mc":[{"id":"1.231371294","rc":[{"ltp":1.23,"id":414464},{"ltp":5.5,"id":7337}]}]}
{"op":"mcm","clk":"11781771486","pt":1722775557583,"mc":[{"id":"1.231371294","rc":[{"ltp":1.25,"id":414464},{"ltp":4.8,"id":7337}]}]}
{"op":"mcm","clk":"11781779353","pt":1722775617563,"mc":[{"id":"1.231371294","rc":[{"ltp":1.24,"id":414464},{"ltp":5.1,"id":7337}]}]}
{"op":"mcm","clk":"11781786009","pt":1722775677323,"mc":[{"id":"1.231371294","rc":[{"ltp":1.25,"id":414464}]}]}
{"op":"mcm","clk":"11781792533","pt":1722775737579,"mc":[{"id":"1.231371294","rc":[{"ltp":1.24,"id":414464}]}]}
{"op":"mcm","clk":"11781811092","pt":1722775917562,"mc":[{"id":"1.231371294","rc":[{"ltp":1.22,"id":414464},{"ltp":5.3,"id":7337}]}]}
{"op":"mcm","clk":"11781817159","pt":1722775977452,"mc":[{"id":"1.231371294","rc":[{"ltp":1.23,"id":414464}]}]}
{"op":"mcm","clk":"11781822611","pt":1722776037017,"mc":[{"id":"1.231371294","rc":[{"ltp":5.2,"id":7337}]}]}
{"op":"mcm","clk":"11781828331","pt":1722776097597,"mc":[{"id":"1.231371294","rc":[{"ltp":1.24,"id":414464},{"ltp":5.3,"id":7337}]}]}
{"op":"mcm","clk":"11781835207","pt":1722776157348,"mc":[{"id":"1.231371294","rc":[{"ltp":1.23,"id":414464},{"ltp":5.2,"id":7337}]}]}
{"op":"mcm","clk":"11781847940","pt":1722776277572,"mc":[{"id":"1.231371294","rc":[{"ltp":1.24,"id":414464},{"ltp":5.3,"id":7337}]}]}
{"op":"mcm","clk":"11781854548","pt":1722776337551,"mc":[{"id":"1.231371294","rc":[{"ltp":1.23,"id":414464},{"ltp":5.2,"id":7337}]}]}
{"op":"mcm","clk":"11781860824","pt":1722776397463,"mc":[{"id":"1.231371294","rc":[{"ltp":1.24,"id":414464},{"ltp":5.1,"id":7337}]}]}
{"op":"mcm","clk":"11781868681","pt":1722776456927,"mc":[{"id":"1.231371294","rc":[{"ltp":1.23,"id":414464}]}]}
{"op":"mcm","clk":"11781876565","pt":1722776517172,"mc":[{"id":"1.231371294","rc":[{"ltp":1.24,"id":414464},{"ltp":5.2,"id":7337}]}]}
{"op":"mcm","clk":"11781885076","pt":1722776577286,"mc":[{"id":"1.231371294","rc":[{"ltp":1.23,"id":414464},{"ltp":5.3,"id":7337}]}]}
{"op":"mcm","clk":"11781892639","pt":1722776637574,"mc":[{"id":"1.231371294","rc":[{"ltp":1.24,"id":414464},{"ltp":5.4,"id":7337}]}]}
{"op":"mcm","clk":"11781899913","pt":1722776697015,"mc":[{"id":"1.231371294","rc":[{"ltp":1.22,"id":414464}]}]}
{"op":"mcm","clk":"11781907684","pt":1722776757421,"mc":[{"id":"1.231371294","rc":[{"ltp":1.23,"id":414464}]}]}
{"op":"mcm","clk":"11781915567","pt":1722776816887,"mc":[{"id":"1.231371294","rc":[{"ltp":5.3,"id":7337}]}]}
{"op":"mcm","clk":"11781940187","pt":1722776997281,"mc":[{"id":"1.231371294","rc":[{"ltp":1.24,"id":414464},{"ltp":5.4,"id":7337}]}]}
{"op":"mcm","clk":"11781948340","pt":1722777056558,"mc":[{"id":"1.231371294","rc":[{"ltp":1.22,"id":414464},{"ltp":5.3,"id":7337}]}]}
{"op":"mcm","clk":"11781956083","pt":1722777117526,"mc":[{"id":"1.231371294","rc":[{"ltp":1.23,"id":414464},{"ltp":5.4,"id":7337}]}]}
{"op":"mcm","clk":"11781964369","pt":1722777177414,"mc":[{"id":"1.231371294","rc":[{"ltp":5.5,"id":7337}]}]}
{"op":"mcm","clk":"11781972965","pt":1722777237483,"mc":[{"id":"1.231371294","rc":[{"ltp":1.26,"id":414464},{"ltp":4.8,"id":7337}]}]}
{"op":"mcm","clk":"11781981987","pt":1722777297460,"mc":[{"id":"1.231371294","rc":[{"ltp":1.24,"id":414464},{"ltp":5.1,"id":7337}]}]}
{"op":"mcm","clk":"11781991135","pt":1722777357417,"mc":[{"id":"1.231371294","rc":[{"ltp":1.25,"id":414464},{"ltp":5.0,"id":7337}]}]}
{"op":"mcm","clk":"11782000119","pt":1722777417500,"mc":[{"id":"1.231371294","rc":[{"ltp":1.24,"id":414464}]}]}
{"op":"mcm","clk":"11782009015","pt":1722777477577,"mc":[{"id":"1.231371294","rc":[{"ltp":1.22,"id":414464},{"ltp":5.3,"id":7337}]}]}
{"op":"mcm","clk":"11782018047","pt":1722777537580,"mc":[{"id":"1.231371294","rc":[{"ltp":1.21,"id":414464},{"ltp":5.8,"id":7337}]}]}
{"op":"mcm","clk":"11782026880","pt":1722777597549,"mc":[{"id":"1.231371294","rc":[{"ltp":5.7,"id":7337}]}]}
{"op":"mcm","clk":"11782043720","pt":1722777717393,"mc":[{"id":"1.231371294","rc":[{"ltp":5.8,"id":7337}]}]}
{"op":"mcm","clk":"11782052522","pt":1722777777457,"mc":[{"id":"1.231371294","rc":[{"ltp":5.7,"id":7337}]}]}
{"op":"mcm","clk":"11782060533","pt":1722777837583,"mc":[{"id":"1.231371294","rc":[{"ltp":5.9,"id":7337}]}]}
{"op":"mcm","clk":"11782067961","pt":1722777897453,"mc":[{"id":"1.231371294","rc":[{"ltp":1.22,"id":414464},{"ltp":5.5,"id":7337}]}]}
{"op":"mcm","clk":"11782075731","pt":1722777957505,"mc":[{"id":"1.231371294","rc":[{"ltp":1.2,"id":414464},{"ltp":6.0,"id":7337}]}]}
{"op":"mcm","clk":"11782083870","pt":1722778017565,"mc":[{"id":"1.231371294","rc":[{"ltp":1.16,"id":414464},{"ltp":6.8,"id":7337}]}]}
{"op":"mcm","clk":"11782091292","pt":1722778077538,"mc":[{"id":"1.231371294","rc":[{"ltp":1.14,"id":414464},{"ltp":8.0,"id":7337}]}]}
{"op":"mcm","clk":"11782099096","pt":1722778137392,"mc":[{"id":"1.231371294","rc":[{"ltp":7.8,"id":7337}]}]}
{"op":"mcm","clk":"11782106673","pt":1722778197469,"mc":[{"id":"1.231371294","rc":[{"ltp":7.6,"id":7337}]}]}
{"op":"mcm","clk":"11782115125","pt":1722778257503,"mc":[{"id":"1.231371294","rc":[{"ltp":8.2,"id":7337}]}]}
{"op":"mcm","clk":"11782123255","pt":1722778317577,"mc":[{"id":"1.231371294","rc":[{"ltp":1.13,"id":414464},{"ltp":8.6,"id":7337}]}]}
{"op":"mcm","clk":"11782139738","pt":1722778437511,"mc":[{"id":"1.231371294","rc":[{"ltp":1.14,"id":414464},{"ltp":8.0,"id":7337}]}]}
{"op":"mcm","clk":"11782147609","pt":1722778497553,"mc":[{"id":"1.231371294","rc":[{"ltp":1.12,"id":414464},{"ltp":9.2,"id":7337}]}]}
{"op":"mcm","clk":"11782155488","pt":1722778557430,"mc":[{"id":"1.231371294","rc":[{"ltp":1.11,"id":414464},{"ltp":10.0,"id":7337}]}]}
{"op":"mcm","clk":"11782181222","pt":1722778737529,"mc":[{"id":"1.231371294","rc":[{"ltp":1.1,"id":414464},{"ltp":11.0,"id":7337}]}]}
{"op":"mcm","clk":"11782190288","pt":1722778797566,"mc":[{"id":"1.231371294","rc":[{"ltp":1.09,"id":414464},{"ltp":12.0,"id":7337}]}]}
{"op":"mcm","clk":"11782198849","pt":1722778857546,"mc":[{"id":"1.231371294","rc":[{"ltp":1.07,"id":414464},{"ltp":16.0,"id":7337}]}]}
{"op":"mcm","clk":"11782206589","pt":1722778917497,"mc":[{"id":"1.231371294","rc":[{"ltp":15.5,"id":7337}]}]}
{"op":"mcm","clk":"11782223605","pt":1722778977562,"mc":[{"id":"1.231371294","rc":[{"ltp":14.5,"id":7337}]}]}
{"op":"mcm","clk":"11782231638","pt":1722779037533,"mc":[{"id":"1.231371294","rc":[{"ltp":1.09,"id":414464},{"ltp":12.5,"id":7337}]}]}
{"op":"mcm","clk":"11782239103","pt":1722779097537,"mc":[{"id":"1.231371294","rc":[{"ltp":1.1,"id":414464},{"ltp":12.0,"id":7337}]}]}
{"op":"mcm","clk":"11782246808","pt":1722779157517,"mc":[{"id":"1.231371294","rc":[{"ltp":1.07,"id":414464},{"ltp":14.0,"id":7337}]}]}
{"op":"mcm","clk":"11782254269","pt":1722779217588,"mc":[{"id":"1.231371294","rc":[{"ltp":15.0,"id":7337}]}]}
{"op":"mcm","clk":"11782262002","pt":1722779277545,"mc":[{"id":"1.231371294","rc":[{"ltp":14.0,"id":7337}]}]}
{"op":"mcm","clk":"11782269401","pt":1722779337526,"mc":[{"id":"1.231371294","rc":[{"ltp":1.06,"id":414464},{"ltp":18.0,"id":7337}]}]}
{"op":"mcm","clk":"11782282838","pt":1722779457482,"mc":[{"id":"1.231371294","rc":[{"ltp":17.5,"id":7337}]}]}
{"op":"mcm","clk":"11782290313","pt":1722779517542,"mc":[{"id":"1.231371294","rc":[{"ltp":1.05,"id":414464},{"ltp":21.0,"id":7337}]}]}
{"op":"mcm","clk":"11782326832","pt":1722779817427,"mc":[{"id":"1.231371294","rc":[{"ltp":22.0,"id":7337}]}]}
{"op":"mcm","clk":"11782334188","pt":1722779876879,"mc":[{"id":"1.231371294","rc":[{"ltp":21.0,"id":7337}]}]}
{"op":"mcm","clk":"11782341421","pt":1722779937525,"mc":[{"id":"1.231371294","rc":[{"ltp":23.0,"id":7337}]}]}
{"op":"mcm","clk":"11782358251","pt":1722780057486,"mc":[{"id":"1.231371294","rc":[{"ltp":1.04,"id":414464},{"ltp":21.0,"id":7337}]}]}
{"op":"mcm","clk":"11782366876","pt":1722780117592,"mc":[{"id":"1.231371294","rc":[{"ltp":1.05,"id":414464}]}]}
{"op":"mcm","clk":"11782375232","pt":1722780176847,"mc":[{"id":"1.231371294","rc":[{"ltp":1.04,"id":414464},{"ltp":24.0,"id":7337}]}]}
{"op":"mcm","clk":"11782383834","pt":1722780237512,"mc":[{"id":"1.231371294","rc":[{"ltp":26.0,"id":7337}]}]}
{"op":"mcm","clk":"11782392608","pt":1722780297183,"mc":[{"id":"1.231371294","rc":[{"ltp":30.0,"id":7337}]}]}
{"op":"mcm","clk":"11782401060","pt":1722780357351,"mc":[{"id":"1.231371294","rc":[{"ltp":1.03,"id":414464}]}]}
{"op":"mcm","clk":"11782408926","pt":1722780417595,"mc":[{"id":"1.231371294","rc":[{"ltp":34.0,"id":7337}]}]}
{"op":"mcm","clk":"11782436439","pt":1722780597391,"mc":[{"id":"1.231371294","rc":[{"ltp":28.0,"id":7337}]}]}
{"op":"mcm","clk":"11782445420","pt":1722780657599,"mc":[{"id":"1.231371294","rc":[{"ltp":1.07,"id":414464},{"ltp":14.0,"id":7337}]}]}
{"op":"mcm","clk":"11782454601","pt":1722780717503,"mc":[{"id":"1.231371294","rc":[{"ltp":16.0,"id":7337}]}]}
{"op":"mcm","clk":"11782464333","pt":1722780777421,"mc":[{"id":"1.231371294","rc":[{"ltp":1.05,"id":414464},{"ltp":21.0,"id":7337}]}]}
{"op":"mcm","clk":"11782474790","pt":1722780837286,"mc":[{"id":"1.231371294","rc":[{"ltp":22.0,"id":7337}]}]}
{"op":"mcm","clk":"11782484702","pt":1722780897560,"mc":[{"id":"1.231371294","rc":[{"ltp":1.04,"id":414464},{"ltp":24.0,"id":7337}]}]}
{"op":"mcm","clk":"11782494540","pt":1722780957470,"mc":[{"id":"1.231371294","rc":[{"ltp":23.0,"id":7337}]}]}
{"op":"mcm","clk":"11782504559","pt":1722781017433,"mc":[{"id":"1.231371294","rc":[{"ltp":1.08,"id":414464},{"ltp":13.5,"id":7337}]}]}
{"op":"mcm","clk":"11782514230","pt":1722781077576,"mc":[{"id":"1.231371294","rc":[{"ltp":1.1,"id":414464},{"ltp":11.0,"id":7337}]}]}
{"op":"mcm","clk":"11782523805","pt":1722781137471,"mc":[{"id":"1.231371294","rc":[{"ltp":1.05,"id":414464},{"ltp":21.0,"id":7337}]}]}
{"op":"mcm","clk":"11782532500","pt":1722781197558,"mc":[{"id":"1.231371294","rc":[{"ltp":24.0,"id":7337}]}]}
{"op":"mcm","clk":"11782541056","pt":1722781257517,"mc":[{"id":"1.231371294","rc":[{"ltp":1.04,"id":414464},{"ltp":21.0,"id":7337}]}]}
{"op":"mcm","clk":"11782549543","pt":1722781317589,"mc":[{"id":"1.231371294","rc":[{"ltp":1.05,"id":414464}]}]}
{"op":"mcm","clk":"11782558636","pt":1722781377564,"mc":[{"id":"1.231371294","rc":[{"ltp":1.04,"id":414464}]}]}
{"op":"mcm","clk":"11782567429","pt":1722781436976,"mc":[{"id":"1.231371294","rc":[{"ltp":1.05,"id":414464}]}]}
{"op":"mcm","clk":"11782576202","pt":1722781497566,"mc":[{"id":"1.231371294","rc":[{"ltp":1.04,"id":414464},{"ltp":22.0,"id":7337}]}]}
{"op":"mcm","clk":"11782593654","pt":1722781617524,"mc":[{"id":"1.231371294","rc":[{"ltp":1.05,"id":414464},{"ltp":21.0,"id":7337}]}]}
{"op":"mcm","clk":"11782610950","pt":1722781737576,"mc":[{"id":"1.231371294","rc":[{"ltp":1.1,"id":414464},{"ltp":11.0,"id":7337}]}]}
{"op":"mcm","clk":"11782620377","pt":1722781797503,"mc":[{"id":"1.231371294","rc":[{"ltp":1.09,"id":414464},{"ltp":11.5,"id":7337}]}]}
{"op":"mcm","clk":"11782631620","pt":1722781857583,"mc":[{"id":"1.231371294","rc":[{"ltp":1.08,"id":414464},{"ltp":13.5,"id":7337}]}]}
{"op":"mcm","clk":"11782642510","pt":1722781917580,"mc":[{"id":"1.231371294","rc":[{"ltp":1.09,"id":414464},{"ltp":12.5,"id":7337}]}]}
{"op":"mcm","clk":"11782652322","pt":1722781977540,"mc":[{"id":"1.231371294","rc":[{"ltp":1.18,"id":414464},{"ltp":6.2,"id":7337}]}]}
{"op":"mcm","clk":"11782662653","pt":1722782037584,"mc":[{"id":"1.231371294","rc":[{"ltp":1.15,"id":414464},{"ltp":8.0,"id":7337}]}]}
{"op":"mcm","clk":"11782672876","pt":1722782097523,"mc":[{"id":"1.231371294","rc":[{"ltp":1.14,"id":414464}]}]}
{"op":"mcm","clk":"11782682609","pt":1722782157480,"mc":[{"id":"1.231371294","rc":[{"ltp":1.12,"id":414464},{"ltp":8.6,"id":7337}]}]}
{"op":"mcm","clk":"11782691921","pt":1722782217585,"mc":[{"id":"1.231371294","rc":[{"ltp":1.1,"id":414464},{"ltp":11.0,"id":7337}]}]}
{"op":"mcm","clk":"11782701180","pt":1722782277517,"mc":[{"id":"1.231371294","rc":[{"ltp":1.11,"id":414464},{"ltp":10.5,"id":7337}]}]}
{"op":"mcm","clk":"11782710251","pt":1722782337480,"mc":[{"id":"1.231371294","rc":[{"ltp":9.2,"id":7337}]}]}
{"op":"mcm","clk":"11782719244","pt":1722782397271,"mc":[{"id":"1.231371294","rc":[{"ltp":1.22,"id":414464},{"ltp":5.6,"id":7337}]}]}
{"op":"mcm","clk":"11782728442","pt":1722782457599,"mc":[{"id":"1.231371294","rc":[{"ltp":1.3,"id":414464},{"ltp":4.2,"id":7337}]}]}
{"op":"mcm","clk":"11782737616","pt":1722782517569,"mc":[{"id":"1.231371294","rc":[{"ltp":1.23,"id":414464},{"ltp":5.1,"id":7337}]}]}
{"op":"mcm","clk":"11782747017","pt":1722782577514,"mc":[{"id":"1.231371294","rc":[{"ltp":1.24,"id":414464}]}]}
{"op":"mcm","clk":"11782756577","pt":1722782637555,"mc":[{"id":"1.231371294","rc":[{"ltp":5.0,"id":7337}]}]}
{"op":"mcm","clk":"11782766378","pt":1722782697546,"mc":[{"id":"1.231371294","rc":[{"ltp":1.25,"id":414464}]}]}
{"op":"mcm","clk":"11782775449","pt":1722782757508,"mc":[{"id":"1.231371294","rc":[{"ltp":1.24,"id":414464}]}]}
{"op":"mcm","clk":"11782784000","pt":1722782817560,"mc":[{"id":"1.231371294","rc":[{"ltp":1.26,"id":414464},{"ltp":4.8,"id":7337}]}]}
{"op":"mcm","clk":"11782792245","pt":1722782877534,"mc":[{"id":"1.231371294","rc":[{"ltp":1.23,"id":414464},{"ltp":5.3,"id":7337}]}]}
{"op":"mcm","clk":"11782800141","pt":1722782937508,"mc":[{"id":"1.231371294","rc":[{"ltp":1.33,"id":414464},{"ltp":4.0,"id":7337}]}]}
{"op":"mcm","clk":"11782807943","pt":1722782997536,"mc":[{"id":"1.231371294","rc":[{"ltp":1.59,"id":414464},{"ltp":2.7,"id":7337}]}]}
{"op":"mcm","clk":"11782815350","pt":1722783057510,"mc":[{"id":"1.231371294","rc":[{"ltp":1.57,"id":414464},{"ltp":2.74,"id":7337}]}]}
{"op":"mcm","clk":"11782823500","pt":1722783117579,"mc":[{"id":"1.231371294","rc":[{"ltp":1.56,"id":414464},{"ltp":2.76,"id":7337}]}]}
{"op":"mcm","clk":"11782830579","pt":1722783177557,"mc":[{"id":"1.231371294","rc":[{"ltp":1.62,"id":414464},{"ltp":2.62,"id":7337}]}]}
{"op":"mcm","clk":"11782837841","pt":1722783237561,"mc":[{"id":"1.231371294","rc":[{"ltp":1.5,"id":414464},{"ltp":3.1,"id":7337}]}]}
{"op":"mcm","clk":"11782845391","pt":1722783297514,"mc":[{"id":"1.231371294","rc":[{"ltp":1.39,"id":414464},{"ltp":3.55,"id":7337}]}]}
{"op":"mcm","clk":"11782853719","pt":1722783357525,"mc":[{"id":"1.231371294","rc":[{"ltp":1.38,"id":414464},{"ltp":3.65,"id":7337}]}]}
{"op":"mcm","clk":"11782861110","pt":1722783417521,"mc":[{"id":"1.231371294","rc":[{"ltp":1.39,"id":414464},{"ltp":3.55,"id":7337}]}]}
{"op":"mcm","clk":"11782867915","pt":1722783477558,"mc":[{"id":"1.231371294","rc":[{"ltp":2.4,"id":414464},{"ltp":1.71,"id":7337}]}]}
{"op":"mcm","clk":"11782874339","pt":1722783537526,"mc":[{"id":"1.231371294","rc":[{"ltp":2.28,"id":414464},{"ltp":1.76,"id":7337}]}]}
{"op":"mcm","clk":"11782881176","pt":1722783597555,"mc":[{"id":"1.231371294","rc":[{"ltp":2.38,"id":414464},{"ltp":1.73,"id":7337}]}]}
{"op":"mcm","clk":"11782889449","pt":1722783657581,"mc":[{"id":"1.231371294","rc":[{"ltp":2.2,"id":414464},{"ltp":1.83,"id":7337}]}]}
{"op":"mcm","clk":"11782897579","pt":1722783717543,"mc":[{"id":"1.231371294","rc":[{"ltp":1.82,"id":7337}]}]}
{"op":"mcm","clk":"11782906096","pt":1722783777539,"mc":[{"id":"1.231371294","rc":[{"ltp":1.83,"id":7337}]}]}
{"op":"mcm","clk":"11782915024","pt":1722783837506,"mc":[{"id":"1.231371294","rc":[{"ltp":2.14,"id":414464},{"ltp":1.84,"id":7337}]}]}
{"op":"mcm","clk":"11782924326","pt":1722783897481,"mc":[{"id":"1.231371294","rc":[{"ltp":2.2,"id":414464},{"ltp":1.81,"id":7337}]}]}
{"op":"mcm","clk":"11782934237","pt":1722783957583,"mc":[{"id":"1.231371294","rc":[{"ltp":2.22,"id":414464}]}]}
{"op":"mcm","clk":"11782943845","pt":1722784017447,"mc":[{"id":"1.231371294","rc":[{"ltp":2.3,"id":414464},{"ltp":1.75,"id":7337}]}]}
{"op":"mcm","clk":"11782953944","pt":1722784077529,"mc":[{"id":"1.231371294","rc":[{"ltp":2.28,"id":414464},{"ltp":1.77,"id":7337}]}]}
{"op":"mcm","clk":"11782963958","pt":1722784137599,"mc":[{"id":"1.231371294","rc":[{"ltp":2.22,"id":414464},{"ltp":1.83,"id":7337}]}]}
{"op":"mcm","clk":"11782974266","pt":1722784197566,"mc":[{"id":"1.231371294","rc":[{"ltp":2.08,"id":414464},{"ltp":1.91,"id":7337}]}]}
{"op":"mcm","clk":"11782984862","pt":1722784257506,"mc":[{"id":"1.231371294","rc":[{"ltp":2.06,"id":414464},{"ltp":1.93,"id":7337}]}]}
{"op":"mcm","clk":"11782995447","pt":1722784317592,"mc":[{"id":"1.231371294","rc":[{"ltp":2.12,"id":414464},{"ltp":1.88,"id":7337}]}]}
{"op":"mcm","clk":"11783014992","pt":1722784377527,"mc":[{"id":"1.231371294","rc":[{"ltp":2.2,"id":414464},{"ltp":1.84,"id":7337}]}]}
{"op":"mcm","clk":"11783026173","pt":1722784437560,"mc":[{"id":"1.231371294","rc":[{"ltp":2.16,"id":414464},{"ltp":1.88,"id":7337}]}]}
{"op":"mcm","clk":"11783037472","pt":1722784497580,"mc":[{"id":"1.231371294","rc":[{"ltp":2.08,"id":414464},{"ltp":1.91,"id":7337}]}]}
{"op":"mcm","clk":"11783049042","pt":1722784557565,"mc":[{"id":"1.231371294","rc":[{"ltp":2.14,"id":414464},{"ltp":1.87,"id":7337}]}]}
{"op":"mcm","clk":"11783059705","pt":1722784617537,"mc":[{"id":"1.231371294","rc":[{"ltp":2.12,"id":414464},{"ltp":1.89,"id":7337}]}]}
{"op":"mcm","clk":"11783069774","pt":1722784677591,"mc":[{"id":"1.231371294","rc":[{"ltp":2.16,"id":414464},{"ltp":1.85,"id":7337}]}]}
{"op":"mcm","clk":"11783079065","pt":1722784737289,"mc":[{"id":"1.231371294","rc":[{"ltp":2.12,"id":414464},{"ltp":1.89,"id":7337}]}]}
{"op":"mcm","clk":"11783088757","pt":1722784797561,"mc":[{"id":"1.231371294","rc":[{"ltp":2.04,"id":414464},{"ltp":1.96,"id":7337}]}]}
{"op":"mcm","clk":"11783097890","pt":1722784857541,"mc":[{"id":"1.231371294","rc":[{"ltp":2.02,"id":414464}]}]}
{"op":"mcm","clk":"11783107836","pt":1722784917500,"mc":[{"id":"1.231371294","rc":[{"ltp":2.0,"id":414464},{"ltp":2.0,"id":7337}]}]}
{"op":"mcm","clk":"11783117128","pt":1722784977586,"mc":[{"id":"1.231371294","rc":[{"ltp":3.0,"id":414464},{"ltp":1.5,"id":7337}]}]}
{"op":"mcm","clk":"11783125303","pt":1722785037554,"mc":[{"id":"1.231371294","rc":[{"ltp":2.16,"id":414464},{"ltp":1.86,"id":7337}]}]}
{"op":"mcm","clk":"11783134255","pt":1722785097548,"mc":[{"id":"1.231371294","rc":[{"ltp":1.97,"id":414464},{"ltp":2.04,"id":7337}]}]}
{"op":"mcm","clk":"11783144815","pt":1722785157531,"mc":[{"id":"1.231371294","rc":[{"ltp":1.94,"id":414464},{"ltp":2.06,"id":7337}]}]}
{"op":"mcm","clk":"11783155101","pt":1722785217567,"mc":[{"id":"1.231371294","rc":[{"ltp":1.87,"id":414464},{"ltp":2.12,"id":7337}]}]}
{"op":"mcm","clk":"11783165286","pt":1722785277523,"mc":[{"id":"1.231371294","rc":[{"ltp":1.85,"id":414464},{"ltp":2.16,"id":7337}]}]}
{"op":"mcm","clk":"11783175265","pt":1722785337505,"mc":[{"id":"1.231371294","rc":[{"ltp":1.81,"id":414464},{"ltp":2.22,"id":7337}]}]}
{"op":"mcm","clk":"11783197353","pt":1722785457565,"mc":[{"id":"1.231371294","rc":[{"ltp":1.63,"id":414464},{"ltp":2.5,"id":7337}]}]}
{"op":"mcm","clk":"11783208663","pt":1722785517569,"mc":[{"id":"1.231371294","rc":[{"ltp":1.48,"id":414464},{"ltp":3.1,"id":7337}]}]}
{"op":"mcm","clk":"11783220027","pt":1722785577504,"mc":[{"id":"1.231371294","rc":[{"ltp":1.46,"id":414464},{"ltp":3.2,"id":7337}]}]}
{"op":"mcm","clk":"11783231981","pt":1722785637584,"mc":[{"id":"1.231371294","rc":[{"ltp":1.49,"id":414464},{"ltp":3.05,"id":7337}]}]}
{"op":"mcm","clk":"11783243627","pt":1722785697422,"mc":[{"id":"1.231371294","rc":[{"ltp":1.48,"id":414464},{"ltp":3.1,"id":7337}]}]}
{"op":"mcm","clk":"11783265551","pt":1722785817449,"mc":[{"id":"1.231371294","rc":[{"ltp":1.49,"id":414464},{"ltp":3.0,"id":7337}]}]}
{"op":"mcm","clk":"11783298807","pt":1722785997587,"mc":[{"id":"1.231371294","rc":[{"ltp":1.51,"id":414464},{"ltp":2.92,"id":7337}]}]}
{"op":"mcm","clk":"11783310363","pt":1722786057549,"mc":[{"id":"1.231371294","rc":[{"ltp":1.5,"id":414464},{"ltp":3.0,"id":7337}]}]}
{"op":"mcm","clk":"11783321797","pt":1722786117536,"mc":[{"id":"1.231371294","rc":[{"ltp":1.51,"id":414464},{"ltp":2.92,"id":7337}]}]}
{"op":"mcm","clk":"11783333216","pt":1722786177552,"mc":[{"id":"1.231371294","rc":[{"ltp":1.41,"id":414464},{"ltp":3.45,"id":7337}]}]}
{"op":"mcm","clk":"11783344610","pt":1722786237483,"mc":[{"id":"1.231371294","rc":[{"ltp":2.6,"id":414464},{"ltp":1.62,"id":7337}]}]}
{"op":"mcm","clk":"11783355806","pt":1722786297521,"mc":[{"id":"1.231371294","rc":[{"ltp":2.92,"id":414464},{"ltp":1.52,"id":7337}]}]}
{"op":"mcm","clk":"11783377978","pt":1722786417529,"mc":[{"id":"1.231371294","rc":[{"ltp":3.05,"id":414464},{"ltp":1.49,"id":7337}]}]}
{"op":"mcm","clk":"11783388824","pt":1722786477550,"mc":[{"id":"1.231371294","rc":[{"ltp":3.15,"id":414464},{"ltp":1.46,"id":7337}]}]}
{"op":"mcm","clk":"11783399104","pt":1722786537544,"mc":[{"id":"1.231371294","rc":[{"ltp":3.0,"id":414464},{"ltp":1.49,"id":7337}]}]}
{"op":"mcm","clk":"11783409237","pt":1722786597539,"mc":[{"id":"1.231371294","rc":[{"ltp":2.92,"id":414464},{"ltp":1.51,"id":7337}]}]}
{"op":"mcm","clk":"11783419450","pt":1722786657557,"mc":[{"id":"1.231371294","rc":[{"ltp":2.72,"id":414464},{"ltp":1.57,"id":7337}]}]}
{"op":"mcm","clk":"11783429758","pt":1722786717564,"mc":[{"id":"1.231371294","rc":[{"ltp":2.46,"id":414464},{"ltp":1.69,"id":7337}]}]}
{"op":"mcm","clk":"11783439872","pt":1722786777547,"mc":[{"id":"1.231371294","rc":[{"ltp":2.62,"id":414464},{"ltp":1.62,"id":7337}]}]}
{"op":"mcm","clk":"11783449149","pt":1722786837507,"mc":[{"id":"1.231371294","rc":[{"ltp":3.9,"id":414464},{"ltp":1.34,"id":7337}]}]}
{"op":"mcm","clk":"11783458594","pt":1722786897445,"mc":[{"id":"1.231371294","rc":[{"ltp":4.4,"id":414464},{"ltp":1.29,"id":7337}]}]}
{"op":"mcm","clk":"11783468538","pt":1722786957580,"mc":[{"id":"1.231371294","rc":[{"ltp":9.4,"id":414464},{"ltp":1.11,"id":7337}]}]}
{"op":"mcm","clk":"11783477721","pt":1722787017548,"mc":[{"id":"1.231371294","rc":[{"ltp":9.2,"id":414464}]}]}
{"op":"mcm","clk":"11783486906","pt":1722787077522,"mc":[{"id":"1.231371294","rc":[{"ltp":1.12,"id":7337}]}]}
{"op":"mcm","clk":"11783495951","pt":1722787137599,"mc":[{"id":"1.231371294","rc":[{"ltp":8.6,"id":414464},{"ltp":1.13,"id":7337}]}]}
{"op":"mcm","clk":"11783505160","pt":1722787197522,"mc":[{"id":"1.231371294","rc":[{"ltp":8.8,"id":414464},{"ltp":1.12,"id":7337}]}]}
{"op":"mcm","clk":"11783515370","pt":1722787257588,"mc":[{"id":"1.231371294","rc":[{"ltp":9.4,"id":414464},{"ltp":1.11,"id":7337}]}]}
{"op":"mcm","clk":"11783524877","pt":1722787317586,"mc":[{"id":"1.231371294","rc":[{"ltp":7.0,"id":414464},{"ltp":1.17,"id":7337}]}]}
{"op":"mcm","clk":"11783535216","pt":1722787377546,"mc":[{"id":"1.231371294","rc":[{"ltp":6.8,"id":414464},{"ltp":1.18,"id":7337}]}]}
{"op":"mcm","clk":"11783546333","pt":1722787437446,"mc":[{"id":"1.231371294","rc":[{"ltp":10.0,"id":414464},{"ltp":1.1,"id":7337}]}]}
{"op":"mcm","clk":"11783557952","pt":1722787497512,"mc":[{"id":"1.231371294","rc":[{"ltp":8.6,"id":414464},{"ltp":1.13,"id":7337}]}]}
{"op":"mcm","clk":"11783569676","pt":1722787557568,"mc":[{"id":"1.231371294","rc":[{"ltp":7.2,"id":414464},{"ltp":1.17,"id":7337}]}]}
{"op":"mcm","clk":"11783580965","pt":1722787617552,"mc":[{"id":"1.231371294","rc":[{"ltp":1.16,"id":7337}]}]}
{"op":"mcm","clk":"11783593402","pt":1722787677543,"mc":[{"id":"1.231371294","rc":[{"ltp":8.2,"id":414464},{"ltp":1.14,"id":7337}]}]}
{"op":"mcm","clk":"11783605881","pt":1722787737591,"mc":[{"id":"1.231371294","rc":[{"ltp":5.8,"id":414464},{"ltp":1.21,"id":7337}]}]}
{"op":"mcm","clk":"11783618008","pt":1722787797567,"mc":[{"id":"1.231371294","rc":[{"ltp":6.0,"id":414464},{"ltp":1.2,"id":7337}]}]}
{"op":"mcm","clk":"11783629604","pt":1722787857473,"mc":[{"id":"1.231371294","rc":[{"ltp":12.0,"id":414464},{"ltp":1.09,"id":7337}]}]}
{"op":"mcm","clk":"11783641169","pt":1722787917579,"mc":[{"id":"1.231371294","rc":[{"ltp":11.0,"id":414464}]}]}
{"op":"mcm","clk":"11783652498","pt":1722787977539,"mc":[{"id":"1.231371294","rc":[{"ltp":7.2,"id":414464},{"ltp":1.15,"id":7337}]}]}
{"op":"mcm","clk":"11783664376","pt":1722788037512,"mc":[{"id":"1.231371294","rc":[{"ltp":5.7,"id":414464},{"ltp":1.2,"id":7337}]}]}
{"op":"mcm","clk":"11783675342","pt":1722788097543,"mc":[{"id":"1.231371294","rc":[{"ltp":6.0,"id":414464}]}]}
{"op":"mcm","clk":"11783696599","pt":1722788217541,"mc":[{"id":"1.231371294","rc":[{"ltp":34.0,"id":414464},{"ltp":1.03,"id":7337}]}]}
{"op":"mcm","clk":"11783706739","pt":1722788277590,"mc":[{"id":"1.231371294","rc":[{"ltp":44.0,"id":414464}]}]}
{"op":"mcm","clk":"11783716063","pt":1722788337580,"mc":[{"id":"1.231371294","rc":[{"ltp":40.0,"id":414464}]}]}
{"op":"mcm","clk":"11783724910","pt":1722788397596,"mc":[{"id":"1.231371294","rc":[{"ltp":32.0,"id":414464}]}]}
{"op":"mcm","clk":"11783733808","pt":1722788457558,"mc":[{"id":"1.231371294","rc":[{"ltp":30.0,"id":414464},{"ltp":1.04,"id":7337}]}]}
{"op":"mcm","clk":"11783743537","pt":1722788517550,"mc":[{"id":"1.231371294","rc":[{"ltp":27.0,"id":414464}]}]}
{"op":"mcm","clk":"11783753037","pt":1722788577528,"mc":[{"id":"1.231371294","rc":[{"ltp":21.0,"id":414464},{"ltp":1.05,"id":7337}]}]}
{"op":"mcm","clk":"11783762629","pt":1722788637595,"mc":[{"id":"1.231371294","rc":[{"ltp":20.0,"id":414464},{"ltp":1.06,"id":7337}]}]}
{"op":"mcm","clk":"11783772037","pt":1722788697584,"mc":[{"id":"1.231371294","rc":[{"ltp":18.0,"id":414464},{"ltp":1.05,"id":7337}]}]}
{"op":"mcm","clk":"11783782231","pt":1722788757371,"mc":[{"id":"1.231371294","rc":[{"ltp":1000.0,"id":414464},{"ltp":1.01,"id":7337}]}]}
{"op":"mcm","clk":"11783792182","pt":1722788817537,"mc":[{"id":"1.231371294","marketDefinition":{"bspMarket":false,"turnInPlayEnabled":true,"persistenceEnabled":true,"marketBaseRate":5.0,"eventId":"33462952","eventTypeId":"4","numberOfWinners":1,"bettingType":"ODDS","marketType":"MATCH_ODDS","marketTime":"2024-08-04T09:00:00.000Z","suspendTime":"2024-08-04T09:00:00.000Z","bspReconciled":false,"complete":true,"inPlay":true,"crossMatching":true,"runnersVoidable":false,"numberOfActiveRunners":2,"betDelay":5,"status":"SUSPENDED","runners":[{"status":"ACTIVE","sortPriority":1,"id":7337,"name":"Sri Lanka"},{"status":"ACTIVE","sortPriority":2,"id":414464,"name":"India"}],"regulators":["MR_INT"],"countryCode":"GB","discountAllowed":true,"timezone":"GMT","openDate":"2024-08-04T09:00:00.000Z","version":6057059047,"name":"Match Odds","eventName":"Sri Lanka v India"}}]}
{"op":"mcm","clk":"11783838712","pt":1722789128616,"mc":[{"id":"1.231371294","marketDefinition":{"bspMarket":false,"turnInPlayEnabled":true,"persistenceEnabled":true,"marketBaseRate":5.0,"eventId":"33462952","eventTypeId":"4","numberOfWinners":1,"bettingType":"ODDS","marketType":"MATCH_ODDS","marketTime":"2024-08-04T09:00:00.000Z","suspendTime":"2024-08-04T09:00:00.000Z","bspReconciled":false,"complete":true,"inPlay":true,"crossMatching":false,"runnersVoidable":false,"numberOfActiveRunners":0,"betDelay":5,"status":"CLOSED","settledTime":"2024-08-04T16:29:54.000Z","runners":[{"status":"WINNER","sortPriority":1,"id":7337,"name":"Sri Lanka"},{"status":"LOSER","sortPriority":2,"id":414464,"name":"India"}],"regulators":["MR_INT"],"countryCode":"GB","discountAllowed":true,"timezone":"GMT","openDate":"2024-08-04T09:00:00.000Z","version":6057079693,"name":"Match Odds","eventName":"Sri Lanka v India"}}]}
