{"op":"mcm","clk":"11755812792","pt":1722595603895,"mc":[{"id":"1.231345620","marketDefinition":{"bspMarket":false,"turnInPlayEnabled":true,"persistenceEnabled":true,"marketBaseRate":5.0,"eventId":"33462723","eventTypeId":"4","numberOfWinners":1,"bettingType":"ODDS","marketType":"MATCH_ODDS","marketTime":"2024-08-04T17:00:00.000Z","suspendTime":"2024-08-04T17:00:00.000Z","bspReconciled":false,"complete":true,"inPlay":false,"crossMatching":true,"runnersVoidable":false,"numberOfActiveRunners":2,"betDelay":0,"status":"OPEN","runners":[{"status":"ACTIVE","sortPriority":1,"id":26354924,"name":"Northern Superchargers"},{"status":"ACTIVE","sortPriority":2,"id":26354922,"name":"Manchester Originals"}],"regulators":["MR_INT"],"countryCode":"GB","discountAllowed":true,"timezone":"GMT","openDate":"2024-08-04T17:00:00.000Z","version":6051316127,"name":"Match Odds","eventName":"Northern Superchargers v Manchester Originals"}}]}
{"op":"mcm","clk":"11757411319","pt":1722611139967,"mc":[{"id":"1.231345620","rc":[{"ltp":1.3,"id":26354924}]}]}
{"op":"mcm","clk":"11761797722","pt":1722661661067,"mc":[{"id":"1.231345620","rc":[{"ltp":2.46,"id":26354922},{"ltp":1.69,"id":26354924}]}]}
{"op":"mcm","clk":"11762581569","pt":1722675593751,"mc":[{"id":"1.231345620","rc":[{"ltp":2.48,"id":26354922},{"ltp":1.68,"id":26354924}]}]}
{"op":"mcm","clk":"11762689630","pt":1722676592979,"mc":[{"id":"1.231345620","rc":[{"ltp":2.46,"id":26354922},{"ltp":1.69,"id":26354924}]}]}
{"op":"mcm","clk":"11762995193","pt":1722679348429,"mc":[{"id":"1.231345620","rc":[{"ltp":1.67,"id":26354924}]}]}
{"op":"mcm","clk":"11765579966","pt":1722694451784,"mc":[{"id":"1.231345620","rc":[{"ltp":1.7,"id":26354924}]}]}
{"op":"mcm","clk":"11768171615","pt":1722710672780,"mc":[{"id":"1.231345620","rc":[{"ltp":2.4,"id":26354922}]}]}
{"op":"mcm","clk":"11768684954","pt":1722714521313,"mc":[{"id":"1.231345620","rc":[{"ltp":2.38,"id":26354922},{"ltp":1.72,"id":26354924}]}]}
{"op":"mcm","clk":"11769381368","pt":1722721839448,"mc":[{"id":"1.231345620","rc":[{"ltp":2.32,"id":26354922},{"ltp":1.76,"id":26354924}]}]}
{"op":"mcm","clk":"11769386011","pt":1722721893722,"mc":[{"id":"1.231345620","rc":[{"ltp":1.68,"id":26354924}]}]}
{"op":"mcm","clk":"11769775232","pt":1722726783703,"mc":[{"id":"1.231345620","rc":[{"ltp":2.54,"id":26354922},{"ltp":1.65,"id":26354924}]}]}
{"op":"mcm","clk":"11769805208","pt":1722727099867,"mc":[{"id":"1.231345620","rc":[{"ltp":1.64,"id":26354924}]}]}
{"op":"mcm","clk":"11769990998","pt":1722729161146,"mc":[{"id":"1.231345620","rc":[{"ltp":1.6,"id":26354924}]}]}
{"op":"mcm","clk":"11769994371","pt":1722729219588,"mc":[{"id":"1.231345620","rc":[{"ltp":2.52,"id":26354922}]}]}
{"op":"mcm","clk":"11769997904","pt":1722729280652,"mc":[{"id":"1.231345620","rc":[{"ltp":2.54,"id":26354922},{"ltp":1.65,"id":26354924}]}]}
{"op":"mcm","clk":"11770843897","pt":1722743440623,"mc":[{"id":"1.231345620","rc":[{"ltp":1.66,"id":26354924}]}]}
{"op":"mcm","clk":"11770846765","pt":1722743500985,"mc":[{"id":"1.231345620","rc":[{"ltp":2.52,"id":26354922},{"ltp":1.68,"id":26354924}]}]}
{"op":"mcm","clk":"11770870324","pt":1722743921815,"mc":[{"id":"1.231345620","rc":[{"ltp":2.42,"id":26354922},{"ltp":1.7,"id":26354924}]}]}
{"op":"mcm","clk":"11770883714","pt":1722744100523,"mc":[{"id":"1.231345620","rc":[{"ltp":1.69,"id":26354924}]}]}
{"op":"mcm","clk":"11770896714","pt":1722744280593,"mc":[{"id":"1.231345620","rc":[{"ltp":1.71,"id":26354924}]}]}
{"op":"mcm","clk":"11770909676","pt":1722744521559,"mc":[{"id":"1.231345620","rc":[{"ltp":1.69,"id":26354924}]}]}
{"op":"mcm","clk":"11770919744","pt":1722744761104,"mc":[{"id":"1.231345620","rc":[{"ltp":2.54,"id":26354922},{"ltp":1.65,"id":26354924}]}]}
{"op":"mcm","clk":"11770929591","pt":1722744820099,"mc":[{"id":"1.231345620","rc":[{"ltp":2.52,"id":26354922},{"ltp":1.66,"id":26354924}]}]}
{"op":"mcm","clk":"11771149418","pt":1722750270738,"mc":[{"id":"1.231345620","rc":[{"ltp":1.67,"id":26354924}]}]}
{"op":"mcm","clk":"11771161028","pt":1722750636958,"mc":[{"id":"1.231345620","rc":[{"ltp":2.5,"id":26354922}]}]}
{"op":"mcm","clk":"11771178570","pt":1722751056611,"mc":[{"id":"1.231345620","rc":[{"ltp":1.66,"id":26354924}]}]}
{"op":"mcm","clk":"11771412731","pt":1722756112762,"mc":[{"id":"1.231345620","rc":[{"ltp":1.65,"id":26354924}]}]}
{"op":"mcm","clk":"11771443605","pt":1722756821809,"mc":[{"id":"1.231345620","rc":[{"ltp":2.52,"id":26354922}]}]}
{"op":"mcm","clk":"11771460059","pt":1722757169833,"mc":[{"id":"1.231345620","rc":[{"ltp":1.64,"id":26354924}]}]}
{"op":"mcm","clk":"11771476079","pt":1722757510974,"mc":[{"id":"1.231345620","rc":[{"ltp":1.65,"id":26354924}]}]}
{"op":"mcm","clk":"11771588492","pt":1722759557650,"mc":[{"id":"1.231345620","rc":[{"ltp":1.64,"id":26354924}]}]}
{"op":"mcm","clk":"11771647026","pt":1722760392641,"mc":[{"id":"1.231345620","rc":[{"ltp":2.54,"id":26354922}]}]}
{"op":"mcm","clk":"11771665423","pt":1722760648217,"mc":[{"id":"1.231345620","rc":[{"ltp":1.65,"id":26354924}]}]}
{"op":"mcm","clk":"11771753627","pt":1722761615064,"mc":[{"id":"1.231345620","rc":[{"ltp":2.52,"id":26354922}]}]}
{"op":"mcm","clk":"11771801086","pt":1722762220371,"mc":[{"id":"1.231345620","rc":[{"ltp":2.44,"id":26354922},{"ltp":1.7,"id":26354924}]}]}
{"op":"mcm","clk":"11771820976","pt":1722762446783,"mc":[{"id":"1.231345620","rc":[{"ltp":1.67,"id":26354924}]}]}
{"op":"mcm","clk":"11771840463","pt":1722762687669,"mc":[{"id":"1.231345620","rc":[{"ltp":2.48,"id":26354922}]}]}
{"op":"mcm","clk":"11771886354","pt":1722763278619,"mc":[{"id":"1.231345620","rc":[{"ltp":1.66,"id":26354924}]}]}
{"op":"mcm","clk":"11771911075","pt":1722763580449,"mc":[{"id":"1.231345620","rc":[{"ltp":2.5,"id":26354922}]}]}
{"op":"mcm","clk":"11772037920","pt":1722765050132,"mc":[{"id":"1.231345620","rc":[{"ltp":2.48,"id":26354922}]}]}
{"op":"mcm","clk":"11772069038","pt":1722765393397,"mc":[{"id":"1.231345620","rc":[{"ltp":1.67,"id":26354924}]}]}
{"op":"mcm","clk":"11772074054","pt":1722765441841,"mc":[{"id":"1.231345620","rc":[{"ltp":1.68,"id":26354924}]}]}
{"op":"mcm","clk":"11772124628","pt":1722765930627,"mc":[{"id":"1.231345620","rc":[{"ltp":2.4,"id":26354922},{"ltp":1.69,"id":26354924}]}]}
{"op":"mcm","clk":"11772142812","pt":1722766119922,"mc":[{"id":"1.231345620","rc":[{"ltp":2.48,"id":26354922},{"ltp":1.66,"id":26354924}]}]}
{"op":"mcm","clk":"11772161868","pt":1722766350555,"mc":[{"id":"1.231345620","rc":[{"ltp":2.42,"id":26354922},{"ltp":1.7,"id":26354924}]}]}
{"op":"mcm","clk":"11772175812","pt":1722766414720,"mc":[{"id":"1.231345620","rc":[{"ltp":2.4,"id":26354922}]}]}
{"op":"mcm","clk":"11772266894","pt":1722767362791,"mc":[{"id":"1.231345620","rc":[{"ltp":2.46,"id":26354922},{"ltp":1.67,"id":26354924}]}]}
{"op":"mcm","clk":"11772282115","pt":1722767560167,"mc":[{"id":"1.231345620","rc":[{"ltp":2.48,"id":26354922}]}]}
{"op":"mcm","clk":"11772538708","pt":1722770245302,"mc":[{"id":"1.231345620","rc":[{"ltp":1.66,"id":26354924}]}]}
{"op":"mcm","clk":"11772552333","pt":1722770381054,"mc":[{"id":"1.231345620","rc":[{"ltp":1.67,"id":26354924}]}]}
{"op":"mcm","clk":"11772565493","pt":1722770501776,"mc":[{"id":"1.231345620","rc":[{"ltp":2.5,"id":26354922},{"ltp":1.65,"id":26354924}]}]}
{"op":"mcm","clk":"11772610039","pt":1722770902565,"mc":[{"id":"1.231345620","rc":[{"ltp":1.66,"id":26354924}]}]}
{"op":"mcm","clk":"11772623210","pt":1722771025014,"mc":[{"id":"1.231345620","rc":[{"ltp":1.65,"id":26354924}]}]}
{"op":"mcm","clk":"11772637751","pt":1722771151246,"mc":[{"id":"1.231345620","rc":[{"ltp":1.66,"id":26354924}]}]}
{"op":"mcm","clk":"11772644850","pt":1722771211621,"mc":[{"id":"1.231345620","rc":[{"ltp":2.46,"id":26354922}]}]}
{"op":"mcm","clk":"11772734611","pt":1722771906382,"mc":[{"id":"1.231345620","rc":[{"ltp":1.65,"id":26354924}]}]}
{"op":"mcm","clk":"11772888657","pt":1722773220328,"mc":[{"id":"1.231345620","rc":[{"ltp":2.48,"id":26354922},{"ltp":1.66,"id":26354924}]}]}
{"op":"mcm","clk":"11772900516","pt":1722773308443,"mc":[{"id":"1.231345620","rc":[{"ltp":1.67,"id":26354924}]}]}
{"op":"mcm","clk":"11773036891","pt":1722774280217,"mc":[{"id":"1.231345620","rc":[{"ltp":2.46,"id":26354922}]}]}
{"op":"mcm","clk":"11773149441","pt":1722775088506,"mc":[{"id":"1.231345620","rc":[{"ltp":2.5,"id":26354922}]}]}
{"op":"mcm","clk":"11773198270","pt":1722775420764,"mc":[{"id":"1.231345620","rc":[{"ltp":1.68,"id":26354924}]}]}
{"op":"mcm","clk":"11773227464","pt":1722775642037,"mc":[{"id":"1.231345620","rc":[{"ltp":2.46,"id":26354922}]}]}
{"op":"mcm","clk":"11773241828","pt":1722775749758,"mc":[{"id":"1.231345620","rc":[{"ltp":1.67,"id":26354924}]}]}
{"op":"mcm","clk":"11773253696","pt":1722775834926,"mc":[{"id":"1.231345620","rc":[{"ltp":2.48,"id":26354922}]}]}
{"op":"mcm","clk":"11773285570","pt":1722776069520,"mc":[{"id":"1.231345620","rc":[{"ltp":2.46,"id":26354922},{"ltp":1.68,"id":26354924}]}]}
{"op":"mcm","clk":"11773322787","pt":1722776354018,"mc":[{"id":"1.231345620","rc":[{"ltp":1.67,"id":26354924}]}]}
{"op":"mcm","clk":"11773340284","pt":1722776493849,"mc":[{"id":"1.231345620","rc":[{"ltp":2.5,"id":26354922},{"ltp":1.66,"id":26354924}]}]}
{"op":"mcm","clk":"11773348091","pt":1722776552344,"mc":[{"id":"1.231345620","rc":[{"ltp":2.48,"id":26354922},{"ltp":1.67,"id":26354924}]}]}
{"op":"mcm","clk":"11773392757","pt":1722776839963,"mc":[{"id":"1.231345620","rc":[{"ltp":2.5,"id":26354922},{"ltp":1.66,"id":26354924}]}]}
{"op":"mcm","clk":"11773414990","pt":1722776980999,"mc":[{"id":"1.231345620","rc":[{"ltp":2.4,"id":26354922},{"ltp":1.72,"id":26354924}]}]}
{"op":"mcm","clk":"11773424565","pt":1722777041423,"mc":[{"id":"1.231345620","rc":[{"ltp":2.42,"id":26354922},{"ltp":1.71,"id":26354924}]}]}
{"op":"mcm","clk":"11773477186","pt":1722777321512,"mc":[{"id":"1.231345620","rc":[{"ltp":2.52,"id":26354922},{"ltp":1.62,"id":26354924}]}]}
{"op":"mcm","clk":"11773488909","pt":1722777400270,"mc":[{"id":"1.231345620","rc":[{"ltp":2.5,"id":26354922},{"ltp":1.67,"id":26354924}]}]}
{"op":"mcm","clk":"11773497272","pt":1722777460157,"mc":[{"id":"1.231345620","rc":[{"ltp":2.54,"id":26354922},{"ltp":1.65,"id":26354924}]}]}
{"op":"mcm","clk":"11773505278","pt":1722777519885,"mc":[{"id":"1.231345620","rc":[{"ltp":2.62,"id":26354922},{"ltp":1.6,"id":26354924}]}]}
{"op":"mcm","clk":"11773521656","pt":1722777640911,"mc":[{"id":"1.231345620","rc":[{"ltp":2.58,"id":26354922},{"ltp":1.65,"id":26354924}]}]}
{"op":"mcm","clk":"11773525544","pt":1722777671572,"mc":[{"id":"1.231345620","rc":[{"ltp":1.64,"id":26354924}]}]}
{"op":"mcm","clk":"11773544688","pt":1722777811212,"mc":[{"id":"1.231345620","rc":[{"ltp":1.65,"id":26354924}]}]}
{"op":"mcm","clk":"11773561801","pt":1722777938638,"mc":[{"id":"1.231345620","rc":[{"ltp":2.56,"id":26354922},{"ltp":1.64,"id":26354924}]}]}
{"op":"mcm","clk":"11773599407","pt":1722778230208,"mc":[{"id":"1.231345620","rc":[{"ltp":2.54,"id":26354922}]}]}
{"op":"mcm","clk":"11773609566","pt":1722778299838,"mc":[{"id":"1.231345620","rc":[{"ltp":1.62,"id":26354924}]}]}
{"op":"mcm","clk":"11773715447","pt":1722779091764,"mc":[{"id":"1.231345620","rc":[{"ltp":1.64,"id":26354924}]}]}
{"op":"mcm","clk":"11773758877","pt":1722779425934,"mc":[{"id":"1.231345620","rc":[{"ltp":2.56,"id":26354922}]}]}
{"op":"mcm","clk":"11773765649","pt":1722779479206,"mc":[{"id":"1.231345620","rc":[{"ltp":2.58,"id":26354922}]}]}
{"op":"mcm","clk":"11774055646","pt":1722781623161,"mc":[{"id":"1.231345620","rc":[{"ltp":1.65,"id":26354924}]}]}
{"op":"mcm","clk":"11774073943","pt":1722781756095,"mc":[{"id":"1.231345620","rc":[{"ltp":1.64,"id":26354924}]}]}
{"op":"mcm","clk":"11774136141","pt":1722782172731,"mc":[{"id":"1.231345620","rc":[{"ltp":2.54,"id":26354922}]}]}
{"op":"mcm","clk":"11774155977","pt":1722782309671,"mc":[{"id":"1.231345620","rc":[{"ltp":2.52,"id":26354922},{"ltp":1.65,"id":26354924}]}]}
{"op":"mcm","clk":"11774219716","pt":1722782679033,"mc":[{"id":"1.231345620","rc":[{"ltp":2.54,"id":26354922}]}]}
{"op":"mcm","clk":"11774244241","pt":1722782852786,"mc":[{"id":"1.231345620","rc":[{"ltp":1.64,"id":26354924}]}]}
{"op":"mcm","clk":"11774253242","pt":1722782917185,"mc":[{"id":"1.231345620","rc":[{"ltp":2.6,"id":26354922},{"ltp":1.62,"id":26354924}]}]}
{"op":"mcm","clk":"11774261517","pt":1722782979372,"mc":[{"id":"1.231345620","rc":[{"ltp":1.63,"id":26354924}]}]}
{"op":"mcm","clk":"11774274513","pt":1722783093295,"mc":[{"id":"1.231345620","rc":[{"ltp":2.62,"id":26354922}]}]}
{"op":"mcm","clk":"11774351436","pt":1722783701111,"mc":[{"id":"1.231345620","rc":[{"ltp":1.62,"id":26354924}]}]}
{"op":"mcm","clk":"11774360055","pt":1722783760019,"mc":[{"id":"1.231345620","rc":[{"ltp":2.56,"id":26354922},{"ltp":1.64,"id":26354924}]}]}
{"op":"mcm","clk":"11774396572","pt":1722783995563,"mc":[{"id":"1.231345620","rc":[{"ltp":1.65,"id":26354924}]}]}
{"op":"mcm","clk":"11774406714","pt":1722784059986,"mc":[{"id":"1.231345620","rc":[{"ltp":1.63,"id":26354924}]}]}
{"op":"mcm","clk":"11774415623","pt":1722784118531,"mc":[{"id":"1.231345620","rc":[{"ltp":1.64,"id":26354924}]}]}
{"op":"mcm","clk":"11774435177","pt":1722784241592,"mc":[{"id":"1.231345620","rc":[{"ltp":1.63,"id":26354924}]}]}
{"op":"mcm","clk":"11774443797","pt":1722784293423,"mc":[{"id":"1.231345620","rc":[{"ltp":2.6,"id":26354922},{"ltp":1.62,"id":26354924}]}]}
{"op":"mcm","clk":"11774485294","pt":1722784541166,"mc":[{"id":"1.231345620","rc":[{"ltp":2.58,"id":26354922}]}]}
{"op":"mcm","clk":"11774500896","pt":1722784639659,"mc":[{"id":"1.231345620","rc":[{"ltp":2.54,"id":26354922},{"ltp":1.65,"id":26354924}]}]}
{"op":"mcm","clk":"11774531879","pt":1722784834814,"mc":[{"id":"1.231345620","rc":[{"ltp":2.5,"id":26354922},{"ltp":1.67,"id":26354924}]}]}
{"op":"mcm","clk":"11774612725","pt":1722785375951,"mc":[{"id":"1.231345620","rc":[{"ltp":2.48,"id":26354922}]}]}
{"op":"mcm","clk":"11774620706","pt":1722785431199,"mc":[{"id":"1.231345620","rc":[{"ltp":2.5,"id":26354922}]}]}
{"op":"mcm","clk":"11774629843","pt":1722785492770,"mc":[{"id":"1.231345620","rc":[{"ltp":2.48,"id":26354922}]}]}
{"op":"mcm","clk":"11774635927","pt":1722785530608,"mc":[{"id":"1.231345620","rc":[{"ltp":2.5,"id":26354922},{"ltp":1.66,"id":26354924}]}]}
{"op":"mcm","clk":"11774675954","pt":1722785769665,"mc":[{"id":"1.231345620","rc":[{"ltp":1.65,"id":26354924}]}]}
{"op":"mcm","clk":"11774708872","pt":1722785979007,"mc":[{"id":"1.231345620","rc":[{"ltp":1.66,"id":26354924}]}]}
{"op":"mcm","clk":"11774725200","pt":1722786081418,"mc":[{"id":"1.231345620","rc":[{"ltp":1.65,"id":26354924}]}]}
{"op":"mcm","clk":"11774784975","pt":1722786460010,"mc":[{"id":"1.231345620","rc":[{"ltp":1.66,"id":26354924}]}]}
{"op":"mcm","clk":"11774793641","pt":1722786521754,"mc":[{"id":"1.231345620","rc":[{"ltp":2.52,"id":26354922},{"ltp":1.64,"id":26354924}]}]}
{"op":"mcm","clk":"11774830977","pt":1722786808804,"mc":[{"id":"1.231345620","rc":[{"ltp":1.65,"id":26354924}]}]}
{"op":"mcm","clk":"11774862760","pt":1722787061399,"mc":[{"id":"1.231345620","rc":[{"ltp":1.64,"id":26354924}]}]}
{"op":"mcm","clk":"11774931399","pt":1722787566072,"mc":[{"id":"1.231345620","rc":[{"ltp":1.65,"id":26354924}]}]}
{"op":"mcm","clk":"11774966714","pt":1722787807505,"mc":[{"id":"1.231345620","rc":[{"ltp":2.5,"id":26354922}]}]}
{"op":"mcm","clk":"11774975144","pt":1722787867808,"mc":[{"id":"1.231345620","rc":[{"ltp":2.54,"id":26354922},{"ltp":1.64,"id":26354924}]}]}
{"op":"mcm","clk":"11774983543","pt":1722787929248,"mc":[{"id":"1.231345620","rc":[{"ltp":1.66,"id":26354924}]}]}
{"op":"mcm","clk":"11775004921","pt":1722788021271,"mc":[{"id":"1.231345620","rc":[{"ltp":2.46,"id":26354922}]}]}
{"op":"mcm","clk":"11775011396","pt":1722788070419,"mc":[{"id":"1.231345620","rc":[{"ltp":2.48,"id":26354922},{"ltp":1.67,"id":26354924}]}]}
{"op":"mcm","clk":"11775020818","pt":1722788140221,"mc":[{"id":"1.231345620","rc":[{"ltp":2.5,"id":26354922},{"ltp":1.66,"id":26354924}]}]}
{"op":"mcm","clk":"11775027144","pt":1722788189782,"mc":[{"id":"1.231345620","rc":[{"ltp":2.48,"id":26354922}]}]}
{"op":"mcm","clk":"11775035293","pt":1722788258077,"mc":[{"id":"1.231345620","rc":[{"ltp":1.67,"id":26354924}]}]}
{"op":"mcm","clk":"11775042463","pt":1722788314522,"mc":[{"id":"1.231345620","rc":[{"ltp":2.54,"id":26354922},{"ltp":1.62,"id":26354924}]}]}
{"op":"mcm","clk":"11775048406","pt":1722788363338,"mc":[{"id":"1.231345620","rc":[{"ltp":2.56,"id":26354922},{"ltp":1.63,"id":26354924}]}]}
{"op":"mcm","clk":"11775058102","pt":1722788440357,"mc":[{"id":"1.231345620","rc":[{"ltp":2.58,"id":26354922}]}]}
{"op":"mcm","clk":"11775066382","pt":1722788500005,"mc":[{"id":"1.231345620","rc":[{"ltp":2.7,"id":26354922},{"ltp":1.58,"id":26354924}]}]}
{"op":"mcm","clk":"11775074648","pt":1722788561672,"mc":[{"id":"1.231345620","rc":[{"ltp":2.64,"id":26354922},{"ltp":1.59,"id":26354924}]}]}
{"op":"mcm","clk":"11775081288","pt":1722788617025,"mc":[{"id":"1.231345620","rc":[{"ltp":1.6,"id":26354924}]}]}
{"op":"mcm","clk":"11775089410","pt":1722788681452,"mc":[{"id":"1.231345620","rc":[{"ltp":2.58,"id":26354922},{"ltp":1.63,"id":26354924}]}]}
{"op":"mcm","clk":"11775095856","pt":1722788730411,"mc":[{"id":"1.231345620","rc":[{"ltp":2.62,"id":26354922},{"ltp":1.61,"id":26354924}]}]}
{"op":"mcm","clk":"11775103942","pt":1722788796666,"mc":[{"id":"1.231345620","rc":[{"ltp":2.58,"id":26354922},{"ltp":1.62,"id":26354924}]}]}
{"op":"mcm","clk":"11775111435","pt":1722788861342,"mc":[{"id":"1.231345620","rc":[{"ltp":2.64,"id":26354922},{"ltp":1.61,"id":26354924}]}]}
{"op":"mcm","clk":"11775118505","pt":1722788921791,"mc":[{"id":"1.231345620","rc":[{"ltp":2.62,"id":26354922}]}]}
{"op":"mcm","clk":"11775133681","pt":1722789040876,"mc":[{"id":"1.231345620","rc":[{"ltp":2.6,"id":26354922},{"ltp":1.62,"id":26354924}]}]}
{"op":"mcm","clk":"11775139906","pt":1722789089256,"mc":[{"id":"1.231345620","rc":[{"ltp":2.58,"id":26354922},{"ltp":1.63,"id":26354924}]}]}
{"op":"mcm","clk":"11775149930","pt":1722789161464,"mc":[{"id":"1.231345620","rc":[{"ltp":2.5,"id":26354922},{"ltp":1.7,"id":26354924}]}]}
{"op":"mcm","clk":"11775158493","pt":1722789221717,"mc":[{"id":"1.231345620","rc":[{"ltp":2.46,"id":26354922},{"ltp":1.69,"id":26354924}]}]}
{"op":"mcm","clk":"11775166855","pt":1722789280188,"mc":[{"id":"1.231345620","rc":[{"ltp":2.36,"id":26354922},{"ltp":1.73,"id":26354924}]}]}
{"op":"mcm","clk":"11775184535","pt":1722789401554,"mc":[{"id":"1.231345620","rc":[{"ltp":2.38,"id":26354922},{"ltp":1.7,"id":26354924}]}]}
{"op":"mcm","clk":"11775193962","pt":1722789461797,"mc":[{"id":"1.231345620","rc":[{"ltp":2.34,"id":26354922},{"ltp":1.74,"id":26354924}]}]}
{"op":"mcm","clk":"11775202839","pt":1722789520875,"mc":[{"id":"1.231345620","rc":[{"ltp":2.32,"id":26354922},{"ltp":1.75,"id":26354924}]}]}
{"op":"mcm","clk":"11775211645","pt":1722789581763,"mc":[{"id":"1.231345620","rc":[{"ltp":2.28,"id":26354922},{"ltp":1.77,"id":26354924}]}]}
{"op":"mcm","clk":"11775220063","pt":1722789640971,"mc":[{"id":"1.231345620","rc":[{"ltp":2.24,"id":26354922},{"ltp":1.79,"id":26354924}]}]}
{"op":"mcm","clk":"11775229365","pt":1722789701748,"mc":[{"id":"1.231345620","rc":[{"ltp":2.26,"id":26354922},{"ltp":1.8,"id":26354924}]}]}
{"op":"mcm","clk":"11775238395","pt":1722789760055,"mc":[{"id":"1.231345620","rc":[{"ltp":2.24,"id":26354922},{"ltp":1.79,"id":26354924}]}]}
{"op":"mcm","clk":"11775247774","pt":1722789821597,"mc":[{"id":"1.231345620","rc":[{"ltp":2.3,"id":26354922},{"ltp":1.78,"id":26354924}]}]}
{"op":"mcm","clk":"11775257011","pt":1722789880246,"mc":[{"id":"1.231345620","rc":[{"ltp":2.26,"id":26354922},{"ltp":1.79,"id":26354924}]}]}
{"op":"mcm","clk":"11775274477","pt":1722790000690,"mc":[{"id":"1.231345620","rc":[{"ltp":2.24,"id":26354922},{"ltp":1.8,"id":26354924}]}]}
{"op":"mcm","clk":"11775282533","pt":1722790061786,"mc":[{"id":"1.231345620","rc":[{"ltp":2.22,"id":26354922},{"ltp":1.81,"id":26354924}]}]}
{"op":"mcm","clk":"11775306440","pt":1722790240492,"mc":[{"id":"1.231345620","rc":[{"ltp":2.24,"id":26354922}]}]}
{"op":"mcm","clk":"11775315114","pt":1722790301748,"mc":[{"id":"1.231345620","rc":[{"ltp":2.2,"id":26354922},{"ltp":1.82,"id":26354924}]}]}
{"op":"mcm","clk":"11775323843","pt":1722790361420,"mc":[{"id":"1.231345620","rc":[{"ltp":2.22,"id":26354922}]}]}
{"op":"mcm","clk":"11775331899","pt":1722790421577,"mc":[{"id":"1.231345620","rc":[{"ltp":2.2,"id":26354922}]}]}
{"op":"mcm","clk":"11775339876","pt":1722790481714,"mc":[{"id":"1.231345620","rc":[{"ltp":2.18,"id":26354922},{"ltp":1.84,"id":26354924}]}]}
{"op":"mcm","clk":"11775347891","pt":1722790541480,"mc":[{"id":"1.231345620","rc":[{"ltp":2.16,"id":26354922}]}]}
{"op":"mcm","clk":"11775355315","pt":1722790601808,"mc":[{"id":"1.231345620","rc":[{"ltp":2.24,"id":26354922},{"ltp":1.81,"id":26354924}]}]}
{"op":"mcm","clk":"11775361497","pt":1722790661597,"mc":[{"id":"1.231345620","rc":[{"ltp":1.79,"id":26354924}]}]}
{"op":"mcm","clk":"11775367900","pt":1722790721667,"mc":[{"id":"1.231345620","rc":[{"ltp":1.8,"id":26354924}]}]}
{"op":"mcm","clk":"11775374694","pt":1722790781538,"mc":[{"id":"1.231345620","rc":[{"ltp":1.81,"id":26354924}]}]}
{"op":"mcm","clk":"11775382140","pt":1722790841778,"mc":[{"id":"1.231345620","marketDefinition":{"bspMarket":false,"turnInPlayEnabled":true,"persistenceEnabled":true,"marketBaseRate":5.0,"eventId":"33462723","eventTypeId":"4","numberOfWinners":1,"bettingType":"ODDS","marketType":"MATCH_ODDS","marketTime":"2024-08-04T17:00:00.000Z","suspendTime":"2024-08-04T17:00:00.000Z","bspReconciled":false,"complete":true,"inPlay":true,"crossMatching":true,"runnersVoidable":false,"numberOfActiveRunners":2,"betDelay":5,"status":"OPEN","runners":[{"status":"ACTIVE","sortPriority":1,"id":26354924,"name":"Northern Superchargers"},{"status":"ACTIVE","sortPriority":2,"id":26354922,"name":"Manchester Originals"}],"regulators":["MR_INT"],"countryCode":"GB","discountAllowed":true,"timezone":"GMT","openDate":"2024-08-04T17:00:00.000Z","version":6057173014,"name":"Match Odds","eventName":"Northern Superchargers v Manchester Originals"},"rc":[{"ltp":2.3,"id":26354922},{"ltp":1.74,"id":26354924}]}]}
{"op":"mcm","clk":"11775389478","pt":1722790901590,"mc":[{"id":"1.231345620","rc":[{"ltp":2.28,"id":26354922},{"ltp":1.81,"id":26354924}]}]}
{"op":"mcm","clk":"11775396777","pt":1722790960731,"mc":[{"id":"1.231345620","rc":[{"ltp":2.26,"id":26354922},{"ltp":1.79,"id":26354924}]}]}
{"op":"mcm","clk":"11775403885","pt":1722791021528,"mc":[{"id":"1.231345620","rc":[{"ltp":2.24,"id":26354922},{"ltp":1.8,"id":26354924}]}]}
{"op":"mcm","clk":"11775411433","pt":1722791081584,"mc":[{"id":"1.231345620","rc":[{"ltp":1.79,"id":26354924}]}]}
{"op":"mcm","clk":"11775418936","pt":1722791141669,"mc":[{"id":"1.231345620","rc":[{"ltp":2.28,"id":26354922},{"ltp":1.78,"id":26354924}]}]}
{"op":"mcm","clk":"11775449496","pt":1722791381059,"mc":[{"id":"1.231345620","rc":[{"ltp":1.79,"id":26354924}]}]}
{"op":"mcm","clk":"11775474405","pt":1722791560748,"mc":[{"id":"1.231345620","rc":[{"ltp":1.78,"id":26354924}]}]}
{"op":"mcm","clk":"11775483153","pt":1722791620925,"mc":[{"id":"1.231345620","rc":[{"ltp":2.26,"id":26354922},{"ltp":1.77,"id":26354924}]}]}
{"op":"mcm","clk":"11775492110","pt":1722791681575,"mc":[{"id":"1.231345620","rc":[{"ltp":2.3,"id":26354922},{"ltp":1.78,"id":26354924}]}]}
{"op":"mcm","clk":"11775501133","pt":1722791741819,"mc":[{"id":"1.231345620","rc":[{"ltp":1.87,"id":26354922},{"ltp":2.16,"id":26354924}]}]}
{"op":"mcm","clk":"11775510458","pt":1722791801809,"mc":[{"id":"1.231345620","rc":[{"ltp":1.94,"id":26354922},{"ltp":2.06,"id":26354924}]}]}
{"op":"mcm","clk":"11775519675","pt":1722791861841,"mc":[{"id":"1.231345620","rc":[{"ltp":1.86,"id":26354922},{"ltp":2.16,"id":26354924}]}]}
{"op":"mcm","clk":"11775528409","pt":1722791921781,"mc":[{"id":"1.231345620","rc":[{"ltp":1.89,"id":26354922},{"ltp":2.12,"id":26354924}]}]}
{"op":"mcm","clk":"11775537266","pt":1722791981853,"mc":[{"id":"1.231345620","rc":[{"ltp":1.8,"id":26354922},{"ltp":2.22,"id":26354924}]}]}
{"op":"mcm","clk":"11775546273","pt":1722792041804,"mc":[{"id":"1.231345620","rc":[{"ltp":2.26,"id":26354924}]}]}
{"op":"mcm","clk":"11775554517","pt":1722792101757,"mc":[{"id":"1.231345620","rc":[{"ltp":1.85,"id":26354922},{"ltp":2.16,"id":26354924}]}]}
{"op":"mcm","clk":"11775562976","pt":1722792161859,"mc":[{"id":"1.231345620","rc":[{"ltp":1.78,"id":26354922},{"ltp":2.26,"id":26354924}]}]}
{"op":"mcm","clk":"11775571325","pt":1722792221836,"mc":[{"id":"1.231345620","rc":[{"ltp":1.76,"id":26354922},{"ltp":2.3,"id":26354924}]}]}
{"op":"mcm","clk":"11775579346","pt":1722792281865,"mc":[{"id":"1.231345620","rc":[{"ltp":1.88,"id":26354922},{"ltp":2.12,"id":26354924}]}]}
{"op":"mcm","clk":"11775587834","pt":1722792341807,"mc":[{"id":"1.231345620","rc":[{"ltp":1.87,"id":26354922}]}]}
{"op":"mcm","clk":"11775595962","pt":1722792401871,"mc":[{"id":"1.231345620","rc":[{"ltp":2.18,"id":26354924}]}]}
{"op":"mcm","clk":"11775603505","pt":1722792461830,"mc":[{"id":"1.231345620","rc":[{"ltp":2.04,"id":26354922},{"ltp":1.96,"id":26354924}]}]}
{"op":"mcm","clk":"11775611818","pt":1722792521830,"mc":[{"id":"1.231345620","rc":[{"ltp":2.06,"id":26354922}]}]}
{"op":"mcm","clk":"11775620403","pt":1722792581777,"mc":[{"id":"1.231345620","rc":[{"ltp":1.94,"id":26354922},{"ltp":2.06,"id":26354924}]}]}
{"op":"mcm","clk":"11775638253","pt":1722792701772,"mc":[{"id":"1.231345620","rc":[{"ltp":1.96,"id":26354922},{"ltp":2.0,"id":26354924}]}]}
{"op":"mcm","clk":"11775647794","pt":1722792761654,"mc":[{"id":"1.231345620","rc":[{"ltp":1.99,"id":26354922}]}]}
{"op":"mcm","clk":"11775656974","pt":1722792821834,"mc":[{"id":"1.231345620","rc":[{"ltp":2.08,"id":26354922},{"ltp":1.9,"id":26354924}]}]}
{"op":"mcm","clk":"11775665931","pt":1722792881771,"mc":[{"id":"1.231345620","rc":[{"ltp":1.7,"id":26354922},{"ltp":2.42,"id":26354924}]}]}
{"op":"mcm","clk":"11775675323","pt":1722792941865,"mc":[{"id":"1.231345620","rc":[{"ltp":1.59,"id":26354922},{"ltp":2.68,"id":26354924}]}]}
{"op":"mcm","clk":"11775684721","pt":1722793001835,"mc":[{"id":"1.231345620","rc":[{"ltp":1.62,"id":26354922},{"ltp":2.62,"id":26354924}]}]}
{"op":"mcm","clk":"11775694006","pt":1722793061783,"mc":[{"id":"1.231345620","rc":[{"ltp":1.6,"id":26354922}]}]}
{"op":"mcm","clk":"11775702582","pt":1722793121818,"mc":[{"id":"1.231345620","rc":[{"ltp":1.66,"id":26354922},{"ltp":2.6,"id":26354924}]}]}
{"op":"mcm","clk":"11775711401","pt":1722793181785,"mc":[{"id":"1.231345620","rc":[{"ltp":1.63,"id":26354922}]}]}
{"op":"mcm","clk":"11775720544","pt":1722793241869,"mc":[{"id":"1.231345620","rc":[{"ltp":1.61,"id":26354922},{"ltp":2.64,"id":26354924}]}]}
{"op":"mcm","clk":"11775729864","pt":1722793301834,"mc":[{"id":"1.231345620","rc":[{"ltp":1.67,"id":26354922},{"ltp":2.46,"id":26354924}]}]}
{"op":"mcm","clk":"11775739297","pt":1722793361787,"mc":[{"id":"1.231345620","rc":[{"ltp":1.77,"id":26354922},{"ltp":2.28,"id":26354924}]}]}
{"op":"mcm","clk":"11775756227","pt":1722793421826,"mc":[{"id":"1.231345620","rc":[{"ltp":1.78,"id":26354922}]}]}
{"op":"mcm","clk":"11775764826","pt":1722793481805,"mc":[{"id":"1.231345620","rc":[{"ltp":1.92,"id":26354922},{"ltp":2.1,"id":26354924}]}]}
{"op":"mcm","clk":"11775773852","pt":1722793541827,"mc":[{"id":"1.231345620","rc":[{"ltp":2.16,"id":26354922},{"ltp":1.87,"id":26354924}]}]}
{"op":"mcm","clk":"11775782682","pt":1722793601794,"mc":[{"id":"1.231345620","rc":[{"ltp":2.36,"id":26354922},{"ltp":1.73,"id":26354924}]}]}
{"op":"mcm","clk":"11775791516","pt":1722793661853,"mc":[{"id":"1.231345620","rc":[{"ltp":2.18,"id":26354922},{"ltp":1.84,"id":26354924}]}]}
{"op":"mcm","clk":"11775800118","pt":1722793721732,"mc":[{"id":"1.231345620","rc":[{"ltp":2.28,"id":26354922},{"ltp":1.76,"id":26354924}]}]}
{"op":"mcm","clk":"11775808869","pt":1722793781816,"mc":[{"id":"1.231345620","rc":[{"ltp":2.34,"id":26354922},{"ltp":1.75,"id":26354924}]}]}
{"op":"mcm","clk":"11775817290","pt":1722793841838,"mc":[{"id":"1.231345620","rc":[{"ltp":2.48,"id":26354922},{"ltp":1.67,"id":26354924}]}]}
{"op":"mcm","clk":"11775825836","pt":1722793901800,"mc":[{"id":"1.231345620","rc":[{"ltp":2.58,"id":26354922},{"ltp":1.62,"id":26354924}]}]}
{"op":"mcm","clk":"11775833847","pt":1722793961858,"mc":[{"id":"1.231345620","rc":[{"ltp":2.56,"id":26354922},{"ltp":1.64,"id":26354924}]}]}
{"op":"mcm","clk":"11775841998","pt":1722794021802,"mc":[{"id":"1.231345620","rc":[{"ltp":2.16,"id":26354922},{"ltp":1.84,"id":26354924}]}]}
{"op":"mcm","clk":"11775849676","pt":1722794081796,"mc":[{"id":"1.231345620","rc":[{"ltp":2.3,"id":26354922},{"ltp":1.75,"id":26354924}]}]}
{"op":"mcm","clk":"11775857896","pt":1722794141766,"mc":[{"id":"1.231345620","rc":[{"ltp":2.48,"id":26354922},{"ltp":1.67,"id":26354924}]}]}
{"op":"mcm","clk":"11775866115","pt":1722794201848,"mc":[{"id":"1.231345620","rc":[{"ltp":2.38,"id":26354922},{"ltp":1.72,"id":26354924}]}]}
{"op":"mcm","clk":"11775874239","pt":1722794261788,"mc":[{"id":"1.231345620","rc":[{"ltp":2.78,"id":26354922},{"ltp":1.56,"id":26354924}]}]}
{"op":"mcm","clk":"11775882094","pt":1722794321773,"mc":[{"id":"1.231345620","rc":[{"ltp":2.84,"id":26354922},{"ltp":1.54,"id":26354924}]}]}
{"op":"mcm","clk":"11775890067","pt":1722794381818,"mc":[{"id":"1.231345620","rc":[{"ltp":2.96,"id":26354922},{"ltp":1.5,"id":26354924}]}]}
{"op":"mcm","clk":"11775898285","pt":1722794441783,"mc":[{"id":"1.231345620","rc":[{"ltp":3.35,"id":26354922},{"ltp":1.42,"id":26354924}]}]}
{"op":"mcm","clk":"11775906789","pt":1722794501772,"mc":[{"id":"1.231345620","rc":[{"ltp":3.3,"id":26354922},{"ltp":1.43,"id":26354924}]}]}
{"op":"mcm","clk":"11775935152","pt":1722794681784,"mc":[{"id":"1.231345620","rc":[{"ltp":3.15,"id":26354922},{"ltp":1.46,"id":26354924}]}]}
{"op":"mcm","clk":"11775956305","pt":1722794801823,"mc":[{"id":"1.231345620","rc":[{"ltp":3.2,"id":26354922},{"ltp":1.45,"id":26354924}]}]}
{"op":"mcm","clk":"11775967154","pt":1722794861871,"mc":[{"id":"1.231345620","rc":[{"ltp":3.4,"id":26354922},{"ltp":1.41,"id":26354924}]}]}
{"op":"mcm","clk":"11775978698","pt":1722794921834,"mc":[{"id":"1.231345620","rc":[{"ltp":3.7,"id":26354922},{"ltp":1.35,"id":26354924}]}]}
{"op":"mcm","clk":"11775990402","pt":1722794981799,"mc":[{"id":"1.231345620","rc":[{"ltp":3.5,"id":26354922},{"ltp":1.41,"id":26354924}]}]}
{"op":"mcm","clk":"11776002091","pt":1722795041821,"mc":[{"id":"1.231345620","rc":[{"ltp":4.1,"id":26354922},{"ltp":1.32,"id":26354924}]}]}
{"op":"mcm","clk":"11776013634","pt":1722795101773,"mc":[{"id":"1.231345620","rc":[{"ltp":4.0,"id":26354922},{"ltp":1.34,"id":26354924}]}]}
{"op":"mcm","clk":"11776025868","pt":1722795161849,"mc":[{"id":"1.231345620","rc":[{"ltp":3.9,"id":26354922},{"ltp":1.32,"id":26354924}]}]}
{"op":"mcm","clk":"11776037682","pt":1722795221820,"mc":[{"id":"1.231345620","rc":[{"ltp":3.85,"id":26354922},{"ltp":1.35,"id":26354924}]}]}
{"op":"mcm","clk":"11776049907","pt":1722795281767,"mc":[{"id":"1.231345620","rc":[{"ltp":4.2,"id":26354922},{"ltp":1.31,"id":26354924}]}]}
{"op":"mcm","clk":"11776062076","pt":1722795341791,"mc":[{"id":"1.231345620","rc":[{"ltp":4.4,"id":26354922},{"ltp":1.29,"id":26354924}]}]}
{"op":"mcm","clk":"11776074103","pt":1722795401834,"mc":[{"id":"1.231345620","rc":[{"ltp":4.5,"id":26354922},{"ltp":1.28,"id":26354924}]}]}
{"op":"mcm","clk":"11776085422","pt":1722795461821,"mc":[{"id":"1.231345620","rc":[{"ltp":4.2,"id":26354922},{"ltp":1.31,"id":26354924}]}]}
{"op":"mcm","clk":"11776096928","pt":1722795521779,"mc":[{"id":"1.231345620","rc":[{"ltp":4.0,"id":26354922},{"ltp":1.33,"id":26354924}]}]}
{"op":"mcm","clk":"11776109099","pt":1722795581836,"mc":[{"id":"1.231345620","rc":[{"ltp":3.9,"id":26354922},{"ltp":1.34,"id":26354924}]}]}
{"op":"mcm","clk":"11776120583","pt":1722795641779,"mc":[{"id":"1.231345620","rc":[{"ltp":3.6,"id":26354922},{"ltp":1.41,"id":26354924}]}]}
{"op":"mcm","clk":"11776132062","pt":1722795701729,"mc":[{"id":"1.231345620","rc":[{"ltp":3.4,"id":26354922}]}]}
{"op":"mcm","clk":"11776144420","pt":1722795761821,"mc":[{"id":"1.231345620","rc":[{"ltp":3.25,"id":26354922},{"ltp":1.45,"id":26354924}]}]}
{"op":"mcm","clk":"11776156718","pt":1722795821772,"mc":[{"id":"1.231345620","rc":[{"ltp":3.2,"id":26354922},{"ltp":1.47,"id":26354924}]}]}
{"op":"mcm","clk":"11776169015","pt":1722795881741,"mc":[{"id":"1.231345620","rc":[{"ltp":2.96,"id":26354922},{"ltp":1.5,"id":26354924}]}]}
{"op":"mcm","clk":"11776181742","pt":1722795941699,"mc":[{"id":"1.231345620","rc":[{"ltp":3.05,"id":26354922},{"ltp":1.48,"id":26354924}]}]}
{"op":"mcm","clk":"11776194106","pt":1722796001781,"mc":[{"id":"1.231345620","rc":[{"ltp":3.55,"id":26354922},{"ltp":1.39,"id":26354924}]}]}
{"op":"mcm","clk":"11776217698","pt":1722796121806,"mc":[{"id":"1.231345620","rc":[{"ltp":3.6,"id":26354922},{"ltp":1.38,"id":26354924}]}]}
{"op":"mcm","clk":"11776229318","pt":1722796181863,"mc":[{"id":"1.231345620","rc":[{"ltp":3.55,"id":26354922},{"ltp":1.4,"id":26354924}]}]}
{"op":"mcm","clk":"11776241705","pt":1722796241800,"mc":[{"id":"1.231345620","rc":[{"ltp":3.6,"id":26354922},{"ltp":1.38,"id":26354924}]}]}
{"op":"mcm","clk":"11776253561","pt":1722796301790,"mc":[{"id":"1.231345620","rc":[{"ltp":1.39,"id":26354924}]}]}
{"op":"mcm","clk":"11776265564","pt":1722796361738,"mc":[{"id":"1.231345620","rc":[{"ltp":1.38,"id":26354924}]}]}
{"op":"mcm","clk":"11776278490","pt":1722796421634,"mc":[{"id":"1.231345620","rc":[{"ltp":1.39,"id":26354924}]}]}
{"op":"mcm","clk":"11776303056","pt":1722796541821,"mc":[{"id":"1.231345620","rc":[{"ltp":3.55,"id":26354922},{"ltp":1.4,"id":26354924}]}]}
{"op":"mcm","clk":"11776315327","pt":1722796601773,"mc":[{"id":"1.231345620","rc":[{"ltp":3.6,"id":26354922},{"ltp":1.39,"id":26354924}]}]}
{"op":"mcm","clk":"11776328151","pt":1722796661856,"mc":[{"id":"1.231345620","rc":[{"ltp":1.38,"id":26354924}]}]}
{"op":"mcm","clk":"11776365897","pt":1722796841839,"mc":[{"id":"1.231345620","rc":[{"ltp":3.65,"id":26354922}]}]}
{"op":"mcm","clk":"11776378544","pt":1722796901805,"mc":[{"id":"1.231345620","rc":[{"ltp":3.6,"id":26354922},{"ltp":1.39,"id":26354924}]}]}
{"op":"mcm","clk":"11776391319","pt":1722796961856,"mc":[{"id":"1.231345620","rc":[{"ltp":3.55,"id":26354922}]}]}
{"op":"mcm","clk":"11776403426","pt":1722797021851,"mc":[{"id":"1.231345620","rc":[{"ltp":3.6,"id":26354922},{"ltp":1.38,"id":26354924}]}]}
{"op":"mcm","clk":"11776415402","pt":1722797081825,"mc":[{"id":"1.231345620","rc":[{"ltp":3.1,"id":26354922},{"ltp":1.46,"id":26354924}]}]}
{"op":"mcm","clk":"11776427753","pt":1722797141774,"mc":[{"id":"1.231345620","rc":[{"ltp":2.76,"id":26354922},{"ltp":1.57,"id":26354924}]}]}
{"op":"mcm","clk":"11776439938","pt":1722797201720,"mc":[{"id":"1.231345620","rc":[{"ltp":3.05,"id":26354922},{"ltp":1.48,"id":26354924}]}]}
{"op":"mcm","clk":"11776452528","pt":1722797261792,"mc":[{"id":"1.231345620","rc":[{"ltp":3.1,"id":26354922},{"ltp":1.47,"id":26354924}]}]}
{"op":"mcm","clk":"11776464733","pt":1722797321861,"mc":[{"id":"1.231345620","rc":[{"ltp":2.84,"id":26354922},{"ltp":1.54,"id":26354924}]}]}
{"op":"mcm","clk":"11776476529","pt":1722797381746,"mc":[{"id":"1.231345620","rc":[{"ltp":2.78,"id":26354922},{"ltp":1.55,"id":26354924}]}]}
{"op":"mcm","clk":"11776488318","pt":1722797441780,"mc":[{"id":"1.231345620","rc":[{"ltp":2.92,"id":26354922},{"ltp":1.51,"id":26354924}]}]}
{"op":"mcm","clk":"11776499015","pt":1722797501857,"mc":[{"id":"1.231345620","rc":[{"ltp":2.88,"id":26354922},{"ltp":1.53,"id":26354924}]}]}
{"op":"mcm","clk":"11776509341","pt":1722797561720,"mc":[{"id":"1.231345620","rc":[{"ltp":2.92,"id":26354922},{"ltp":1.52,"id":26354924}]}]}
{"op":"mcm","clk":"11776519274","pt":1722797621680,"mc":[{"id":"1.231345620","rc":[{"ltp":2.84,"id":26354922},{"ltp":1.54,"id":26354924}]}]}
{"op":"mcm","clk":"11776528992","pt":1722797681838,"mc":[{"id":"1.231345620","rc":[{"ltp":2.86,"id":26354922},{"ltp":1.55,"id":26354924}]}]}
{"op":"mcm","clk":"11776539248","pt":1722797741710,"mc":[{"id":"1.231345620","rc":[{"ltp":2.84,"id":26354922},{"ltp":1.53,"id":26354924}]}]}
{"op":"mcm","clk":"11776549154","pt":1722797801805,"mc":[{"id":"1.231345620","rc":[{"ltp":2.9,"id":26354922},{"ltp":1.55,"id":26354924}]}]}
{"op":"mcm","clk":"11776558606","pt":1722797861854,"mc":[{"id":"1.231345620","rc":[{"ltp":2.88,"id":26354922},{"ltp":1.52,"id":26354924}]}]}
{"op":"mcm","clk":"11776568624","pt":1722797921804,"mc":[{"id":"1.231345620","rc":[{"ltp":2.6,"id":26354922},{"ltp":1.59,"id":26354924}]}]}
{"op":"mcm","clk":"11776577954","pt":1722797981866,"mc":[{"id":"1.231345620","rc":[{"ltp":2.48,"id":26354922},{"ltp":1.68,"id":26354924}]}]}
{"op":"mcm","clk":"11776588409","pt":1722798041840,"mc":[{"id":"1.231345620","rc":[{"ltp":1.88,"id":26354922},{"ltp":2.12,"id":26354924}]}]}
{"op":"mcm","clk":"11776598850","pt":1722798101783,"mc":[{"id":"1.231345620","rc":[{"ltp":1.9,"id":26354922},{"ltp":2.1,"id":26354924}]}]}
{"op":"mcm","clk":"11776609465","pt":1722798161856,"mc":[{"id":"1.231345620","rc":[{"ltp":1.75,"id":26354922},{"ltp":2.32,"id":26354924}]}]}
{"op":"mcm","clk":"11776619342","pt":1722798221826,"mc":[{"id":"1.231345620","rc":[{"ltp":1.83,"id":26354922},{"ltp":2.2,"id":26354924}]}]}
{"op":"mcm","clk":"11776629675","pt":1722798281782,"mc":[{"id":"1.231345620","rc":[{"ltp":1.88,"id":26354922},{"ltp":2.12,"id":26354924}]}]}
{"op":"mcm","clk":"11776640051","pt":1722798341842,"mc":[{"id":"1.231345620","rc":[{"ltp":2.06,"id":26354922},{"ltp":1.92,"id":26354924}]}]}
{"op":"mcm","clk":"11776650579","pt":1722798401799,"mc":[{"id":"1.231345620","rc":[{"ltp":2.16,"id":26354922},{"ltp":1.87,"id":26354924}]}]}
{"op":"mcm","clk":"11776660931","pt":1722798461793,"mc":[{"id":"1.231345620","rc":[{"ltp":1.94,"id":26354922},{"ltp":2.04,"id":26354924}]}]}
{"op":"mcm","clk":"11776670782","pt":1722798521768,"mc":[{"id":"1.231345620","rc":[{"ltp":2.12,"id":26354922},{"ltp":1.87,"id":26354924}]}]}
{"op":"mcm","clk":"11776681529","pt":1722798581839,"mc":[{"id":"1.231345620","rc":[{"ltp":2.2,"id":26354922},{"ltp":1.83,"id":26354924}]}]}
{"op":"mcm","clk":"11776692235","pt":1722798641770,"mc":[{"id":"1.231345620","rc":[{"ltp":1.82,"id":26354922},{"ltp":2.2,"id":26354924}]}]}
{"op":"mcm","clk":"11776703253","pt":1722798701802,"mc":[{"id":"1.231345620","rc":[{"ltp":1.85,"id":26354922},{"ltp":2.16,"id":26354924}]}]}
{"op":"mcm","clk":"11776715373","pt":1722798761848,"mc":[{"id":"1.231345620","rc":[{"ltp":1.86,"id":26354922},{"ltp":2.14,"id":26354924}]}]}
{"op":"mcm","clk":"11776734911","pt":1722798821790,"mc":[{"id":"1.231345620","rc":[{"ltp":1.63,"id":26354922},{"ltp":2.56,"id":26354924}]}]}
{"op":"mcm","clk":"11776746465","pt":1722798881868,"mc":[{"id":"1.231345620","rc":[{"ltp":1.59,"id":26354922},{"ltp":2.66,"id":26354924}]}]}
{"op":"mcm","clk":"11776757697","pt":1722798941870,"mc":[{"id":"1.231345620","rc":[{"ltp":1.45,"id":26354922},{"ltp":3.2,"id":26354924}]}]}
{"op":"mcm","clk":"11776769334","pt":1722799001795,"mc":[{"id":"1.231345620","rc":[{"ltp":1.47,"id":26354922},{"ltp":3.05,"id":26354924}]}]}
{"op":"mcm","clk":"11776780992","pt":1722799061808,"mc":[{"id":"1.231345620","rc":[{"ltp":1.44,"id":26354922},{"ltp":3.3,"id":26354924}]}]}
{"op":"mcm","clk":"11776791764","pt":1722799121817,"mc":[{"id":"1.231345620","rc":[{"ltp":1.47,"id":26354922},{"ltp":3.05,"id":26354924}]}]}
{"op":"mcm","clk":"11776802592","pt":1722799181850,"mc":[{"id":"1.231345620","rc":[{"ltp":1.55,"id":26354922},{"ltp":2.8,"id":26354924}]}]}
{"op":"mcm","clk":"11776813719","pt":1722799241820,"mc":[{"id":"1.231345620","rc":[{"ltp":1.97,"id":26354922},{"ltp":2.08,"id":26354924}]}]}
{"op":"mcm","clk":"11776824569","pt":1722799301820,"mc":[{"id":"1.231345620","rc":[{"ltp":2.12,"id":26354922},{"ltp":1.87,"id":26354924}]}]}
{"op":"mcm","clk":"11776835159","pt":1722799361854,"mc":[{"id":"1.231345620","rc":[{"ltp":2.24,"id":26354922},{"ltp":1.8,"id":26354924}]}]}
{"op":"mcm","clk":"11776846205","pt":1722799421777,"mc":[{"id":"1.231345620","rc":[{"ltp":2.16,"id":26354922},{"ltp":1.86,"id":26354924}]}]}
{"op":"mcm","clk":"11776857360","pt":1722799481808,"mc":[{"id":"1.231345620","rc":[{"ltp":1.75,"id":26354922},{"ltp":2.36,"id":26354924}]}]}
{"op":"mcm","clk":"11776867558","pt":1722799541796,"mc":[{"id":"1.231345620","rc":[{"ltp":1.58,"id":26354922},{"ltp":2.74,"id":26354924}]}]}
{"op":"mcm","clk":"11776877439","pt":1722799601868,"mc":[{"id":"1.231345620","rc":[{"ltp":1.42,"id":26354922},{"ltp":3.35,"id":26354924}]}]}
{"op":"mcm","clk":"11776886653","pt":1722799661823,"mc":[{"id":"1.231345620","rc":[{"ltp":1.49,"id":26354922},{"ltp":3.0,"id":26354924}]}]}
{"op":"mcm","clk":"11776896040","pt":1722799721822,"mc":[{"id":"1.231345620","rc":[{"ltp":1.54,"id":26354922},{"ltp":2.8,"id":26354924}]}]}
{"op":"mcm","clk":"11776905945","pt":1722799781857,"mc":[{"id":"1.231345620","rc":[{"ltp":1.84,"id":26354922},{"ltp":2.16,"id":26354924}]}]}
{"op":"mcm","clk":"11776916199","pt":1722799841703,"mc":[{"id":"1.231345620","rc":[{"ltp":1.87,"id":26354922}]}]}
{"op":"mcm","clk":"11776926747","pt":1722799901783,"mc":[{"id":"1.231345620","rc":[{"ltp":1.61,"id":26354922},{"ltp":2.58,"id":26354924}]}]}
{"op":"mcm","clk":"11776937396","pt":1722799961832,"mc":[{"id":"1.231345620","rc":[{"ltp":1.53,"id":26354922},{"ltp":2.88,"id":26354924}]}]}
{"op":"mcm","clk":"11776947811","pt":1722800021698,"mc":[{"id":"1.231345620","rc":[{"ltp":1.5,"id":26354922},{"ltp":3.0,"id":26354924}]}]}
{"op":"mcm","clk":"11776958300","pt":1722800081863,"mc":[{"id":"1.231345620","rc":[{"ltp":1.45,"id":26354922},{"ltp":3.25,"id":26354924}]}]}
{"op":"mcm","clk":"11776969123","pt":1722800141807,"mc":[{"id":"1.231345620","rc":[{"ltp":1.47,"id":26354922},{"ltp":3.1,"id":26354924}]}]}
{"op":"mcm","clk":"11776979817","pt":1722800201817,"mc":[{"id":"1.231345620","rc":[{"ltp":1.55,"id":26354922},{"ltp":2.82,"id":26354924}]}]}
{"op":"mcm","clk":"11776990683","pt":1722800261873,"mc":[{"id":"1.231345620","rc":[{"ltp":2.16,"id":26354922},{"ltp":1.87,"id":26354924}]}]}
{"op":"mcm","clk":"11777001748","pt":1722800321838,"mc":[{"id":"1.231345620","rc":[{"ltp":2.28,"id":26354922},{"ltp":1.76,"id":26354924}]}]}
{"op":"mcm","clk":"11777013005","pt":1722800381844,"mc":[{"id":"1.231345620","rc":[{"ltp":3.15,"id":26354922},{"ltp":1.46,"id":26354924}]}]}
{"op":"mcm","clk":"11777024244","pt":1722800441772,"mc":[{"id":"1.231345620","rc":[{"ltp":3.2,"id":26354922}]}]}
{"op":"mcm","clk":"11777035333","pt":1722800501849,"mc":[{"id":"1.231345620","rc":[{"ltp":2.22,"id":26354922},{"ltp":1.81,"id":26354924}]}]}
{"op":"mcm","clk":"11777045866","pt":1722800561812,"mc":[{"id":"1.231345620","rc":[{"ltp":1.84,"id":26354922},{"ltp":2.18,"id":26354924}]}]}
{"op":"mcm","clk":"11777056748","pt":1722800621861,"mc":[{"id":"1.231345620","rc":[{"ltp":2.08,"id":26354922},{"ltp":1.91,"id":26354924}]}]}
{"op":"mcm","clk":"11777066980","pt":1722800681844,"mc":[{"id":"1.231345620","rc":[{"ltp":1.92,"id":26354924}]}]}
{"op":"mcm","clk":"11777077230","pt":1722800741773,"mc":[{"id":"1.231345620","rc":[{"ltp":2.1,"id":26354922},{"ltp":1.9,"id":26354924}]}]}
{"op":"mcm","clk":"11777087345","pt":1722800801745,"mc":[{"id":"1.231345620","rc":[{"ltp":2.28,"id":26354922},{"ltp":1.78,"id":26354924}]}]}
{"op":"mcm","clk":"11777097960","pt":1722800861828,"mc":[{"id":"1.231345620","rc":[{"ltp":3.75,"id":26354922},{"ltp":1.34,"id":26354924}]}]}
{"op":"mcm","clk":"11777108405","pt":1722800921785,"mc":[{"id":"1.231345620","rc":[{"ltp":4.7,"id":26354922},{"ltp":1.27,"id":26354924}]}]}
{"op":"mcm","clk":"11777119053","pt":1722800981750,"mc":[{"id":"1.231345620","rc":[{"ltp":1.26,"id":26354924}]}]}
{"op":"mcm","clk":"11777128606","pt":1722801041851,"mc":[{"id":"1.231345620","rc":[{"ltp":4.8,"id":26354922}]}]}
{"op":"mcm","clk":"11777138134","pt":1722801101869,"mc":[{"id":"1.231345620","rc":[{"ltp":5.7,"id":26354922},{"ltp":1.21,"id":26354924}]}]}
{"op":"mcm","clk":"11777147642","pt":1722801161870,"mc":[{"id":"1.231345620","rc":[{"ltp":5.4,"id":26354922},{"ltp":1.22,"id":26354924}]}]}
{"op":"mcm","clk":"11777156252","pt":1722801221797,"mc":[{"id":"1.231345620","rc":[{"ltp":10.0,"id":26354922},{"ltp":1.11,"id":26354924}]}]}
{"op":"mcm","clk":"11777164755","pt":1722801281785,"mc":[{"id":"1.231345620","rc":[{"ltp":26.0,"id":26354922},{"ltp":1.04,"id":26354924}]}]}
{"op":"mcm","clk":"11777173339","pt":1722801341808,"mc":[{"id":"1.231345620","rc":[{"ltp":60.0,"id":26354922},{"ltp":1.02,"id":26354924}]}]}
{"op":"mcm","clk":"11777181095","pt":1722801401817,"mc":[{"id":"1.231345620","rc":[{"ltp":240.0,"id":26354922},{"ltp":1.01,"id":26354924}]}]}
{"op":"mcm","clk":"11777188164","pt":1722801461690,"mc":[{"id":"1.231345620","rc":[{"ltp":1000.0,"id":26354922}]}]}
{"op":"mcm","clk":"11777195178","pt":1722801521152,"mc":[{"id":"1.231345620","marketDefinition":{"bspMarket":false,"turnInPlayEnabled":true,"persistenceEnabled":true,"marketBaseRate":5.0,"eventId":"33462723","eventTypeId":"4","numberOfWinners":1,"bettingType":"ODDS","marketType":"MATCH_ODDS","marketTime":"2024-08-04T17:00:00.000Z","suspendTime":"2024-08-04T17:00:00.000Z","bspReconciled":false,"complete":true,"inPlay":true,"crossMatching":true,"runnersVoidable":false,"numberOfActiveRunners":2,"betDelay":5,"status":"SUSPENDED","runners":[{"status":"ACTIVE","sortPriority":1,"id":26354924,"name":"Northern Superchargers"},{"status":"ACTIVE","sortPriority":2,"id":26354922,"name":"Manchester Originals"}],"regulators":["MR_INT"],"countryCode":"GB","discountAllowed":true,"timezone":"GMT","openDate":"2024-08-04T17:00:00.000Z","version":6057724099,"name":"Match Odds","eventName":"Northern Superchargers v Manchester Originals"}}]}
{"op":"mcm","clk":"11777235703","pt":1722801912546,"mc":[{"id":"1.231345620","marketDefinition":{"bspMarket":false,"turnInPlayEnabled":true,"persistenceEnabled":true,"marketBaseRate":5.0,"eventId":"33462723","eventTypeId":"4","numberOfWinners":1,"bettingType":"ODDS","marketType":"MATCH_ODDS","marketTime":"2024-08-04T17:00:00.000Z","suspendTime":"2024-08-04T17:00:00.000Z","bspReconciled":false,"complete":true,"inPlay":true,"crossMatching":false,"runnersVoidable":false,"numberOfActiveRunners":0,"betDelay":5,"status":"CLOSED","settledTime":"2024-08-04T20:03:41.000Z","runners":[{"status":"WINNER","sortPriority":1,"id":26354924,"name":"Northern Superchargers"},{"status":"LOSER","sortPriority":2,"id":26354922,"name":"Manchester Originals"}],"regulators":["MR_INT"],"countryCode":"GB","discountAllowed":true,"timezone":"GMT","openDate":"2024-08-04T17:00:00.000Z","version":6057748137,"name":"Match Odds","eventName":"Northern Superchargers v Manchester Originals"}}]}
