{"op":"mcm","clk":"11854924447","pt":1723755557206,"mc":[{"id":"1.231859758","marketDefinition":{"bspMarket":false,"turnInPlayEnabled":true,"persistenceEnabled":true,"marketBaseRate":5.0,"eventId":"33498595","eventTypeId":"4","numberOfWinners":1,"bettingType":"ODDS","marketType":"MATCH_ODDS","marketTime":"2024-08-17T17:00:00.000Z","suspendTime":"2024-08-17T17:00:00.000Z","bspReconciled":false,"complete":true,"inPlay":false,"crossMatching":true,"runnersVoidable":false,"numberOfActiveRunners":2,"betDelay":0,"status":"OPEN","runners":[{"status":"ACTIVE","sortPriority":1,"id":26354921,"name":"Birmingham Phoenix"},{"status":"ACTIVE","sortPriority":2,"id":26354926,"name":"Southern Brave"}],"regulators":["MR_INT"],"countryCode":"GB","discountAllowed":true,"timezone":"GMT","openDate":"2024-08-17T17:00:00.000Z","version":6076243359,"name":"Match Odds","eventName":"Birmingham Phoenix v Southern Brave"}}]}
{"op":"mcm","clk":"11854971655","pt":1723756288863,"mc":[{"id":"1.231859758","rc":[{"ltp":2.28,"id":26354926},{"ltp":1.77,"id":26354921}]}]}
{"op":"mcm","clk":"11855072234","pt":1723758012618,"mc":[{"id":"1.231859758","rc":[{"ltp":1.92,"id":26354926}]}]}
{"op":"mcm","clk":"11855424757","pt":1723764391657,"mc":[{"id":"1.231859758","rc":[{"ltp":1.93,"id":26354926}]}]}
{"op":"mcm","clk":"11855427645","pt":1723764447117,"mc":[{"id":"1.231859758","rc":[{"ltp":1.92,"id":26354926}]}]}
{"op":"mcm","clk":"11855651823","pt":1723769834921,"mc":[{"id":"1.231859758","rc":[{"ltp":1.9,"id":26354926}]}]}
{"op":"mcm","clk":"11855652673","pt":1723769869171,"mc":[{"id":"1.231859758","rc":[{"ltp":1.99,"id":26354926},{"ltp":2.0,"id":26354921}]}]}
{"op":"mcm","clk":"11855793914","pt":1723774223312,"mc":[{"id":"1.231859758","rc":[{"ltp":1.96,"id":26354921}]}]}
{"op":"mcm","clk":"11856181351","pt":1723783204223,"mc":[{"id":"1.231859758","rc":[{"ltp":2.0,"id":26354921}]}]}
{"op":"mcm","clk":"11856183626","pt":1723783278687,"mc":[{"id":"1.231859758","rc":[{"ltp":1.99,"id":26354921}]}]}
{"op":"mcm","clk":"11856212993","pt":1723783754988,"mc":[{"id":"1.231859758","rc":[{"ltp":2.02,"id":26354926}]}]}
{"op":"mcm","clk":"11856287670","pt":1723785612436,"mc":[{"id":"1.231859758","rc":[{"ltp":1.96,"id":26354921}]}]}
{"op":"mcm","clk":"11856391735","pt":1723788073568,"mc":[{"id":"1.231859758","rc":[{"ltp":1.94,"id":26354921}]}]}
{"op":"mcm","clk":"11856562343","pt":1723791551548,"mc":[{"id":"1.231859758","rc":[{"ltp":1.96,"id":26354921}]}]}
{"op":"mcm","clk":"11856584555","pt":1723792148489,"mc":[{"id":"1.231859758","rc":[{"ltp":1.95,"id":26354921}]}]}
{"op":"mcm","clk":"11856606654","pt":1723792793834,"mc":[{"id":"1.231859758","rc":[{"ltp":2.04,"id":26354926},{"ltp":1.96,"id":26354921}]}]}
{"op":"mcm","clk":"11856718663","pt":1723795528313,"mc":[{"id":"1.231859758","rc":[{"ltp":2.06,"id":26354926},{"ltp":1.94,"id":26354921}]}]}
{"op":"mcm","clk":"11856771119","pt":1723796938991,"mc":[{"id":"1.231859758","rc":[{"ltp":1.93,"id":26354921}]}]}
{"op":"mcm","clk":"11856854671","pt":1723798874763,"mc":[{"id":"1.231859758","rc":[{"ltp":1.94,"id":26354921}]}]}
{"op":"mcm","clk":"11856872229","pt":1723799354339,"mc":[{"id":"1.231859758","rc":[{"ltp":1.93,"id":26354921}]}]}
{"op":"mcm","clk":"11856904891","pt":1723799891987,"mc":[{"id":"1.231859758","rc":[{"ltp":2.08,"id":26354926},{"ltp":1.92,"id":26354921}]}]}
{"op":"mcm","clk":"11856909738","pt":1723800007630,"mc":[{"id":"1.231859758","rc":[{"ltp":1.93,"id":26354921}]}]}
{"op":"mcm","clk":"11856919398","pt":1723800219259,"mc":[{"id":"1.231859758","rc":[{"ltp":1.92,"id":26354921}]}]}
{"op":"mcm","clk":"11856986282","pt":1723801555016,"mc":[{"id":"1.231859758","rc":[{"ltp":2.1,"id":26354926},{"ltp":1.9,"id":26354921}]}]}
{"op":"mcm","clk":"11856989324","pt":1723801623318,"mc":[{"id":"1.231859758","rc":[{"ltp":1.87,"id":26354921}]}]}
{"op":"mcm","clk":"11856992579","pt":1723801690073,"mc":[{"id":"1.231859758","rc":[{"ltp":1.91,"id":26354921}]}]}
{"op":"mcm","clk":"11857070905","pt":1723803191785,"mc":[{"id":"1.231859758","rc":[{"ltp":1.9,"id":26354921}]}]}
{"op":"mcm","clk":"11857296176","pt":1723806692350,"mc":[{"id":"1.231859758","rc":[{"ltp":1.91,"id":26354921}]}]}
{"op":"mcm","clk":"11857307341","pt":1723806855041,"mc":[{"id":"1.231859758","rc":[{"ltp":2.08,"id":26354926},{"ltp":1.93,"id":26354921}]}]}
{"op":"mcm","clk":"11857360075","pt":1723807571957,"mc":[{"id":"1.231859758","rc":[{"ltp":1.91,"id":26354921}]}]}
{"op":"mcm","clk":"11857490258","pt":1723809429127,"mc":[{"id":"1.231859758","rc":[{"ltp":1.93,"id":26354921}]}]}
{"op":"mcm","clk":"11857594230","pt":1723810512135,"mc":[{"id":"1.231859758","rc":[{"ltp":2.06,"id":26354926}]}]}
{"op":"mcm","clk":"11858051908","pt":1723816325981,"mc":[{"id":"1.231859758","rc":[{"ltp":1.92,"id":26354921}]}]}
{"op":"mcm","clk":"11858109626","pt":1723817109881,"mc":[{"id":"1.231859758","rc":[{"ltp":1.91,"id":26354921}]}]}
{"op":"mcm","clk":"11858792747","pt":1723824819684,"mc":[{"id":"1.231859758","rc":[{"ltp":1.92,"id":26354921}]}]}
{"op":"mcm","clk":"11858875273","pt":1723825476290,"mc":[{"id":"1.231859758","rc":[{"ltp":2.1,"id":26354926}]}]}
{"op":"mcm","clk":"11858899775","pt":1723825679067,"mc":[{"id":"1.231859758","rc":[{"ltp":2.06,"id":26354926}]}]}
{"op":"mcm","clk":"11859278665","pt":1723828374166,"mc":[{"id":"1.231859758","rc":[{"ltp":1.91,"id":26354921}]}]}
{"op":"mcm","clk":"11860203862","pt":1723833288467,"mc":[{"id":"1.231859758","rc":[{"ltp":2.08,"id":26354926},{"ltp":1.92,"id":26354921}]}]}
{"op":"mcm","clk":"11860303253","pt":1723833702868,"mc":[{"id":"1.231859758","rc":[{"ltp":1.91,"id":26354921}]}]}
{"op":"mcm","clk":"11860332431","pt":1723833832018,"mc":[{"id":"1.231859758","rc":[{"ltp":2.1,"id":26354926},{"ltp":1.9,"id":26354921}]}]}
{"op":"mcm","clk":"11860374293","pt":1723834021884,"mc":[{"id":"1.231859758","rc":[{"ltp":1.91,"id":26354921}]}]}
{"op":"mcm","clk":"11860809370","pt":1723836285783,"mc":[{"id":"1.231859758","rc":[{"ltp":2.08,"id":26354926}]}]}
{"op":"mcm","clk":"11860845931","pt":1723836483977,"mc":[{"id":"1.231859758","rc":[{"ltp":2.1,"id":26354926},{"ltp":1.9,"id":26354921}]}]}
{"op":"mcm","clk":"11861498219","pt":1723841940536,"mc":[{"id":"1.231859758","rc":[{"ltp":1.92,"id":26354921}]}]}
{"op":"mcm","clk":"11861604178","pt":1723843506267,"mc":[{"id":"1.231859758","rc":[{"ltp":2.06,"id":26354926}]}]}
{"op":"mcm","clk":"11861607443","pt":1723843588352,"mc":[{"id":"1.231859758","rc":[{"ltp":1.93,"id":26354921}]}]}
{"op":"mcm","clk":"11861623031","pt":1723843976121,"mc":[{"id":"1.231859758","rc":[{"ltp":1.92,"id":26354921}]}]}
{"op":"mcm","clk":"11861671822","pt":1723845070908,"mc":[{"id":"1.231859758","rc":[{"ltp":2.08,"id":26354926}]}]}
{"op":"mcm","clk":"11862585070","pt":1723859181087,"mc":[{"id":"1.231859758","rc":[{"ltp":1.93,"id":26354921}]}]}
{"op":"mcm","clk":"11862616700","pt":1723859754017,"mc":[{"id":"1.231859758","rc":[{"ltp":1.92,"id":26354921}]}]}
{"op":"mcm","clk":"11862740554","pt":1723861805881,"mc":[{"id":"1.231859758","rc":[{"ltp":1.91,"id":26354921}]}]}
{"op":"mcm","clk":"11862865602","pt":1723863904844,"mc":[{"id":"1.231859758","rc":[{"ltp":2.1,"id":26354926},{"ltp":1.9,"id":26354921}]}]}
{"op":"mcm","clk":"11862978158","pt":1723865585123,"mc":[{"id":"1.231859758","rc":[{"ltp":1.91,"id":26354921}]}]}
{"op":"mcm","clk":"11863186551","pt":1723869227973,"mc":[{"id":"1.231859758","rc":[{"ltp":1.9,"id":26354921}]}]}
{"op":"mcm","clk":"11863232428","pt":1723869776538,"mc":[{"id":"1.231859758","rc":[{"ltp":1.91,"id":26354921}]}]}
{"op":"mcm","clk":"11863297629","pt":1723870858779,"mc":[{"id":"1.231859758","rc":[{"ltp":1.89,"id":26354921}]}]}
{"op":"mcm","clk":"11863301825","pt":1723870945769,"mc":[{"id":"1.231859758","rc":[{"ltp":2.08,"id":26354926}]}]}
{"op":"mcm","clk":"11863424136","pt":1723873493716,"mc":[{"id":"1.231859758","rc":[{"ltp":1.9,"id":26354921}]}]}
{"op":"mcm","clk":"11863440258","pt":1723873853493,"mc":[{"id":"1.231859758","rc":[{"ltp":1.91,"id":26354921}]}]}
{"op":"mcm","clk":"11863536075","pt":1723875175318,"mc":[{"id":"1.231859758","rc":[{"ltp":1.9,"id":26354921}]}]}
{"op":"mcm","clk":"11863555470","pt":1723875630044,"mc":[{"id":"1.231859758","rc":[{"ltp":2.1,"id":26354926}]}]}
{"op":"mcm","clk":"11863620617","pt":1723876777365,"mc":[{"id":"1.231859758","rc":[{"ltp":1.89,"id":26354921}]}]}
{"op":"mcm","clk":"11863640480","pt":1723877075977,"mc":[{"id":"1.231859758","rc":[{"ltp":1.9,"id":26354921}]}]}
{"op":"mcm","clk":"11863870674","pt":1723880716173,"mc":[{"id":"1.231859758","rc":[{"ltp":2.08,"id":26354926}]}]}
{"op":"mcm","clk":"11863898500","pt":1723881212408,"mc":[{"id":"1.231859758","rc":[{"ltp":2.1,"id":26354926}]}]}
{"op":"mcm","clk":"11863916070","pt":1723881533620,"mc":[{"id":"1.231859758","rc":[{"ltp":1.89,"id":26354921}]}]}
{"op":"mcm","clk":"11863945029","pt":1723881918137,"mc":[{"id":"1.231859758","rc":[{"ltp":1.9,"id":26354921}]}]}
{"op":"mcm","clk":"11864323056","pt":1723886032460,"mc":[{"id":"1.231859758","rc":[{"ltp":2.08,"id":26354926}]}]}
{"op":"mcm","clk":"11864484314","pt":1723887303320,"mc":[{"id":"1.231859758","rc":[{"ltp":2.1,"id":26354926}]}]}
{"op":"mcm","clk":"11865003124","pt":1723890657957,"mc":[{"id":"1.231859758","rc":[{"ltp":1.89,"id":26354921}]}]}
{"op":"mcm","clk":"11865116414","pt":1723891269776,"mc":[{"id":"1.231859758","rc":[{"ltp":1.9,"id":26354921}]}]}
{"op":"mcm","clk":"11865248410","pt":1723891893515,"mc":[{"id":"1.231859758","rc":[{"ltp":1.91,"id":26354921}]}]}
{"op":"mcm","clk":"11865256283","pt":1723891937423,"mc":[{"id":"1.231859758","rc":[{"ltp":1.9,"id":26354921}]}]}
{"op":"mcm","clk":"11865356307","pt":1723892555221,"mc":[{"id":"1.231859758","rc":[{"ltp":1.92,"id":26354921}]}]}
{"op":"mcm","clk":"11865371865","pt":1723892655122,"mc":[{"id":"1.231859758","rc":[{"ltp":2.08,"id":26354926}]}]}
{"op":"mcm","clk":"11865480046","pt":1723893278806,"mc":[{"id":"1.231859758","rc":[{"ltp":1.9,"id":26354921}]}]}
{"op":"mcm","clk":"11865519191","pt":1723893487633,"mc":[{"id":"1.231859758","rc":[{"ltp":2.1,"id":26354926}]}]}
{"op":"mcm","clk":"11865536591","pt":1723893585547,"mc":[{"id":"1.231859758","rc":[{"ltp":2.08,"id":26354926}]}]}
{"op":"mcm","clk":"11865562841","pt":1723893733203,"mc":[{"id":"1.231859758","rc":[{"ltp":1.92,"id":26354921}]}]}
{"op":"mcm","clk":"11865572965","pt":1723893794458,"mc":[{"id":"1.231859758","rc":[{"ltp":2.0,"id":26354926},{"ltp":2.0,"id":26354921}]}]}
{"op":"mcm","clk":"11865583335","pt":1723893852772,"mc":[{"id":"1.231859758","rc":[{"ltp":2.04,"id":26354926},{"ltp":1.96,"id":26354921}]}]}
{"op":"mcm","clk":"11865594023","pt":1723893913597,"mc":[{"id":"1.231859758","rc":[{"ltp":2.08,"id":26354926},{"ltp":1.94,"id":26354921}]}]}
{"op":"mcm","clk":"11865604142","pt":1723893973827,"mc":[{"id":"1.231859758","rc":[{"ltp":2.04,"id":26354926},{"ltp":1.96,"id":26354921}]}]}
{"op":"mcm","clk":"11865613812","pt":1723894034386,"mc":[{"id":"1.231859758","rc":[{"ltp":2.02,"id":26354926},{"ltp":1.98,"id":26354921}]}]}
{"op":"mcm","clk":"11865623923","pt":1723894094934,"mc":[{"id":"1.231859758","rc":[{"ltp":2.08,"id":26354926},{"ltp":1.94,"id":26354921}]}]}
{"op":"mcm","clk":"11865633410","pt":1723894150672,"mc":[{"id":"1.231859758","rc":[{"ltp":2.06,"id":26354926},{"ltp":1.96,"id":26354921}]}]}
{"op":"mcm","clk":"11865644786","pt":1723894213237,"mc":[{"id":"1.231859758","rc":[{"ltp":2.08,"id":26354926},{"ltp":1.93,"id":26354921}]}]}
{"op":"mcm","clk":"11865650364","pt":1723894244183,"mc":[{"id":"1.231859758","rc":[{"ltp":1.94,"id":26354921}]}]}
{"op":"mcm","clk":"11865685543","pt":1723894451398,"mc":[{"id":"1.231859758","rc":[{"ltp":1.93,"id":26354921}]}]}
{"op":"mcm","clk":"11865715412","pt":1723894627803,"mc":[{"id":"1.231859758","rc":[{"ltp":2.06,"id":26354926},{"ltp":1.96,"id":26354921}]}]}
{"op":"mcm","clk":"11865726857","pt":1723894692250,"mc":[{"id":"1.231859758","rc":[{"ltp":1.95,"id":26354921}]}]}
{"op":"mcm","clk":"11865755760","pt":1723894864893,"mc":[{"id":"1.231859758","rc":[{"ltp":2.04,"id":26354926},{"ltp":1.96,"id":26354921}]}]}
{"op":"mcm","clk":"11865767482","pt":1723894929943,"mc":[{"id":"1.231859758","rc":[{"ltp":1.97,"id":26354921}]}]}
{"op":"mcm","clk":"11865778753","pt":1723894991539,"mc":[{"id":"1.231859758","rc":[{"ltp":1.96,"id":26354921}]}]}
{"op":"mcm","clk":"11865820111","pt":1723895225901,"mc":[{"id":"1.231859758","rc":[{"ltp":1.97,"id":26354921}]}]}
{"op":"mcm","clk":"11865831484","pt":1723895289105,"mc":[{"id":"1.231859758","rc":[{"ltp":1.96,"id":26354921}]}]}
{"op":"mcm","clk":"11865908916","pt":1723895772950,"mc":[{"id":"1.231859758","rc":[{"ltp":1.95,"id":26354921}]}]}
{"op":"mcm","clk":"11865914975","pt":1723895815517,"mc":[{"id":"1.231859758","rc":[{"ltp":1.93,"id":26354921}]}]}
{"op":"mcm","clk":"11865926570","pt":1723895893888,"mc":[{"id":"1.231859758","rc":[{"ltp":1.92,"id":26354921}]}]}
{"op":"mcm","clk":"11865932357","pt":1723895935843,"mc":[{"id":"1.231859758","rc":[{"ltp":1.91,"id":26354921}]}]}
{"op":"mcm","clk":"11865955646","pt":1723896082608,"mc":[{"id":"1.231859758","rc":[{"ltp":1.92,"id":26354921}]}]}
{"op":"mcm","clk":"11866041114","pt":1723896552424,"mc":[{"id":"1.231859758","rc":[{"ltp":1.91,"id":26354921}]}]}
{"op":"mcm","clk":"11866099101","pt":1723896777597,"mc":[{"id":"1.231859758","rc":[{"ltp":2.06,"id":26354926}]}]}
{"op":"mcm","clk":"11866149895","pt":1723897059255,"mc":[{"id":"1.231859758","rc":[{"ltp":1.93,"id":26354921}]}]}
{"op":"mcm","clk":"11866297527","pt":1723897871233,"mc":[{"id":"1.231859758","rc":[{"ltp":1.91,"id":26354921}]}]}
{"op":"mcm","clk":"11866517783","pt":1723899067391,"mc":[{"id":"1.231859758","rc":[{"ltp":1.92,"id":26354921}]}]}
{"op":"mcm","clk":"11866743380","pt":1723900363563,"mc":[{"id":"1.231859758","rc":[{"ltp":2.08,"id":26354926},{"ltp":1.91,"id":26354921}]}]}
{"op":"mcm","clk":"11866774683","pt":1723900514394,"mc":[{"id":"1.231859758","rc":[{"ltp":1.92,"id":26354921}]}]}
{"op":"mcm","clk":"11866778015","pt":1723900529241,"mc":[{"id":"1.231859758","rc":[{"ltp":1.91,"id":26354921}]}]}
{"op":"mcm","clk":"11866845798","pt":1723900849310,"mc":[{"id":"1.231859758","rc":[{"ltp":1.92,"id":26354921}]}]}
{"op":"mcm","clk":"11866912638","pt":1723901173898,"mc":[{"id":"1.231859758","rc":[{"ltp":1.91,"id":26354921}]}]}
{"op":"mcm","clk":"11867160505","pt":1723902314097,"mc":[{"id":"1.231859758","rc":[{"ltp":1.92,"id":26354921}]}]}
{"op":"mcm","clk":"11867198305","pt":1723902511920,"mc":[{"id":"1.231859758","rc":[{"ltp":2.1,"id":26354926}]}]}
{"op":"mcm","clk":"11867257699","pt":1723902849016,"mc":[{"id":"1.231859758","rc":[{"ltp":2.08,"id":26354926}]}]}
{"op":"mcm","clk":"11867267652","pt":1723902905299,"mc":[{"id":"1.231859758","rc":[{"ltp":1.9,"id":26354921}]}]}
{"op":"mcm","clk":"11867337257","pt":1723903265594,"mc":[{"id":"1.231859758","rc":[{"ltp":1.91,"id":26354921}]}]}
{"op":"mcm","clk":"11867394959","pt":1723903493559,"mc":[{"id":"1.231859758","rc":[{"ltp":1.92,"id":26354921}]}]}
{"op":"mcm","clk":"11867443137","pt":1723903676699,"mc":[{"id":"1.231859758","rc":[{"ltp":1.91,"id":26354921}]}]}
{"op":"mcm","clk":"11867462426","pt":1723903747507,"mc":[{"id":"1.231859758","rc":[{"ltp":2.1,"id":26354926}]}]}
{"op":"mcm","clk":"11867571824","pt":1723904110450,"mc":[{"id":"1.231859758","rc":[{"ltp":1.92,"id":26354921}]}]}
{"op":"mcm","clk":"11867604599","pt":1723904213658,"mc":[{"id":"1.231859758","rc":[{"ltp":1.91,"id":26354921}]}]}
{"op":"mcm","clk":"11867723807","pt":1723904638842,"mc":[{"id":"1.231859758","rc":[{"ltp":2.08,"id":26354926},{"ltp":1.9,"id":26354921}]}]}
{"op":"mcm","clk":"11867879180","pt":1723905187787,"mc":[{"id":"1.231859758","rc":[{"ltp":2.1,"id":26354926}]}]}
{"op":"mcm","clk":"11867916098","pt":1723905314348,"mc":[{"id":"1.231859758","rc":[{"ltp":1.91,"id":26354921}]}]}
{"op":"mcm","clk":"11867978803","pt":1723905530004,"mc":[{"id":"1.231859758","rc":[{"ltp":1.9,"id":26354921}]}]}
{"op":"mcm","clk":"11868035507","pt":1723905723697,"mc":[{"id":"1.231859758","rc":[{"ltp":1.91,"id":26354921}]}]}
{"op":"mcm","clk":"11868086348","pt":1723905896442,"mc":[{"id":"1.231859758","rc":[{"ltp":1.9,"id":26354921}]}]}
{"op":"mcm","clk":"11868164229","pt":1723906194741,"mc":[{"id":"1.231859758","rc":[{"ltp":2.12,"id":26354926}]}]}
{"op":"mcm","clk":"11868269553","pt":1723906750335,"mc":[{"id":"1.231859758","rc":[{"ltp":2.1,"id":26354926}]}]}
{"op":"mcm","clk":"11868313674","pt":1723906976528,"mc":[{"id":"1.231859758","rc":[{"ltp":1.91,"id":26354921}]}]}
{"op":"mcm","clk":"11868329398","pt":1723907046575,"mc":[{"id":"1.231859758","rc":[{"ltp":1.9,"id":26354921}]}]}
{"op":"mcm","clk":"11868507006","pt":1723907654208,"mc":[{"id":"1.231859758","rc":[{"ltp":1.91,"id":26354921}]}]}
{"op":"mcm","clk":"11868524511","pt":1723907714328,"mc":[{"id":"1.231859758","rc":[{"ltp":2.08,"id":26354926}]}]}
{"op":"mcm","clk":"11868645087","pt":1723908134820,"mc":[{"id":"1.231859758","rc":[{"ltp":1.92,"id":26354921}]}]}
{"op":"mcm","clk":"11868726619","pt":1723908434972,"mc":[{"id":"1.231859758","rc":[{"ltp":2.06,"id":26354926}]}]}
{"op":"mcm","clk":"11868754311","pt":1723908541098,"mc":[{"id":"1.231859758","rc":[{"ltp":2.08,"id":26354926}]}]}
{"op":"mcm","clk":"11868772840","pt":1723908612982,"mc":[{"id":"1.231859758","rc":[{"ltp":2.1,"id":26354926},{"ltp":1.91,"id":26354921}]}]}
{"op":"mcm","clk":"11868785766","pt":1723908661634,"mc":[{"id":"1.231859758","rc":[{"ltp":2.08,"id":26354926}]}]}
{"op":"mcm","clk":"11868810823","pt":1723908759694,"mc":[{"id":"1.231859758","rc":[{"ltp":1.92,"id":26354921}]}]}
{"op":"mcm","clk":"11868835540","pt":1723908850784,"mc":[{"id":"1.231859758","rc":[{"ltp":1.91,"id":26354921}]}]}
{"op":"mcm","clk":"11868880860","pt":1723909024686,"mc":[{"id":"1.231859758","rc":[{"ltp":1.92,"id":26354921}]}]}
{"op":"mcm","clk":"11868898628","pt":1723909093677,"mc":[{"id":"1.231859758","rc":[{"ltp":1.93,"id":26354921}]}]}
{"op":"mcm","clk":"11868942265","pt":1723909260876,"mc":[{"id":"1.231859758","rc":[{"ltp":2.06,"id":26354926}]}]}
{"op":"mcm","clk":"11869033617","pt":1723909634611,"mc":[{"id":"1.231859758","rc":[{"ltp":2.1,"id":26354926},{"ltp":1.9,"id":26354921}]}]}
{"op":"mcm","clk":"11869056531","pt":1723909738892,"mc":[{"id":"1.231859758","rc":[{"ltp":1.91,"id":26354921}]}]}
{"op":"mcm","clk":"11869069952","pt":1723909802407,"mc":[{"id":"1.231859758","rc":[{"ltp":2.08,"id":26354926},{"ltp":1.92,"id":26354921}]}]}
{"op":"mcm","clk":"11869084922","pt":1723909874895,"mc":[{"id":"1.231859758","rc":[{"ltp":2.1,"id":26354926},{"ltp":1.89,"id":26354921}]}]}
{"op":"mcm","clk":"11869096682","pt":1723909934781,"mc":[{"id":"1.231859758","rc":[{"ltp":2.12,"id":26354926}]}]}
{"op":"mcm","clk":"11869107332","pt":1723909989612,"mc":[{"id":"1.231859758","rc":[{"ltp":1.9,"id":26354921}]}]}
{"op":"mcm","clk":"11869119187","pt":1723910054370,"mc":[{"id":"1.231859758","rc":[{"ltp":2.08,"id":26354926},{"ltp":1.92,"id":26354921}]}]}
{"op":"mcm","clk":"11869128615","pt":1723910109457,"mc":[{"id":"1.231859758","rc":[{"ltp":1.91,"id":26354921}]}]}
{"op":"mcm","clk":"11869160061","pt":1723910295066,"mc":[{"id":"1.231859758","rc":[{"ltp":1.92,"id":26354921}]}]}
{"op":"mcm","clk":"11869167662","pt":1723910341597,"mc":[{"id":"1.231859758","rc":[{"ltp":1.91,"id":26354921}]}]}
{"op":"mcm","clk":"11869178859","pt":1723910409660,"mc":[{"id":"1.231859758","rc":[{"ltp":1.92,"id":26354921}]}]}
{"op":"mcm","clk":"11869229561","pt":1723910714493,"mc":[{"id":"1.231859758","rc":[{"ltp":2.06,"id":26354926}]}]}
{"op":"mcm","clk":"11869239728","pt":1723910773790,"mc":[{"id":"1.231859758","rc":[{"ltp":1.93,"id":26354921}]}]}
{"op":"mcm","clk":"11869267454","pt":1723910933887,"mc":[{"id":"1.231859758","rc":[{"ltp":1.94,"id":26354921}]}]}
{"op":"mcm","clk":"11869282509","pt":1723911014822,"mc":[{"id":"1.231859758","rc":[{"ltp":1.96,"id":26354921}]}]}
{"op":"mcm","clk":"11869293608","pt":1723911071804,"mc":[{"id":"1.231859758","rc":[{"ltp":2.04,"id":26354926}]}]}
{"op":"mcm","clk":"11869316593","pt":1723911195160,"mc":[{"id":"1.231859758","rc":[{"ltp":1.95,"id":26354921}]}]}
{"op":"mcm","clk":"11869348772","pt":1723911373891,"mc":[{"id":"1.231859758","rc":[{"ltp":1.94,"id":26354921}]}]}
{"op":"mcm","clk":"11869358643","pt":1723911429663,"mc":[{"id":"1.231859758","rc":[{"ltp":2.06,"id":26354926},{"ltp":1.95,"id":26354921}]}]}
{"op":"mcm","clk":"11869369162","pt":1723911485530,"mc":[{"id":"1.231859758","rc":[{"ltp":2.04,"id":26354926}]}]}
{"op":"mcm","clk":"11869381579","pt":1723911554193,"mc":[{"id":"1.231859758","rc":[{"ltp":2.06,"id":26354926},{"ltp":1.96,"id":26354921}]}]}
{"op":"mcm","clk":"11869392025","pt":1723911614515,"mc":[{"id":"1.231859758","rc":[{"ltp":2.04,"id":26354926},{"ltp":1.95,"id":26354921}]}]}
{"op":"mcm","clk":"11869434364","pt":1723911850188,"mc":[{"id":"1.231859758","rc":[{"ltp":1.96,"id":26354921}]}]}
{"op":"mcm","clk":"11869457067","pt":1723911973168,"mc":[{"id":"1.231859758","rc":[{"ltp":2.06,"id":26354926},{"ltp":1.92,"id":26354921}]}]}
{"op":"mcm","clk":"11869468015","pt":1723912034750,"mc":[{"id":"1.231859758","rc":[{"ltp":1.93,"id":26354921}]}]}
{"op":"mcm","clk":"11869479172","pt":1723912095040,"mc":[{"id":"1.231859758","rc":[{"ltp":1.94,"id":26354921}]}]}
{"op":"mcm","clk":"11869497050","pt":1723912197363,"mc":[{"id":"1.231859758","rc":[{"ltp":2.04,"id":26354926},{"ltp":1.96,"id":26354921}]}]}
{"op":"mcm","clk":"11869510381","pt":1723912274123,"mc":[{"id":"1.231859758","rc":[{"ltp":2.08,"id":26354926},{"ltp":1.92,"id":26354921}]}]}
{"op":"mcm","clk":"11869520863","pt":1723912335173,"mc":[{"id":"1.231859758","rc":[{"ltp":2.14,"id":26354926},{"ltp":1.86,"id":26354921}]}]}
{"op":"mcm","clk":"11869531327","pt":1723912395118,"mc":[{"id":"1.231859758","rc":[{"ltp":2.2,"id":26354926},{"ltp":1.83,"id":26354921}]}]}
{"op":"mcm","clk":"11869541944","pt":1723912454956,"mc":[{"id":"1.231859758","rc":[{"ltp":2.22,"id":26354926},{"ltp":1.82,"id":26354921}]}]}
{"op":"mcm","clk":"11869553170","pt":1723912514336,"mc":[{"id":"1.231859758","rc":[{"ltp":2.26,"id":26354926},{"ltp":1.8,"id":26354921}]}]}
{"op":"mcm","clk":"11869565097","pt":1723912573600,"mc":[{"id":"1.231859758","rc":[{"ltp":2.22,"id":26354926}]}]}
{"op":"mcm","clk":"11869577877","pt":1723912634876,"mc":[{"id":"1.231859758","rc":[{"ltp":2.2,"id":26354926},{"ltp":1.83,"id":26354921}]}]}
{"op":"mcm","clk":"11869590342","pt":1723912695145,"mc":[{"id":"1.231859758","rc":[{"ltp":1.82,"id":26354921}]}]}
{"op":"mcm","clk":"11869602390","pt":1723912754621,"mc":[{"id":"1.231859758","rc":[{"ltp":1.83,"id":26354921}]}]}
{"op":"mcm","clk":"11869614597","pt":1723912814618,"mc":[{"id":"1.231859758","rc":[{"ltp":2.18,"id":26354926}]}]}
{"op":"mcm","clk":"11869626228","pt":1723912875166,"mc":[{"id":"1.231859758","rc":[{"ltp":2.16,"id":26354926},{"ltp":1.85,"id":26354921}]}]}
{"op":"mcm","clk":"11869638105","pt":1723912934654,"mc":[{"id":"1.231859758","rc":[{"ltp":2.18,"id":26354926},{"ltp":1.84,"id":26354921}]}]}
{"op":"mcm","clk":"11869663765","pt":1723912994641,"mc":[{"id":"1.231859758","rc":[{"ltp":2.2,"id":26354926},{"ltp":1.83,"id":26354921}]}]}
{"op":"mcm","clk":"11869675410","pt":1723913054993,"mc":[{"id":"1.231859758","rc":[{"ltp":2.18,"id":26354926}]}]}
{"op":"mcm","clk":"11869686991","pt":1723913114981,"mc":[{"id":"1.231859758","rc":[{"ltp":2.2,"id":26354926}]}]}
{"op":"mcm","clk":"11869699579","pt":1723913175119,"mc":[{"id":"1.231859758","rc":[{"ltp":2.22,"id":26354926},{"ltp":1.81,"id":26354921}]}]}
{"op":"mcm","clk":"11869712124","pt":1723913234714,"mc":[{"id":"1.231859758","rc":[{"ltp":2.2,"id":26354926},{"ltp":1.83,"id":26354921}]}]}
{"op":"mcm","clk":"11869723818","pt":1723913293484,"mc":[{"id":"1.231859758","rc":[{"ltp":1.82,"id":26354921}]}]}
{"op":"mcm","clk":"11869749070","pt":1723913415183,"mc":[{"id":"1.231859758","rc":[{"ltp":2.22,"id":26354926},{"ltp":1.81,"id":26354921}]}]}
{"op":"mcm","clk":"11869761533","pt":1723913475163,"mc":[{"id":"1.231859758","rc":[{"ltp":2.24,"id":26354926},{"ltp":1.8,"id":26354921}]}]}
{"op":"mcm","clk":"11869773164","pt":1723913534468,"mc":[{"id":"1.231859758","rc":[{"ltp":2.22,"id":26354926}]}]}
{"op":"mcm","clk":"11869784564","pt":1723913594626,"mc":[{"id":"1.231859758","rc":[{"ltp":2.2,"id":26354926},{"ltp":1.81,"id":26354921}]}]}
{"op":"mcm","clk":"11869795867","pt":1723913655126,"mc":[{"id":"1.231859758","rc":[{"ltp":2.26,"id":26354926},{"ltp":1.8,"id":26354921}]}]}
{"op":"mcm","clk":"11869806548","pt":1723913714637,"mc":[{"id":"1.231859758","rc":[{"ltp":2.24,"id":26354926}]}]}
{"op":"mcm","clk":"11869817754","pt":1723913775040,"mc":[{"id":"1.231859758","rc":[{"ltp":1.81,"id":26354921}]}]}
{"op":"mcm","clk":"11869828330","pt":1723913835102,"mc":[{"id":"1.231859758","rc":[{"ltp":1.8,"id":26354921}]}]}
{"op":"mcm","clk":"11869839717","pt":1723913895025,"mc":[{"id":"1.231859758","rc":[{"ltp":2.2,"id":26354926},{"ltp":1.82,"id":26354921}]}]}
{"op":"mcm","clk":"11869851093","pt":1723913955178,"mc":[{"id":"1.231859758","rc":[{"ltp":2.24,"id":26354926},{"ltp":1.81,"id":26354921}]}]}
{"op":"mcm","clk":"11869862595","pt":1723914015142,"mc":[{"id":"1.231859758","marketDefinition":{"bspMarket":false,"turnInPlayEnabled":true,"persistenceEnabled":true,"marketBaseRate":5.0,"eventId":"33498595","eventTypeId":"4","numberOfWinners":1,"bettingType":"ODDS","marketType":"MATCH_ODDS","marketTime":"2024-08-17T17:00:00.000Z","suspendTime":"2024-08-17T17:00:00.000Z","bspReconciled":false,"complete":true,"inPlay":true,"crossMatching":true,"runnersVoidable":false,"numberOfActiveRunners":2,"betDelay":5,"status":"OPEN","runners":[{"status":"ACTIVE","sortPriority":1,"id":26354921,"name":"Birmingham Phoenix"},{"status":"ACTIVE","sortPriority":2,"id":26354926,"name":"Southern Brave"}],"regulators":["MR_INT"],"countryCode":"GB","discountAllowed":true,"timezone":"GMT","openDate":"2024-08-17T17:00:00.000Z","version":6080951830,"name":"Match Odds","eventName":"Birmingham Phoenix v Southern Brave"},"rc":[{"ltp":2.22,"id":26354926}]}]}
{"op":"mcm","clk":"11869874308","pt":1723914075160,"mc":[{"id":"1.231859758","rc":[{"ltp":2.72,"id":26354926},{"ltp":1.58,"id":26354921}]}]}
{"op":"mcm","clk":"11869885416","pt":1723914135093,"mc":[{"id":"1.231859758","rc":[{"ltp":2.66,"id":26354926},{"ltp":1.6,"id":26354921}]}]}
{"op":"mcm","clk":"11869896925","pt":1723914195112,"mc":[{"id":"1.231859758","rc":[{"ltp":2.78,"id":26354926},{"ltp":1.56,"id":26354921}]}]}
{"op":"mcm","clk":"11869908514","pt":1723914255151,"mc":[{"id":"1.231859758","rc":[{"ltp":2.88,"id":26354926},{"ltp":1.53,"id":26354921}]}]}
{"op":"mcm","clk":"11869920129","pt":1723914315107,"mc":[{"id":"1.231859758","rc":[{"ltp":2.64,"id":26354926},{"ltp":1.6,"id":26354921}]}]}
{"op":"mcm","clk":"11869931414","pt":1723914375180,"mc":[{"id":"1.231859758","rc":[{"ltp":2.58,"id":26354926},{"ltp":1.61,"id":26354921}]}]}
{"op":"mcm","clk":"11869943096","pt":1723914435085,"mc":[{"id":"1.231859758","rc":[{"ltp":2.44,"id":26354926},{"ltp":1.69,"id":26354921}]}]}
{"op":"mcm","clk":"11869954961","pt":1723914495085,"mc":[{"id":"1.231859758","rc":[{"ltp":2.38,"id":26354926},{"ltp":1.72,"id":26354921}]}]}
{"op":"mcm","clk":"11869966310","pt":1723914555148,"mc":[{"id":"1.231859758","rc":[{"ltp":2.48,"id":26354926},{"ltp":1.67,"id":26354921}]}]}
{"op":"mcm","clk":"11869977165","pt":1723914615094,"mc":[{"id":"1.231859758","rc":[{"ltp":2.38,"id":26354926},{"ltp":1.73,"id":26354921}]}]}
{"op":"mcm","clk":"11869988057","pt":1723914675162,"mc":[{"id":"1.231859758","rc":[{"ltp":2.2,"id":26354926},{"ltp":1.84,"id":26354921}]}]}
{"op":"mcm","clk":"11869998691","pt":1723914735128,"mc":[{"id":"1.231859758","rc":[{"ltp":1.83,"id":26354921}]}]}
{"op":"mcm","clk":"11870008688","pt":1723914795091,"mc":[{"id":"1.231859758","rc":[{"ltp":2.28,"id":26354926},{"ltp":1.78,"id":26354921}]}]}
{"op":"mcm","clk":"11870018895","pt":1723914855157,"mc":[{"id":"1.231859758","rc":[{"ltp":2.4,"id":26354926},{"ltp":1.7,"id":26354921}]}]}
{"op":"mcm","clk":"11870029725","pt":1723914915152,"mc":[{"id":"1.231859758","rc":[{"ltp":2.44,"id":26354926},{"ltp":1.69,"id":26354921}]}]}
{"op":"mcm","clk":"11870040679","pt":1723914975128,"mc":[{"id":"1.231859758","rc":[{"ltp":2.68,"id":26354926},{"ltp":1.58,"id":26354921}]}]}
{"op":"mcm","clk":"11870051451","pt":1723915035049,"mc":[{"id":"1.231859758","rc":[{"ltp":1.6,"id":26354921}]}]}
{"op":"mcm","clk":"11870062504","pt":1723915095158,"mc":[{"id":"1.231859758","rc":[{"ltp":2.72,"id":26354926},{"ltp":1.58,"id":26354921}]}]}
{"op":"mcm","clk":"11870073979","pt":1723915155042,"mc":[{"id":"1.231859758","rc":[{"ltp":2.78,"id":26354926},{"ltp":1.55,"id":26354921}]}]}
{"op":"mcm","clk":"11870085779","pt":1723915215108,"mc":[{"id":"1.231859758","rc":[{"ltp":2.72,"id":26354926},{"ltp":1.59,"id":26354921}]}]}
{"op":"mcm","clk":"11870097032","pt":1723915275133,"mc":[{"id":"1.231859758","rc":[{"ltp":2.74,"id":26354926},{"ltp":1.57,"id":26354921}]}]}
{"op":"mcm","clk":"11870122724","pt":1723915395035,"mc":[{"id":"1.231859758","rc":[{"ltp":2.72,"id":26354926},{"ltp":1.58,"id":26354921}]}]}
{"op":"mcm","clk":"11870134868","pt":1723915454871,"mc":[{"id":"1.231859758","rc":[{"ltp":2.84,"id":26354926},{"ltp":1.55,"id":26354921}]}]}
{"op":"mcm","clk":"11870146325","pt":1723915515045,"mc":[{"id":"1.231859758","rc":[{"ltp":2.86,"id":26354926},{"ltp":1.54,"id":26354921}]}]}
{"op":"mcm","clk":"11870158136","pt":1723915575111,"mc":[{"id":"1.231859758","rc":[{"ltp":2.84,"id":26354926},{"ltp":1.55,"id":26354921}]}]}
{"op":"mcm","clk":"11870168743","pt":1723915635093,"mc":[{"id":"1.231859758","rc":[{"ltp":2.74,"id":26354926},{"ltp":1.57,"id":26354921}]}]}
{"op":"mcm","clk":"11870179652","pt":1723915695151,"mc":[{"id":"1.231859758","rc":[{"ltp":2.88,"id":26354926},{"ltp":1.53,"id":26354921}]}]}
{"op":"mcm","clk":"11870190084","pt":1723915755167,"mc":[{"id":"1.231859758","rc":[{"ltp":2.7,"id":26354926},{"ltp":1.59,"id":26354921}]}]}
{"op":"mcm","clk":"11870200275","pt":1723915815137,"mc":[{"id":"1.231859758","rc":[{"ltp":2.8,"id":26354926},{"ltp":1.55,"id":26354921}]}]}
{"op":"mcm","clk":"11870210394","pt":1723915875123,"mc":[{"id":"1.231859758","rc":[{"ltp":2.68,"id":26354926},{"ltp":1.6,"id":26354921}]}]}
{"op":"mcm","clk":"11870220858","pt":1723915935126,"mc":[{"id":"1.231859758","rc":[{"ltp":2.7,"id":26354926},{"ltp":1.59,"id":26354921}]}]}
{"op":"mcm","clk":"11870231509","pt":1723915995091,"mc":[{"id":"1.231859758","rc":[{"ltp":2.6,"id":26354926},{"ltp":1.64,"id":26354921}]}]}
{"op":"mcm","clk":"11870241810","pt":1723916055152,"mc":[{"id":"1.231859758","rc":[{"ltp":1.62,"id":26354921}]}]}
{"op":"mcm","clk":"11870252156","pt":1723916115120,"mc":[{"id":"1.231859758","rc":[{"ltp":2.62,"id":26354926},{"ltp":1.61,"id":26354921}]}]}
{"op":"mcm","clk":"11870262592","pt":1723916175160,"mc":[{"id":"1.231859758","rc":[{"ltp":2.58,"id":26354926},{"ltp":1.63,"id":26354921}]}]}
{"op":"mcm","clk":"11870273640","pt":1723916235148,"mc":[{"id":"1.231859758","rc":[{"ltp":2.52,"id":26354926},{"ltp":1.65,"id":26354921}]}]}
{"op":"mcm","clk":"11870285441","pt":1723916295185,"mc":[{"id":"1.231859758","rc":[{"ltp":2.2,"id":26354926},{"ltp":1.82,"id":26354921}]}]}
{"op":"mcm","clk":"11870297484","pt":1723916355132,"mc":[{"id":"1.231859758","rc":[{"ltp":2.18,"id":26354926},{"ltp":1.86,"id":26354921}]}]}
{"op":"mcm","clk":"11870310090","pt":1723916415105,"mc":[{"id":"1.231859758","rc":[{"ltp":2.04,"id":26354926},{"ltp":1.95,"id":26354921}]}]}
{"op":"mcm","clk":"11870323128","pt":1723916475097,"mc":[{"id":"1.231859758","rc":[{"ltp":2.08,"id":26354926},{"ltp":1.92,"id":26354921}]}]}
{"op":"mcm","clk":"11870335739","pt":1723916535098,"mc":[{"id":"1.231859758","rc":[{"ltp":2.12,"id":26354926},{"ltp":1.88,"id":26354921}]}]}
{"op":"mcm","clk":"11870346409","pt":1723916595073,"mc":[{"id":"1.231859758","rc":[{"ltp":2.16,"id":26354926},{"ltp":1.86,"id":26354921}]}]}
{"op":"mcm","clk":"11870357513","pt":1723916655017,"mc":[{"id":"1.231859758","rc":[{"ltp":2.22,"id":26354926},{"ltp":1.81,"id":26354921}]}]}
{"op":"mcm","clk":"11870368348","pt":1723916715085,"mc":[{"id":"1.231859758","rc":[{"ltp":2.6,"id":26354926},{"ltp":1.63,"id":26354921}]}]}
{"op":"mcm","clk":"11870379945","pt":1723916775157,"mc":[{"id":"1.231859758","rc":[{"ltp":2.44,"id":26354926},{"ltp":1.7,"id":26354921}]}]}
{"op":"mcm","clk":"11870391158","pt":1723916835172,"mc":[{"id":"1.231859758","rc":[{"ltp":2.46,"id":26354926},{"ltp":1.68,"id":26354921}]}]}
{"op":"mcm","clk":"11870401687","pt":1723916894978,"mc":[{"id":"1.231859758","rc":[{"ltp":2.72,"id":26354926},{"ltp":1.58,"id":26354921}]}]}
{"op":"mcm","clk":"11870411390","pt":1723916955143,"mc":[{"id":"1.231859758","rc":[{"ltp":2.44,"id":26354926},{"ltp":1.72,"id":26354921}]}]}
{"op":"mcm","clk":"11870422049","pt":1723917014983,"mc":[{"id":"1.231859758","rc":[{"ltp":1.7,"id":26354921}]}]}
{"op":"mcm","clk":"11870432863","pt":1723917075045,"mc":[{"id":"1.231859758","rc":[{"ltp":2.46,"id":26354926},{"ltp":1.69,"id":26354921}]}]}
{"op":"mcm","clk":"11870444365","pt":1723917135118,"mc":[{"id":"1.231859758","rc":[{"ltp":2.34,"id":26354926},{"ltp":1.74,"id":26354921}]}]}
{"op":"mcm","clk":"11870455736","pt":1723917195125,"mc":[{"id":"1.231859758","rc":[{"ltp":2.74,"id":26354926},{"ltp":1.57,"id":26354921}]}]}
{"op":"mcm","clk":"11870466991","pt":1723917255027,"mc":[{"id":"1.231859758","rc":[{"ltp":1.58,"id":26354921}]}]}
{"op":"mcm","clk":"11870478284","pt":1723917315093,"mc":[{"id":"1.231859758","rc":[{"ltp":2.84,"id":26354926},{"ltp":1.54,"id":26354921}]}]}
{"op":"mcm","clk":"11870489948","pt":1723917375158,"mc":[{"id":"1.231859758","rc":[{"ltp":2.96,"id":26354926},{"ltp":1.51,"id":26354921}]}]}
{"op":"mcm","clk":"11870501195","pt":1723917435097,"mc":[{"id":"1.231859758","rc":[{"ltp":3.1,"id":26354926},{"ltp":1.49,"id":26354921}]}]}
{"op":"mcm","clk":"11870512641","pt":1723917494808,"mc":[{"id":"1.231859758","rc":[{"ltp":3.0,"id":26354926},{"ltp":1.5,"id":26354921}]}]}
{"op":"mcm","clk":"11870524396","pt":1723917555171,"mc":[{"id":"1.231859758","rc":[{"ltp":3.75,"id":26354926},{"ltp":1.36,"id":26354921}]}]}
{"op":"mcm","clk":"11870536076","pt":1723917615175,"mc":[{"id":"1.231859758","rc":[{"ltp":3.35,"id":26354926},{"ltp":1.42,"id":26354921}]}]}
{"op":"mcm","clk":"11870548452","pt":1723917675155,"mc":[{"id":"1.231859758","rc":[{"ltp":3.55,"id":26354926},{"ltp":1.39,"id":26354921}]}]}
{"op":"mcm","clk":"11870560457","pt":1723917735105,"mc":[{"id":"1.231859758","rc":[{"ltp":3.05,"id":26354926},{"ltp":1.49,"id":26354921}]}]}
{"op":"mcm","clk":"11870572601","pt":1723917795114,"mc":[{"id":"1.231859758","rc":[{"ltp":3.7,"id":26354926},{"ltp":1.37,"id":26354921}]}]}
{"op":"mcm","clk":"11870585297","pt":1723917855010,"mc":[{"id":"1.231859758","rc":[{"ltp":3.45,"id":26354926},{"ltp":1.4,"id":26354921}]}]}
{"op":"mcm","clk":"11870598483","pt":1723917915097,"mc":[{"id":"1.231859758","rc":[{"ltp":3.6,"id":26354926},{"ltp":1.38,"id":26354921}]}]}
{"op":"mcm","clk":"11870611787","pt":1723917974843,"mc":[{"id":"1.231859758","rc":[{"ltp":3.7,"id":26354926}]}]}
{"op":"mcm","clk":"11870625454","pt":1723918035064,"mc":[{"id":"1.231859758","rc":[{"ltp":3.65,"id":26354926},{"ltp":1.37,"id":26354921}]}]}
{"op":"mcm","clk":"11870639126","pt":1723918095028,"mc":[{"id":"1.231859758","rc":[{"ltp":3.75,"id":26354926},{"ltp":1.36,"id":26354921}]}]}
{"op":"mcm","clk":"11870652521","pt":1723918155092,"mc":[{"id":"1.231859758","rc":[{"ltp":4.2,"id":26354926},{"ltp":1.31,"id":26354921}]}]}
{"op":"mcm","clk":"11870666583","pt":1723918215161,"mc":[{"id":"1.231859758","rc":[{"ltp":4.3,"id":26354926},{"ltp":1.3,"id":26354921}]}]}
{"op":"mcm","clk":"11870680366","pt":1723918275161,"mc":[{"id":"1.231859758","rc":[{"ltp":5.1,"id":26354926},{"ltp":1.24,"id":26354921}]}]}
{"op":"mcm","clk":"11870694634","pt":1723918335145,"mc":[{"id":"1.231859758","rc":[{"ltp":5.0,"id":26354926},{"ltp":1.25,"id":26354921}]}]}
{"op":"mcm","clk":"11870721425","pt":1723918395077,"mc":[{"id":"1.231859758","rc":[{"ltp":3.75,"id":26354926},{"ltp":1.38,"id":26354921}]}]}
{"op":"mcm","clk":"11870735736","pt":1723918455165,"mc":[{"id":"1.231859758","rc":[{"ltp":3.7,"id":26354926},{"ltp":1.37,"id":26354921}]}]}
{"op":"mcm","clk":"11870749746","pt":1723918515131,"mc":[{"id":"1.231859758","rc":[{"ltp":3.5,"id":26354926},{"ltp":1.39,"id":26354921}]}]}
{"op":"mcm","clk":"11870763792","pt":1723918575137,"mc":[{"id":"1.231859758","rc":[{"ltp":3.45,"id":26354926},{"ltp":1.41,"id":26354921}]}]}
{"op":"mcm","clk":"11870777131","pt":1723918635059,"mc":[{"id":"1.231859758","rc":[{"ltp":1.4,"id":26354921}]}]}
{"op":"mcm","clk":"11870790318","pt":1723918694885,"mc":[{"id":"1.231859758","rc":[{"ltp":3.5,"id":26354926}]}]}
{"op":"mcm","clk":"11870815425","pt":1723918815155,"mc":[{"id":"1.231859758","rc":[{"ltp":3.55,"id":26354926},{"ltp":1.39,"id":26354921}]}]}
{"op":"mcm","clk":"11870827522","pt":1723918875147,"mc":[{"id":"1.231859758","rc":[{"ltp":3.5,"id":26354926}]}]}
{"op":"mcm","clk":"11870839322","pt":1723918934997,"mc":[{"id":"1.231859758","rc":[{"ltp":3.55,"id":26354926},{"ltp":1.4,"id":26354921}]}]}
{"op":"mcm","clk":"11870851041","pt":1723918994694,"mc":[{"id":"1.231859758","rc":[{"ltp":1.39,"id":26354921}]}]}
{"op":"mcm","clk":"11870862851","pt":1723919055029,"mc":[{"id":"1.231859758","rc":[{"ltp":3.45,"id":26354926},{"ltp":1.4,"id":26354921}]}]}
{"op":"mcm","clk":"11870874608","pt":1723919114907,"mc":[{"id":"1.231859758","rc":[{"ltp":1.41,"id":26354921}]}]}
{"op":"mcm","clk":"11870886197","pt":1723919175089,"mc":[{"id":"1.231859758","rc":[{"ltp":3.35,"id":26354926},{"ltp":1.42,"id":26354921}]}]}
{"op":"mcm","clk":"11870897784","pt":1723919235168,"mc":[{"id":"1.231859758","rc":[{"ltp":3.45,"id":26354926},{"ltp":1.4,"id":26354921}]}]}
{"op":"mcm","clk":"11870909668","pt":1723919294943,"mc":[{"id":"1.231859758","rc":[{"ltp":3.4,"id":26354926},{"ltp":1.42,"id":26354921}]}]}
{"op":"mcm","clk":"11870935041","pt":1723919415042,"mc":[{"id":"1.231859758","rc":[{"ltp":3.25,"id":26354926},{"ltp":1.44,"id":26354921}]}]}
{"op":"mcm","clk":"11870948664","pt":1723919475076,"mc":[{"id":"1.231859758","rc":[{"ltp":3.05,"id":26354926},{"ltp":1.48,"id":26354921}]}]}
{"op":"mcm","clk":"11870961624","pt":1723919535148,"mc":[{"id":"1.231859758","rc":[{"ltp":3.0,"id":26354926},{"ltp":1.49,"id":26354921}]}]}
{"op":"mcm","clk":"11870975677","pt":1723919595088,"mc":[{"id":"1.231859758","rc":[{"ltp":3.55,"id":26354926},{"ltp":1.39,"id":26354921}]}]}
{"op":"mcm","clk":"11870988603","pt":1723919655069,"mc":[{"id":"1.231859758","rc":[{"ltp":3.15,"id":26354926},{"ltp":1.44,"id":26354921}]}]}
{"op":"mcm","clk":"11871001693","pt":1723919715000,"mc":[{"id":"1.231859758","rc":[{"ltp":3.2,"id":26354926},{"ltp":1.46,"id":26354921}]}]}
{"op":"mcm","clk":"11871014074","pt":1723919775083,"mc":[{"id":"1.231859758","rc":[{"ltp":3.05,"id":26354926},{"ltp":1.49,"id":26354921}]}]}
{"op":"mcm","clk":"11871027467","pt":1723919835109,"mc":[{"id":"1.231859758","rc":[{"ltp":2.5,"id":26354926},{"ltp":1.67,"id":26354921}]}]}
{"op":"mcm","clk":"11871040871","pt":1723919895110,"mc":[{"id":"1.231859758","rc":[{"ltp":2.22,"id":26354926},{"ltp":1.8,"id":26354921}]}]}
{"op":"mcm","clk":"11871054964","pt":1723919955145,"mc":[{"id":"1.231859758","rc":[{"ltp":2.1,"id":26354926},{"ltp":1.91,"id":26354921}]}]}
{"op":"mcm","clk":"11871068822","pt":1723920015183,"mc":[{"id":"1.231859758","rc":[{"ltp":2.06,"id":26354926},{"ltp":1.96,"id":26354921}]}]}
{"op":"mcm","clk":"11871082574","pt":1723920075168,"mc":[{"id":"1.231859758","rc":[{"ltp":2.3,"id":26354926},{"ltp":1.76,"id":26354921}]}]}
{"op":"mcm","clk":"11871096224","pt":1723920135133,"mc":[{"id":"1.231859758","rc":[{"ltp":2.34,"id":26354926},{"ltp":1.74,"id":26354921}]}]}
{"op":"mcm","clk":"11871109752","pt":1723920195159,"mc":[{"id":"1.231859758","rc":[{"ltp":2.24,"id":26354926},{"ltp":1.81,"id":26354921}]}]}
{"op":"mcm","clk":"11871123802","pt":1723920255147,"mc":[{"id":"1.231859758","rc":[{"ltp":2.48,"id":26354926},{"ltp":1.67,"id":26354921}]}]}
{"op":"mcm","clk":"11871138279","pt":1723920315143,"mc":[{"id":"1.231859758","rc":[{"ltp":2.96,"id":26354926},{"ltp":1.51,"id":26354921}]}]}
{"op":"mcm","clk":"11871152857","pt":1723920375136,"mc":[{"id":"1.231859758","rc":[{"ltp":2.88,"id":26354926},{"ltp":1.54,"id":26354921}]}]}
{"op":"mcm","clk":"11871167225","pt":1723920435124,"mc":[{"id":"1.231859758","rc":[{"ltp":2.66,"id":26354926},{"ltp":1.59,"id":26354921}]}]}
{"op":"mcm","clk":"11871181682","pt":1723920495098,"mc":[{"id":"1.231859758","rc":[{"ltp":2.6,"id":26354926},{"ltp":1.63,"id":26354921}]}]}
{"op":"mcm","clk":"11871195814","pt":1723920555058,"mc":[{"id":"1.231859758","rc":[{"ltp":1.81,"id":26354926},{"ltp":2.22,"id":26354921}]}]}
{"op":"mcm","clk":"11871208828","pt":1723920615090,"mc":[{"id":"1.231859758","rc":[{"ltp":1.79,"id":26354926},{"ltp":2.26,"id":26354921}]}]}
{"op":"mcm","clk":"11871221380","pt":1723920675170,"mc":[{"id":"1.231859758","rc":[{"ltp":1.72,"id":26354926},{"ltp":2.36,"id":26354921}]}]}
{"op":"mcm","clk":"11871233581","pt":1723920735141,"mc":[{"id":"1.231859758","rc":[{"ltp":1.92,"id":26354926},{"ltp":2.08,"id":26354921}]}]}
{"op":"mcm","clk":"11871244838","pt":1723920795141,"mc":[{"id":"1.231859758","rc":[{"ltp":1.9,"id":26354926},{"ltp":2.12,"id":26354921}]}]}
{"op":"mcm","clk":"11871256601","pt":1723920855121,"mc":[{"id":"1.231859758","rc":[{"ltp":1.83,"id":26354926},{"ltp":2.18,"id":26354921}]}]}
{"op":"mcm","clk":"11871268668","pt":1723920915116,"mc":[{"id":"1.231859758","rc":[{"ltp":1.79,"id":26354926},{"ltp":2.26,"id":26354921}]}]}
{"op":"mcm","clk":"11871281008","pt":1723920975178,"mc":[{"id":"1.231859758","rc":[{"ltp":1.74,"id":26354926},{"ltp":2.32,"id":26354921}]}]}
{"op":"mcm","clk":"11871292844","pt":1723921035119,"mc":[{"id":"1.231859758","rc":[{"ltp":2.34,"id":26354921}]}]}
{"op":"mcm","clk":"11871304069","pt":1723921094901,"mc":[{"id":"1.231859758","rc":[{"ltp":1.75,"id":26354926},{"ltp":2.32,"id":26354921}]}]}
{"op":"mcm","clk":"11871316000","pt":1723921155172,"mc":[{"id":"1.231859758","rc":[{"ltp":1.81,"id":26354926},{"ltp":2.2,"id":26354921}]}]}
{"op":"mcm","clk":"11871327617","pt":1723921215115,"mc":[{"id":"1.231859758","rc":[{"ltp":2.22,"id":26354921}]}]}
{"op":"mcm","clk":"11871339864","pt":1723921275088,"mc":[{"id":"1.231859758","rc":[{"ltp":1.92,"id":26354926},{"ltp":2.1,"id":26354921}]}]}
{"op":"mcm","clk":"11871352039","pt":1723921335163,"mc":[{"id":"1.231859758","rc":[{"ltp":1.9,"id":26354926}]}]}
{"op":"mcm","clk":"11871364672","pt":1723921395119,"mc":[{"id":"1.231859758","rc":[{"ltp":1.38,"id":26354926},{"ltp":3.5,"id":26354921}]}]}
{"op":"mcm","clk":"11871377486","pt":1723921455165,"mc":[{"id":"1.231859758","rc":[{"ltp":1.41,"id":26354926},{"ltp":3.4,"id":26354921}]}]}
{"op":"mcm","clk":"11871390925","pt":1723921515172,"mc":[{"id":"1.231859758","rc":[{"ltp":1.37,"id":26354926},{"ltp":3.7,"id":26354921}]}]}
{"op":"mcm","clk":"11871404877","pt":1723921575130,"mc":[{"id":"1.231859758","rc":[{"ltp":1.45,"id":26354926},{"ltp":3.2,"id":26354921}]}]}
{"op":"mcm","clk":"11871419221","pt":1723921635165,"mc":[{"id":"1.231859758","rc":[{"ltp":1.49,"id":26354926},{"ltp":3.0,"id":26354921}]}]}
{"op":"mcm","clk":"11871432980","pt":1723921695112,"mc":[{"id":"1.231859758","rc":[{"ltp":1.54,"id":26354926},{"ltp":2.84,"id":26354921}]}]}
{"op":"mcm","clk":"11871446417","pt":1723921755101,"mc":[{"id":"1.231859758","rc":[{"ltp":1.5,"id":26354926},{"ltp":3.0,"id":26354921}]}]}
{"op":"mcm","clk":"11871460558","pt":1723921815185,"mc":[{"id":"1.231859758","rc":[{"ltp":1.79,"id":26354926},{"ltp":2.26,"id":26354921}]}]}
{"op":"mcm","clk":"11871475049","pt":1723921875101,"mc":[{"id":"1.231859758","rc":[{"ltp":2.22,"id":26354926},{"ltp":1.81,"id":26354921}]}]}
{"op":"mcm","clk":"11871489865","pt":1723921935177,"mc":[{"id":"1.231859758","rc":[{"ltp":2.28,"id":26354926},{"ltp":1.77,"id":26354921}]}]}
{"op":"mcm","clk":"11871504678","pt":1723921995127,"mc":[{"id":"1.231859758","rc":[{"ltp":2.22,"id":26354926},{"ltp":1.81,"id":26354921}]}]}
{"op":"mcm","clk":"11871518173","pt":1723922055154,"mc":[{"id":"1.231859758","rc":[{"ltp":3.05,"id":26354926},{"ltp":1.48,"id":26354921}]}]}
{"op":"mcm","clk":"11871531592","pt":1723922115172,"mc":[{"id":"1.231859758","rc":[{"ltp":2.74,"id":26354926},{"ltp":1.58,"id":26354921}]}]}
{"op":"mcm","clk":"11871544909","pt":1723922175092,"mc":[{"id":"1.231859758","rc":[{"ltp":2.72,"id":26354926}]}]}
{"op":"mcm","clk":"11871558650","pt":1723922235185,"mc":[{"id":"1.231859758","rc":[{"ltp":4.1,"id":26354926},{"ltp":1.34,"id":26354921}]}]}
{"op":"mcm","clk":"11871571895","pt":1723922295157,"mc":[{"id":"1.231859758","rc":[{"ltp":3.9,"id":26354926}]}]}
{"op":"mcm","clk":"11871585258","pt":1723922355165,"mc":[{"id":"1.231859758","rc":[{"ltp":6.8,"id":26354926},{"ltp":1.18,"id":26354921}]}]}
{"op":"mcm","clk":"11871598743","pt":1723922415115,"mc":[{"id":"1.231859758","rc":[{"ltp":1.17,"id":26354921}]}]}
{"op":"mcm","clk":"11871636562","pt":1723922595092,"mc":[{"id":"1.231859758","rc":[{"ltp":4.1,"id":26354926},{"ltp":1.34,"id":26354921}]}]}
{"op":"mcm","clk":"11871648887","pt":1723922655081,"mc":[{"id":"1.231859758","rc":[{"ltp":3.75,"id":26354926},{"ltp":1.37,"id":26354921}]}]}
{"op":"mcm","clk":"11871660088","pt":1723922715141,"mc":[{"id":"1.231859758","rc":[{"ltp":3.9,"id":26354926},{"ltp":1.33,"id":26354921}]}]}
{"op":"mcm","clk":"11871671109","pt":1723922775181,"mc":[{"id":"1.231859758","rc":[{"ltp":3.2,"id":26354926},{"ltp":1.43,"id":26354921}]}]}
{"op":"mcm","clk":"11871681331","pt":1723922835153,"mc":[{"id":"1.231859758","rc":[{"ltp":3.35,"id":26354926}]}]}
{"op":"mcm","clk":"11871691637","pt":1723922895042,"mc":[{"id":"1.231859758","rc":[{"ltp":3.3,"id":26354926},{"ltp":1.42,"id":26354921}]}]}
{"op":"mcm","clk":"11871701974","pt":1723922955142,"mc":[{"id":"1.231859758","rc":[{"ltp":2.66,"id":26354926},{"ltp":1.59,"id":26354921}]}]}
{"op":"mcm","clk":"11871712900","pt":1723923015100,"mc":[{"id":"1.231859758","rc":[{"ltp":2.82,"id":26354926},{"ltp":1.55,"id":26354921}]}]}
{"op":"mcm","clk":"11871724006","pt":1723923075164,"mc":[{"id":"1.231859758","rc":[{"ltp":3.1,"id":26354926},{"ltp":1.48,"id":26354921}]}]}
{"op":"mcm","clk":"11871735200","pt":1723923135112,"mc":[{"id":"1.231859758","rc":[{"ltp":2.3,"id":26354926},{"ltp":1.78,"id":26354921}]}]}
{"op":"mcm","clk":"11871746191","pt":1723923195101,"mc":[{"id":"1.231859758","rc":[{"ltp":2.32,"id":26354926},{"ltp":1.75,"id":26354921}]}]}
{"op":"mcm","clk":"11871756470","pt":1723923255169,"mc":[{"id":"1.231859758","rc":[{"ltp":2.16,"id":26354926},{"ltp":1.89,"id":26354921}]}]}
{"op":"mcm","clk":"11871767023","pt":1723923315155,"mc":[{"id":"1.231859758","rc":[{"ltp":1.97,"id":26354926},{"ltp":2.02,"id":26354921}]}]}
{"op":"mcm","clk":"11871777791","pt":1723923375183,"mc":[{"id":"1.231859758","rc":[{"ltp":3.0,"id":26354926},{"ltp":1.5,"id":26354921}]}]}
{"op":"mcm","clk":"11871789351","pt":1723923435130,"mc":[{"id":"1.231859758","rc":[{"ltp":2.92,"id":26354926},{"ltp":1.52,"id":26354921}]}]}
{"op":"mcm","clk":"11871801313","pt":1723923495155,"mc":[{"id":"1.231859758","rc":[{"ltp":2.72,"id":26354926},{"ltp":1.58,"id":26354921}]}]}
{"op":"mcm","clk":"11871813568","pt":1723923555131,"mc":[{"id":"1.231859758","rc":[{"ltp":1.68,"id":26354926},{"ltp":2.46,"id":26354921}]}]}
{"op":"mcm","clk":"11871825598","pt":1723923615113,"mc":[{"id":"1.231859758","rc":[{"ltp":1.54,"id":26354926},{"ltp":2.84,"id":26354921}]}]}
{"op":"mcm","clk":"11871837767","pt":1723923675084,"mc":[{"id":"1.231859758","rc":[{"ltp":1.8,"id":26354926},{"ltp":2.3,"id":26354921}]}]}
{"op":"mcm","clk":"11871848400","pt":1723923735107,"mc":[{"id":"1.231859758","rc":[{"ltp":2.24,"id":26354921}]}]}
{"op":"mcm","clk":"11871871361","pt":1723923795099,"mc":[{"id":"1.231859758","rc":[{"ltp":34.0,"id":26354926},{"ltp":1.03,"id":26354921}]}]}
{"op":"mcm","clk":"11871881875","pt":1723923855087,"mc":[{"id":"1.231859758","rc":[{"ltp":21.0,"id":26354926},{"ltp":1.05,"id":26354921}]}]}
{"op":"mcm","clk":"11871892405","pt":1723923915122,"mc":[{"id":"1.231859758","rc":[{"ltp":5.1,"id":26354926},{"ltp":1.24,"id":26354921}]}]}
{"op":"mcm","clk":"11871902802","pt":1723923975104,"mc":[{"id":"1.231859758","rc":[{"ltp":3.1,"id":26354926},{"ltp":1.48,"id":26354921}]}]}
{"op":"mcm","clk":"11871913952","pt":1723924035157,"mc":[{"id":"1.231859758","rc":[{"ltp":2.78,"id":26354926},{"ltp":1.54,"id":26354921}]}]}
{"op":"mcm","clk":"11871924648","pt":1723924095177,"mc":[{"id":"1.231859758","rc":[{"ltp":3.15,"id":26354926},{"ltp":1.46,"id":26354921}]}]}
{"op":"mcm","clk":"11871933545","pt":1723924150689,"mc":[{"id":"1.231859758","marketDefinition":{"bspMarket":false,"turnInPlayEnabled":true,"persistenceEnabled":true,"marketBaseRate":5.0,"eventId":"33498595","eventTypeId":"4","numberOfWinners":1,"bettingType":"ODDS","marketType":"MATCH_ODDS","marketTime":"2024-08-17T17:00:00.000Z","suspendTime":"2024-08-17T17:00:00.000Z","bspReconciled":false,"complete":true,"inPlay":true,"crossMatching":true,"runnersVoidable":false,"numberOfActiveRunners":2,"betDelay":5,"status":"SUSPENDED","runners":[{"status":"ACTIVE","sortPriority":1,"id":26354921,"name":"Birmingham Phoenix"},{"status":"ACTIVE","sortPriority":2,"id":26354926,"name":"Southern Brave"}],"regulators":["MR_INT"],"countryCode":"GB","discountAllowed":true,"timezone":"GMT","openDate":"2024-08-17T17:00:00.000Z","version":6081690183,"name":"Match Odds","eventName":"Birmingham Phoenix v Southern Brave"},"rc":[{"ltp":3.25,"id":26354926}]}]}
{"op":"mcm","clk":"11872005650","pt":1723924635045,"mc":[{"id":"1.231859758","marketDefinition":{"bspMarket":false,"turnInPlayEnabled":true,"persistenceEnabled":true,"marketBaseRate":5.0,"eventId":"33498595","eventTypeId":"4","numberOfWinners":1,"bettingType":"ODDS","marketType":"MATCH_ODDS","marketTime":"2024-08-17T17:00:00.000Z","suspendTime":"2024-08-17T17:00:00.000Z","bspReconciled":false,"complete":true,"inPlay":true,"crossMatching":false,"runnersVoidable":false,"numberOfActiveRunners":0,"betDelay":5,"status":"CLOSED","settledTime":"2024-08-17T19:55:00.000Z","runners":[{"status":"REMOVED","sortPriority":1,"removalDate":"2024-08-17T19:55:00.000Z","id":26354921,"name":"Birmingham Phoenix"},{"status":"REMOVED","sortPriority":2,"removalDate":"2024-08-17T19:55:00.000Z","id":26354926,"name":"Southern Brave"}],"regulators":["MR_INT"],"countryCode":"GB","discountAllowed":true,"timezone":"GMT","openDate":"2024-08-17T17:00:00.000Z","version":6081724866,"name":"Match Odds","eventName":"Birmingham Phoenix v Southern Brave"}}]}
