{"op":"mcm","clk":"11838808223","pt":1723195769174,"mc":[{"id":"1.231615492","marketDefinition":{"bspMarket":false,"turnInPlayEnabled":true,"persistenceEnabled":true,"marketBaseRate":5.0,"eventId":"33480308","eventTypeId":"4","numberOfWinners":1,"bettingType":"ODDS","marketType":"MATCH_ODDS","marketTime":"2024-08-11T13:30:00.000Z","suspendTime":"2024-08-11T13:30:00.000Z","bspReconciled":false,"complete":true,"inPlay":false,"crossMatching":true,"runnersVoidable":false,"numberOfActiveRunners":2,"betDelay":0,"status":"OPEN","runners":[{"status":"ACTIVE","sortPriority":1,"id":40296818,"name":"Manchester Originals W"},{"status":"ACTIVE","sortPriority":2,"id":40380900,"name":"Northern Superchargers W"}],"regulators":["MR_INT"],"countryCode":"GB","discountAllowed":true,"timezone":"GMT","openDate":"2024-08-11T13:30:00.000Z","version":6062875819,"name":"Match Odds","eventName":"Manchester Originals W v Northern Superchargers W "}}]}
{"op":"mcm","clk":"11844047561","pt":1723242806172,"mc":[{"id":"1.231615492","rc":[{"ltp":1.4,"id":40296818}]}]}
{"op":"mcm","clk":"11844053813","pt":1723242918537,"mc":[{"id":"1.231615492","rc":[{"ltp":1.4,"id":40380900}]}]}
{"op":"mcm","clk":"11846292569","pt":1723277505323,"mc":[{"id":"1.231615492","rc":[{"ltp":1.6,"id":40380900},{"ltp":1.89,"id":40296818}]}]}
{"op":"mcm","clk":"11846318521","pt":1723277609671,"mc":[{"id":"1.231615492","rc":[{"ltp":1.91,"id":40296818}]}]}
{"op":"mcm","clk":"11846333646","pt":1723277771323,"mc":[{"id":"1.231615492","rc":[{"ltp":1.93,"id":40296818}]}]}
{"op":"mcm","clk":"11846351547","pt":1723277963553,"mc":[{"id":"1.231615492","rc":[{"ltp":1.61,"id":40380900}]}]}
{"op":"mcm","clk":"11846356903","pt":1723278020811,"mc":[{"id":"1.231615492","rc":[{"ltp":1.94,"id":40296818}]}]}
{"op":"mcm","clk":"11846375647","pt":1723278250363,"mc":[{"id":"1.231615492","rc":[{"ltp":1.97,"id":40296818}]}]}
{"op":"mcm","clk":"11846378666","pt":1723278291372,"mc":[{"id":"1.231615492","rc":[{"ltp":1.64,"id":40380900}]}]}
{"op":"mcm","clk":"11846600167","pt":1723280607041,"mc":[{"id":"1.231615492","rc":[{"ltp":2.56,"id":40296818}]}]}
{"op":"mcm","clk":"11846606405","pt":1723280663615,"mc":[{"id":"1.231615492","rc":[{"ltp":2.14,"id":40380900},{"ltp":1.82,"id":40296818}]}]}
{"op":"mcm","clk":"11846619344","pt":1723280783846,"mc":[{"id":"1.231615492","rc":[{"ltp":2.74,"id":40296818}]}]}
{"op":"mcm","clk":"11846930925","pt":1723283113070,"mc":[{"id":"1.231615492","rc":[{"ltp":1.72,"id":40380900},{"ltp":2.38,"id":40296818}]}]}
{"op":"mcm","clk":"11846999970","pt":1723283665002,"mc":[{"id":"1.231615492","rc":[{"ltp":1.99,"id":40380900}]}]}
{"op":"mcm","clk":"11847046983","pt":1723284014084,"mc":[{"id":"1.231615492","rc":[{"ltp":1.74,"id":40380900}]}]}
{"op":"mcm","clk":"11847160979","pt":1723284734493,"mc":[{"id":"1.231615492","rc":[{"ltp":1.97,"id":40380900}]}]}
{"op":"mcm","clk":"11847172252","pt":1723284803342,"mc":[{"id":"1.231615492","rc":[{"ltp":2.52,"id":40296818}]}]}
{"op":"mcm","clk":"11847191890","pt":1723284924687,"mc":[{"id":"1.231615492","rc":[{"ltp":1.98,"id":40380900}]}]}
{"op":"mcm","clk":"11847215626","pt":1723285073481,"mc":[{"id":"1.231615492","rc":[{"ltp":2.5,"id":40296818}]}]}
{"op":"mcm","clk":"11847228753","pt":1723285163081,"mc":[{"id":"1.231615492","rc":[{"ltp":1.67,"id":40380900}]}]}
{"op":"mcm","clk":"11850413846","pt":1723302199085,"mc":[{"id":"1.231615492","rc":[{"ltp":1.87,"id":40380900}]}]}
{"op":"mcm","clk":"11851789982","pt":1723308564460,"mc":[{"id":"1.231615492","rc":[{"ltp":1.84,"id":40380900},{"ltp":2.34,"id":40296818}]}]}
{"op":"mcm","clk":"11851812236","pt":1723308677787,"mc":[{"id":"1.231615492","rc":[{"ltp":1.73,"id":40380900},{"ltp":2.36,"id":40296818}]}]}
{"op":"mcm","clk":"11851823942","pt":1723308740269,"mc":[{"id":"1.231615492","rc":[{"ltp":1.75,"id":40380900},{"ltp":2.34,"id":40296818}]}]}
{"op":"mcm","clk":"11851829276","pt":1723308769927,"mc":[{"id":"1.231615492","rc":[{"ltp":1.84,"id":40380900}]}]}
{"op":"mcm","clk":"11851872136","pt":1723308984427,"mc":[{"id":"1.231615492","rc":[{"ltp":1.81,"id":40380900},{"ltp":2.22,"id":40296818}]}]}
{"op":"mcm","clk":"11851894106","pt":1723309103830,"mc":[{"id":"1.231615492","rc":[{"ltp":1.83,"id":40380900},{"ltp":2.2,"id":40296818}]}]}
{"op":"mcm","clk":"11851903855","pt":1723309158911,"mc":[{"id":"1.231615492","rc":[{"ltp":1.73,"id":40380900},{"ltp":2.22,"id":40296818}]}]}
{"op":"mcm","clk":"11851914689","pt":1723309218878,"mc":[{"id":"1.231615492","rc":[{"ltp":1.83,"id":40380900},{"ltp":2.2,"id":40296818}]}]}
{"op":"mcm","clk":"11851919818","pt":1723309245695,"mc":[{"id":"1.231615492","rc":[{"ltp":1.73,"id":40380900}]}]}
{"op":"mcm","clk":"11852742526","pt":1723313419695,"mc":[{"id":"1.231615492","rc":[{"ltp":2.22,"id":40296818}]}]}
{"op":"mcm","clk":"11852756108","pt":1723313485200,"mc":[{"id":"1.231615492","rc":[{"ltp":1.74,"id":40380900}]}]}
{"op":"mcm","clk":"11852767225","pt":1723313545009,"mc":[{"id":"1.231615492","rc":[{"ltp":1.82,"id":40380900},{"ltp":2.24,"id":40296818}]}]}
{"op":"mcm","clk":"11852776811","pt":1723313601163,"mc":[{"id":"1.231615492","rc":[{"ltp":1.81,"id":40380900}]}]}
{"op":"mcm","clk":"11852786403","pt":1723313658351,"mc":[{"id":"1.231615492","rc":[{"ltp":1.74,"id":40380900}]}]}
{"op":"mcm","clk":"11852798271","pt":1723313725383,"mc":[{"id":"1.231615492","rc":[{"ltp":1.73,"id":40380900}]}]}
{"op":"mcm","clk":"11854201640","pt":1723322364002,"mc":[{"id":"1.231615492","rc":[{"ltp":1.79,"id":40380900}]}]}
{"op":"mcm","clk":"11855737454","pt":1723342886261,"mc":[{"id":"1.231615492","rc":[{"ltp":1.85,"id":40380900},{"ltp":2.18,"id":40296818}]}]}
{"op":"mcm","clk":"11855758625","pt":1723343186106,"mc":[{"id":"1.231615492","rc":[{"ltp":1.86,"id":40380900},{"ltp":2.16,"id":40296818}]}]}
{"op":"mcm","clk":"11855766789","pt":1723343304976,"mc":[{"id":"1.231615492","rc":[{"ltp":1.8,"id":40380900},{"ltp":2.24,"id":40296818}]}]}
{"op":"mcm","clk":"11855778791","pt":1723343485627,"mc":[{"id":"1.231615492","rc":[{"ltp":1.83,"id":40380900}]}]}
{"op":"mcm","clk":"11855807557","pt":1723343890457,"mc":[{"id":"1.231615492","rc":[{"ltp":2.2,"id":40296818}]}]}
{"op":"mcm","clk":"11855928341","pt":1723346198863,"mc":[{"id":"1.231615492","rc":[{"ltp":1.82,"id":40380900}]}]}
{"op":"mcm","clk":"11856092952","pt":1723349295631,"mc":[{"id":"1.231615492","rc":[{"ltp":1.8,"id":40380900},{"ltp":2.26,"id":40296818}]}]}
{"op":"mcm","clk":"11856096878","pt":1723349367084,"mc":[{"id":"1.231615492","rc":[{"ltp":1.81,"id":40380900}]}]}
{"op":"mcm","clk":"11856100225","pt":1723349426561,"mc":[{"id":"1.231615492","rc":[{"ltp":1.83,"id":40380900}]}]}
{"op":"mcm","clk":"11856102824","pt":1723349473254,"mc":[{"id":"1.231615492","rc":[{"ltp":1.85,"id":40380900},{"ltp":2.18,"id":40296818}]}]}
{"op":"mcm","clk":"11856109857","pt":1723349602764,"mc":[{"id":"1.231615492","rc":[{"ltp":1.86,"id":40380900}]}]}
{"op":"mcm","clk":"11856115327","pt":1723349709232,"mc":[{"id":"1.231615492","rc":[{"ltp":1.87,"id":40380900}]}]}
{"op":"mcm","clk":"11856120565","pt":1723349842051,"mc":[{"id":"1.231615492","rc":[{"ltp":1.8,"id":40380900}]}]}
{"op":"mcm","clk":"11856150143","pt":1723350470531,"mc":[{"id":"1.231615492","rc":[{"ltp":1.83,"id":40380900}]}]}
{"op":"mcm","clk":"11856192970","pt":1723351406971,"mc":[{"id":"1.231615492","rc":[{"ltp":1.84,"id":40380900}]}]}
{"op":"mcm","clk":"11856202425","pt":1723351633815,"mc":[{"id":"1.231615492","rc":[{"ltp":1.82,"id":40380900},{"ltp":2.22,"id":40296818}]}]}
{"op":"mcm","clk":"11856204993","pt":1723351694086,"mc":[{"id":"1.231615492","rc":[{"ltp":1.81,"id":40380900}]}]}
{"op":"mcm","clk":"11856207760","pt":1723351765366,"mc":[{"id":"1.231615492","rc":[{"ltp":1.82,"id":40380900}]}]}
{"op":"mcm","clk":"11856252488","pt":1723352782405,"mc":[{"id":"1.231615492","rc":[{"ltp":1.84,"id":40380900}]}]}
{"op":"mcm","clk":"11856298160","pt":1723353505474,"mc":[{"id":"1.231615492","rc":[{"ltp":1.85,"id":40380900}]}]}
{"op":"mcm","clk":"11856318031","pt":1723353915586,"mc":[{"id":"1.231615492","rc":[{"ltp":1.8,"id":40380900}]}]}
{"op":"mcm","clk":"11856475232","pt":1723357179516,"mc":[{"id":"1.231615492","rc":[{"ltp":1.86,"id":40380900}]}]}
{"op":"mcm","clk":"11856525243","pt":1723358239618,"mc":[{"id":"1.231615492","rc":[{"ltp":2.16,"id":40296818}]}]}
{"op":"mcm","clk":"11856640064","pt":1723360012018,"mc":[{"id":"1.231615492","rc":[{"ltp":2.14,"id":40296818}]}]}
{"op":"mcm","clk":"11856645424","pt":1723360086732,"mc":[{"id":"1.231615492","rc":[{"ltp":2.16,"id":40296818}]}]}
{"op":"mcm","clk":"11856706953","pt":1723361137506,"mc":[{"id":"1.231615492","rc":[{"ltp":1.85,"id":40380900}]}]}
{"op":"mcm","clk":"11856828502","pt":1723363127946,"mc":[{"id":"1.231615492","rc":[{"ltp":1.86,"id":40380900}]}]}
{"op":"mcm","clk":"11856874006","pt":1723363742824,"mc":[{"id":"1.231615492","rc":[{"ltp":1.85,"id":40380900}]}]}
{"op":"mcm","clk":"11857046693","pt":1723365671489,"mc":[{"id":"1.231615492","rc":[{"ltp":2.18,"id":40296818}]}]}
{"op":"mcm","clk":"11857096041","pt":1723366163305,"mc":[{"id":"1.231615492","rc":[{"ltp":1.84,"id":40380900}]}]}
{"op":"mcm","clk":"11857129070","pt":1723366508145,"mc":[{"id":"1.231615492","rc":[{"ltp":1.83,"id":40380900}]}]}
{"op":"mcm","clk":"11857261233","pt":1723367723301,"mc":[{"id":"1.231615492","rc":[{"ltp":2.2,"id":40296818}]}]}
{"op":"mcm","clk":"11857505169","pt":1723369924484,"mc":[{"id":"1.231615492","rc":[{"ltp":1.84,"id":40380900}]}]}
{"op":"mcm","clk":"11857538574","pt":1723370219028,"mc":[{"id":"1.231615492","rc":[{"ltp":2.18,"id":40296818}]}]}
{"op":"mcm","clk":"11857561639","pt":1723370436619,"mc":[{"id":"1.231615492","rc":[{"ltp":2.16,"id":40296818}]}]}
{"op":"mcm","clk":"11857813707","pt":1723372142346,"mc":[{"id":"1.231615492","rc":[{"ltp":2.18,"id":40296818}]}]}
{"op":"mcm","clk":"11857929791","pt":1723372965626,"mc":[{"id":"1.231615492","rc":[{"ltp":1.85,"id":40380900},{"ltp":2.16,"id":40296818}]}]}
{"op":"mcm","clk":"11857978676","pt":1723373304565,"mc":[{"id":"1.231615492","rc":[{"ltp":1.86,"id":40380900}]}]}
{"op":"mcm","clk":"11857985907","pt":1723373355863,"mc":[{"id":"1.231615492","rc":[{"ltp":1.85,"id":40380900}]}]}
{"op":"mcm","clk":"11858012024","pt":1723373544467,"mc":[{"id":"1.231615492","rc":[{"ltp":1.86,"id":40380900}]}]}
{"op":"mcm","clk":"11858077470","pt":1723374073180,"mc":[{"id":"1.231615492","rc":[{"ltp":1.87,"id":40380900}]}]}
{"op":"mcm","clk":"11858273826","pt":1723375445514,"mc":[{"id":"1.231615492","rc":[{"ltp":2.14,"id":40296818}]}]}
{"op":"mcm","clk":"11858308778","pt":1723375693415,"mc":[{"id":"1.231615492","rc":[{"ltp":1.88,"id":40380900}]}]}
{"op":"mcm","clk":"11858443460","pt":1723376605984,"mc":[{"id":"1.231615492","rc":[{"ltp":1.89,"id":40380900}]}]}
{"op":"mcm","clk":"11858479652","pt":1723376837063,"mc":[{"id":"1.231615492","rc":[{"ltp":1.87,"id":40380900}]}]}
{"op":"mcm","clk":"11858548455","pt":1723377355646,"mc":[{"id":"1.231615492","rc":[{"ltp":1.88,"id":40380900}]}]}
{"op":"mcm","clk":"11858656774","pt":1723378186125,"mc":[{"id":"1.231615492","rc":[{"ltp":2.12,"id":40296818}]}]}
{"op":"mcm","clk":"11858748520","pt":1723378945878,"mc":[{"id":"1.231615492","rc":[{"ltp":1.87,"id":40380900}]}]}
{"op":"mcm","clk":"11858775598","pt":1723379182517,"mc":[{"id":"1.231615492","rc":[{"ltp":1.88,"id":40380900}]}]}
{"op":"mcm","clk":"11858788576","pt":1723379301999,"mc":[{"id":"1.231615492","rc":[{"ltp":2.14,"id":40296818}]}]}
{"op":"mcm","clk":"11858808643","pt":1723379480179,"mc":[{"id":"1.231615492","rc":[{"ltp":1.87,"id":40380900}]}]}
{"op":"mcm","clk":"11858815515","pt":1723379540040,"mc":[{"id":"1.231615492","rc":[{"ltp":1.86,"id":40380900}]}]}
{"op":"mcm","clk":"11858837378","pt":1723379708320,"mc":[{"id":"1.231615492","rc":[{"ltp":2.16,"id":40296818}]}]}
{"op":"mcm","clk":"11858848500","pt":1723379785635,"mc":[{"id":"1.231615492","rc":[{"ltp":1.87,"id":40380900}]}]}
{"op":"mcm","clk":"11858865300","pt":1723379902979,"mc":[{"id":"1.231615492","rc":[{"ltp":1.86,"id":40380900}]}]}
{"op":"mcm","clk":"11858918656","pt":1723380202418,"mc":[{"id":"1.231615492","rc":[{"ltp":2.14,"id":40296818}]}]}
{"op":"mcm","clk":"11858936066","pt":1723380325986,"mc":[{"id":"1.231615492","rc":[{"ltp":2.16,"id":40296818}]}]}
{"op":"mcm","clk":"11858944007","pt":1723380386634,"mc":[{"id":"1.231615492","rc":[{"ltp":1.85,"id":40380900},{"ltp":2.18,"id":40296818}]}]}
{"op":"mcm","clk":"11858959464","pt":1723380504760,"mc":[{"id":"1.231615492","rc":[{"ltp":2.16,"id":40296818}]}]}
{"op":"mcm","clk":"11858973937","pt":1723380622561,"mc":[{"id":"1.231615492","rc":[{"ltp":1.86,"id":40380900}]}]}
{"op":"mcm","clk":"11858980621","pt":1723380683801,"mc":[{"id":"1.231615492","rc":[{"ltp":1.85,"id":40380900}]}]}
{"op":"mcm","clk":"11858987153","pt":1723380739187,"mc":[{"id":"1.231615492","rc":[{"ltp":1.86,"id":40380900}]}]}
{"op":"mcm","clk":"11859001664","pt":1723380864756,"mc":[{"id":"1.231615492","rc":[{"ltp":1.85,"id":40380900}]}]}
{"op":"mcm","clk":"11859021299","pt":1723381026388,"mc":[{"id":"1.231615492","rc":[{"ltp":1.84,"id":40380900}]}]}
{"op":"mcm","clk":"11859031392","pt":1723381106368,"mc":[{"id":"1.231615492","rc":[{"ltp":2.2,"id":40296818}]}]}
{"op":"mcm","clk":"11859038922","pt":1723381166973,"mc":[{"id":"1.231615492","rc":[{"ltp":1.83,"id":40380900}]}]}
{"op":"mcm","clk":"11859060956","pt":1723381338369,"mc":[{"id":"1.231615492","rc":[{"ltp":1.84,"id":40380900},{"ltp":2.28,"id":40296818}]}]}
{"op":"mcm","clk":"11859069201","pt":1723381406399,"mc":[{"id":"1.231615492","rc":[{"ltp":1.79,"id":40380900},{"ltp":2.26,"id":40296818}]}]}
{"op":"mcm","clk":"11859076459","pt":1723381466737,"mc":[{"id":"1.231615492","rc":[{"ltp":1.75,"id":40380900},{"ltp":2.28,"id":40296818}]}]}
{"op":"mcm","clk":"11859084182","pt":1723381527116,"mc":[{"id":"1.231615492","rc":[{"ltp":1.76,"id":40380900}]}]}
{"op":"mcm","clk":"11859091226","pt":1723381582798,"mc":[{"id":"1.231615492","rc":[{"ltp":1.77,"id":40380900}]}]}
{"op":"mcm","clk":"11859099339","pt":1723381643367,"mc":[{"id":"1.231615492","rc":[{"ltp":1.74,"id":40380900},{"ltp":2.36,"id":40296818}]}]}
{"op":"mcm","clk":"11859108036","pt":1723381707078,"mc":[{"id":"1.231615492","rc":[{"ltp":2.34,"id":40296818}]}]}
{"op":"mcm","clk":"11859115677","pt":1723381763363,"mc":[{"id":"1.231615492","rc":[{"ltp":1.76,"id":40380900},{"ltp":2.3,"id":40296818}]}]}
{"op":"mcm","clk":"11859124276","pt":1723381826898,"mc":[{"id":"1.231615492","rc":[{"ltp":1.78,"id":40380900},{"ltp":2.28,"id":40296818}]}]}
{"op":"mcm","clk":"11859132619","pt":1723381887161,"mc":[{"id":"1.231615492","rc":[{"ltp":1.77,"id":40380900}]}]}
{"op":"mcm","clk":"11859140443","pt":1723381945873,"mc":[{"id":"1.231615492","rc":[{"ltp":1.78,"id":40380900},{"ltp":2.26,"id":40296818}]}]}
{"op":"mcm","clk":"11859148780","pt":1723382004940,"mc":[{"id":"1.231615492","rc":[{"ltp":1.81,"id":40380900},{"ltp":2.24,"id":40296818}]}]}
{"op":"mcm","clk":"11859157148","pt":1723382064818,"mc":[{"id":"1.231615492","rc":[{"ltp":1.79,"id":40380900},{"ltp":2.26,"id":40296818}]}]}
{"op":"mcm","clk":"11859166284","pt":1723382126857,"mc":[{"id":"1.231615492","rc":[{"ltp":1.78,"id":40380900}]}]}
{"op":"mcm","clk":"11859175151","pt":1723382187010,"mc":[{"id":"1.231615492","rc":[{"ltp":1.77,"id":40380900},{"ltp":2.28,"id":40296818}]}]}
{"op":"mcm","clk":"11859183431","pt":1723382246023,"mc":[{"id":"1.231615492","rc":[{"ltp":1.74,"id":40380900},{"ltp":2.34,"id":40296818}]}]}
{"op":"mcm","clk":"11859192156","pt":1723382306718,"mc":[{"id":"1.231615492","rc":[{"ltp":1.73,"id":40380900},{"ltp":2.36,"id":40296818}]}]}
{"op":"mcm","clk":"11859199731","pt":1723382365372,"mc":[{"id":"1.231615492","rc":[{"ltp":1.74,"id":40380900},{"ltp":2.34,"id":40296818}]}]}
{"op":"mcm","clk":"11859207833","pt":1723382427110,"mc":[{"id":"1.231615492","rc":[{"ltp":1.77,"id":40380900},{"ltp":2.28,"id":40296818}]}]}
{"op":"mcm","clk":"11859215893","pt":1723382486908,"mc":[{"id":"1.231615492","rc":[{"ltp":2.3,"id":40296818}]}]}
{"op":"mcm","clk":"11859223392","pt":1723382546893,"mc":[{"id":"1.231615492","rc":[{"ltp":1.76,"id":40380900},{"ltp":2.28,"id":40296818}]}]}
{"op":"mcm","clk":"11859231756","pt":1723382607087,"mc":[{"id":"1.231615492","rc":[{"ltp":1.73,"id":40380900},{"ltp":2.36,"id":40296818}]}]}
{"op":"mcm","clk":"11859244562","pt":1723382725380,"mc":[{"id":"1.231615492","rc":[{"ltp":1.75,"id":40380900},{"ltp":2.32,"id":40296818}]}]}
{"op":"mcm","clk":"11859270266","pt":1723382966889,"mc":[{"id":"1.231615492","rc":[{"ltp":1.74,"id":40380900}]}]}
{"op":"mcm","clk":"11859277465","pt":1723383026871,"mc":[{"id":"1.231615492","marketDefinition":{"bspMarket":false,"turnInPlayEnabled":true,"persistenceEnabled":true,"marketBaseRate":5.0,"eventId":"33480308","eventTypeId":"4","numberOfWinners":1,"bettingType":"ODDS","marketType":"MATCH_ODDS","marketTime":"2024-08-11T13:30:00.000Z","suspendTime":"2024-08-11T13:30:00.000Z","bspReconciled":false,"complete":true,"inPlay":true,"crossMatching":true,"runnersVoidable":false,"numberOfActiveRunners":2,"betDelay":5,"status":"OPEN","runners":[{"status":"ACTIVE","sortPriority":1,"id":40296818,"name":"Manchester Originals W"},{"status":"ACTIVE","sortPriority":2,"id":40380900,"name":"Northern Superchargers W"}],"regulators":["MR_INT"],"countryCode":"GB","discountAllowed":true,"timezone":"GMT","openDate":"2024-08-11T13:30:00.000Z","version":6069536126,"name":"Match Odds","eventName":"Manchester Originals W v Northern Superchargers W "},"rc":[{"ltp":1.75,"id":40380900}]}]}
{"op":"mcm","clk":"11859285150","pt":1723383087058,"mc":[{"id":"1.231615492","rc":[{"ltp":1.82,"id":40380900},{"ltp":2.28,"id":40296818}]}]}
{"op":"mcm","clk":"11859292532","pt":1723383147009,"mc":[{"id":"1.231615492","rc":[{"ltp":1.9,"id":40380900},{"ltp":2.1,"id":40296818}]}]}
{"op":"mcm","clk":"11859300468","pt":1723383207056,"mc":[{"id":"1.231615492","rc":[{"ltp":1.96,"id":40380900},{"ltp":2.04,"id":40296818}]}]}
{"op":"mcm","clk":"11859308131","pt":1723383267127,"mc":[{"id":"1.231615492","rc":[{"ltp":1.94,"id":40380900},{"ltp":2.06,"id":40296818}]}]}
{"op":"mcm","clk":"11859315765","pt":1723383327087,"mc":[{"id":"1.231615492","rc":[{"ltp":1.91,"id":40380900},{"ltp":2.1,"id":40296818}]}]}
{"op":"mcm","clk":"11859323307","pt":1723383386852,"mc":[{"id":"1.231615492","rc":[{"ltp":1.84,"id":40380900},{"ltp":2.18,"id":40296818}]}]}
{"op":"mcm","clk":"11859331747","pt":1723383447126,"mc":[{"id":"1.231615492","rc":[{"ltp":1.8,"id":40380900},{"ltp":2.22,"id":40296818}]}]}
{"op":"mcm","clk":"11859348904","pt":1723383567096,"mc":[{"id":"1.231615492","rc":[{"ltp":1.74,"id":40380900},{"ltp":2.34,"id":40296818}]}]}
{"op":"mcm","clk":"11859357592","pt":1723383627083,"mc":[{"id":"1.231615492","rc":[{"ltp":1.73,"id":40380900},{"ltp":2.36,"id":40296818}]}]}
{"op":"mcm","clk":"11859365907","pt":1723383686538,"mc":[{"id":"1.231615492","rc":[{"ltp":1.74,"id":40380900},{"ltp":2.34,"id":40296818}]}]}
{"op":"mcm","clk":"11859373330","pt":1723383746795,"mc":[{"id":"1.231615492","rc":[{"ltp":1.82,"id":40380900},{"ltp":2.22,"id":40296818}]}]}
{"op":"mcm","clk":"11859380909","pt":1723383807158,"mc":[{"id":"1.231615492","rc":[{"ltp":1.96,"id":40380900},{"ltp":2.06,"id":40296818}]}]}
{"op":"mcm","clk":"11859388813","pt":1723383867157,"mc":[{"id":"1.231615492","rc":[{"ltp":2.08,"id":40380900},{"ltp":1.9,"id":40296818}]}]}
{"op":"mcm","clk":"11859397121","pt":1723383927135,"mc":[{"id":"1.231615492","rc":[{"ltp":1.94,"id":40296818}]}]}
{"op":"mcm","clk":"11859405083","pt":1723383987084,"mc":[{"id":"1.231615492","rc":[{"ltp":2.1,"id":40380900},{"ltp":1.92,"id":40296818}]}]}
{"op":"mcm","clk":"11859413142","pt":1723384047159,"mc":[{"id":"1.231615492","rc":[{"ltp":2.32,"id":40380900},{"ltp":1.75,"id":40296818}]}]}
{"op":"mcm","clk":"11859421148","pt":1723384107125,"mc":[{"id":"1.231615492","rc":[{"ltp":2.48,"id":40380900},{"ltp":1.67,"id":40296818}]}]}
{"op":"mcm","clk":"11859429224","pt":1723384167106,"mc":[{"id":"1.231615492","rc":[{"ltp":2.46,"id":40380900},{"ltp":1.68,"id":40296818}]}]}
{"op":"mcm","clk":"11859436601","pt":1723384226997,"mc":[{"id":"1.231615492","rc":[{"ltp":2.5,"id":40380900},{"ltp":1.66,"id":40296818}]}]}
{"op":"mcm","clk":"11859444212","pt":1723384287101,"mc":[{"id":"1.231615492","rc":[{"ltp":2.46,"id":40380900},{"ltp":1.68,"id":40296818}]}]}
{"op":"mcm","clk":"11859451501","pt":1723384347149,"mc":[{"id":"1.231615492","rc":[{"ltp":2.2,"id":40380900},{"ltp":1.8,"id":40296818}]}]}
{"op":"mcm","clk":"11859458736","pt":1723384407016,"mc":[{"id":"1.231615492","rc":[{"ltp":2.26,"id":40380900},{"ltp":1.79,"id":40296818}]}]}
{"op":"mcm","clk":"11859466012","pt":1723384467078,"mc":[{"id":"1.231615492","rc":[{"ltp":2.24,"id":40380900}]}]}
{"op":"mcm","clk":"11859473932","pt":1723384526754,"mc":[{"id":"1.231615492","rc":[{"ltp":1.8,"id":40296818}]}]}
{"op":"mcm","clk":"11859482415","pt":1723384587083,"mc":[{"id":"1.231615492","rc":[{"ltp":2.16,"id":40380900},{"ltp":1.87,"id":40296818}]}]}
{"op":"mcm","clk":"11859490092","pt":1723384647096,"mc":[{"id":"1.231615492","rc":[{"ltp":2.32,"id":40380900},{"ltp":1.75,"id":40296818}]}]}
{"op":"mcm","clk":"11859498247","pt":1723384707093,"mc":[{"id":"1.231615492","rc":[{"ltp":2.56,"id":40380900},{"ltp":1.64,"id":40296818}]}]}
{"op":"mcm","clk":"11859505859","pt":1723384767030,"mc":[{"id":"1.231615492","rc":[{"ltp":2.68,"id":40380900},{"ltp":1.59,"id":40296818}]}]}
{"op":"mcm","clk":"11859514427","pt":1723384827115,"mc":[{"id":"1.231615492","rc":[{"ltp":2.06,"id":40380900},{"ltp":1.88,"id":40296818}]}]}
{"op":"mcm","clk":"11859523336","pt":1723384886981,"mc":[{"id":"1.231615492","rc":[{"ltp":2.14,"id":40380900},{"ltp":1.87,"id":40296818}]}]}
{"op":"mcm","clk":"11859531855","pt":1723384946750,"mc":[{"id":"1.231615492","rc":[{"ltp":2.18,"id":40380900},{"ltp":1.86,"id":40296818}]}]}
{"op":"mcm","clk":"11859541634","pt":1723385007075,"mc":[{"id":"1.231615492","rc":[{"ltp":2.22,"id":40380900},{"ltp":1.8,"id":40296818}]}]}
{"op":"mcm","clk":"11859550718","pt":1723385067137,"mc":[{"id":"1.231615492","rc":[{"ltp":2.24,"id":40380900},{"ltp":1.81,"id":40296818}]}]}
{"op":"mcm","clk":"11859560846","pt":1723385127112,"mc":[{"id":"1.231615492","rc":[{"ltp":2.16,"id":40380900},{"ltp":1.86,"id":40296818}]}]}
{"op":"mcm","clk":"11859571389","pt":1723385187154,"mc":[{"id":"1.231615492","rc":[{"ltp":2.18,"id":40380900},{"ltp":1.87,"id":40296818}]}]}
{"op":"mcm","clk":"11859581861","pt":1723385246930,"mc":[{"id":"1.231615492","rc":[{"ltp":2.12,"id":40380900}]}]}
{"op":"mcm","clk":"11859592117","pt":1723385306761,"mc":[{"id":"1.231615492","rc":[{"ltp":1.97,"id":40380900},{"ltp":2.0,"id":40296818}]}]}
{"op":"mcm","clk":"11859602896","pt":1723385367010,"mc":[{"id":"1.231615492","rc":[{"ltp":1.98,"id":40380900},{"ltp":2.06,"id":40296818}]}]}
{"op":"mcm","clk":"11859613853","pt":1723385427080,"mc":[{"id":"1.231615492","rc":[{"ltp":2.04,"id":40380900},{"ltp":1.95,"id":40296818}]}]}
{"op":"mcm","clk":"11859624590","pt":1723385486945,"mc":[{"id":"1.231615492","rc":[{"ltp":2.12,"id":40380900},{"ltp":1.87,"id":40296818}]}]}
{"op":"mcm","clk":"11859635493","pt":1723385547076,"mc":[{"id":"1.231615492","rc":[{"ltp":2.14,"id":40380900},{"ltp":1.9,"id":40296818}]}]}
{"op":"mcm","clk":"11859657837","pt":1723385607028,"mc":[{"id":"1.231615492","rc":[{"ltp":2.16,"id":40380900},{"ltp":1.85,"id":40296818}]}]}
{"op":"mcm","clk":"11859668569","pt":1723385667012,"mc":[{"id":"1.231615492","rc":[{"ltp":2.22,"id":40380900},{"ltp":1.81,"id":40296818}]}]}
{"op":"mcm","clk":"11859679612","pt":1723385726939,"mc":[{"id":"1.231615492","rc":[{"ltp":2.18,"id":40380900},{"ltp":1.84,"id":40296818}]}]}
{"op":"mcm","clk":"11859691324","pt":1723385787119,"mc":[{"id":"1.231615492","rc":[{"ltp":2.34,"id":40380900},{"ltp":1.73,"id":40296818}]}]}
{"op":"mcm","clk":"11859702322","pt":1723385847078,"mc":[{"id":"1.231615492","rc":[{"ltp":2.52,"id":40380900},{"ltp":1.65,"id":40296818}]}]}
{"op":"mcm","clk":"11859713530","pt":1723385907155,"mc":[{"id":"1.231615492","rc":[{"ltp":2.72,"id":40380900},{"ltp":1.57,"id":40296818}]}]}
{"op":"mcm","clk":"11859724723","pt":1723385967073,"mc":[{"id":"1.231615492","rc":[{"ltp":3.3,"id":40380900},{"ltp":1.43,"id":40296818}]}]}
{"op":"mcm","clk":"11859745535","pt":1723386087091,"mc":[{"id":"1.231615492","rc":[{"ltp":3.05,"id":40380900},{"ltp":1.5,"id":40296818}]}]}
{"op":"mcm","clk":"11859756279","pt":1723386146941,"mc":[{"id":"1.231615492","rc":[{"ltp":2.96,"id":40380900}]}]}
{"op":"mcm","clk":"11859766959","pt":1723386207135,"mc":[{"id":"1.231615492","rc":[{"ltp":3.05,"id":40380900},{"ltp":1.49,"id":40296818}]}]}
{"op":"mcm","clk":"11859777746","pt":1723386267031,"mc":[{"id":"1.231615492","rc":[{"ltp":3.25,"id":40380900},{"ltp":1.44,"id":40296818}]}]}
{"op":"mcm","clk":"11859788713","pt":1723386327033,"mc":[{"id":"1.231615492","rc":[{"ltp":3.15,"id":40380900},{"ltp":1.46,"id":40296818}]}]}
{"op":"mcm","clk":"11859800182","pt":1723386387112,"mc":[{"id":"1.231615492","rc":[{"ltp":3.05,"id":40380900},{"ltp":1.48,"id":40296818}]}]}
{"op":"mcm","clk":"11859811245","pt":1723386447069,"mc":[{"id":"1.231615492","rc":[{"ltp":2.9,"id":40380900},{"ltp":1.53,"id":40296818}]}]}
{"op":"mcm","clk":"11859823021","pt":1723386507138,"mc":[{"id":"1.231615492","rc":[{"ltp":3.4,"id":40380900},{"ltp":1.41,"id":40296818}]}]}
{"op":"mcm","clk":"11859834490","pt":1723386566921,"mc":[{"id":"1.231615492","rc":[{"ltp":3.55,"id":40380900},{"ltp":1.39,"id":40296818}]}]}
{"op":"mcm","clk":"11859846212","pt":1723386627096,"mc":[{"id":"1.231615492","rc":[{"ltp":3.5,"id":40380900}]}]}
{"op":"mcm","clk":"11859857883","pt":1723386687069,"mc":[{"id":"1.231615492","rc":[{"ltp":3.75,"id":40380900},{"ltp":1.36,"id":40296818}]}]}
{"op":"mcm","clk":"11859869252","pt":1723386747142,"mc":[{"id":"1.231615492","rc":[{"ltp":3.9,"id":40380900},{"ltp":1.34,"id":40296818}]}]}
{"op":"mcm","clk":"11859880765","pt":1723386807073,"mc":[{"id":"1.231615492","rc":[{"ltp":4.2,"id":40380900},{"ltp":1.31,"id":40296818}]}]}
{"op":"mcm","clk":"11859892507","pt":1723386867016,"mc":[{"id":"1.231615492","rc":[{"ltp":4.4,"id":40380900},{"ltp":1.29,"id":40296818}]}]}
{"op":"mcm","clk":"11859904652","pt":1723386926979,"mc":[{"id":"1.231615492","rc":[{"ltp":4.8,"id":40380900},{"ltp":1.26,"id":40296818}]}]}
{"op":"mcm","clk":"11859915774","pt":1723386987117,"mc":[{"id":"1.231615492","rc":[{"ltp":6.0,"id":40380900},{"ltp":1.2,"id":40296818}]}]}
{"op":"mcm","clk":"11859926888","pt":1723387047154,"mc":[{"id":"1.231615492","rc":[{"ltp":6.8,"id":40380900},{"ltp":1.16,"id":40296818}]}]}
{"op":"mcm","clk":"11859937912","pt":1723387107148,"mc":[{"id":"1.231615492","rc":[{"ltp":6.0,"id":40380900},{"ltp":1.2,"id":40296818}]}]}
{"op":"mcm","clk":"11859948492","pt":1723387167162,"mc":[{"id":"1.231615492","rc":[{"ltp":5.7,"id":40380900},{"ltp":1.21,"id":40296818}]}]}
{"op":"mcm","clk":"11859958485","pt":1723387227091,"mc":[{"id":"1.231615492","rc":[{"ltp":6.0,"id":40380900},{"ltp":1.2,"id":40296818}]}]}
{"op":"mcm","clk":"11859968010","pt":1723387287142,"mc":[{"id":"1.231615492","rc":[{"ltp":5.9,"id":40380900},{"ltp":1.21,"id":40296818}]}]}
{"op":"mcm","clk":"11859977327","pt":1723387347100,"mc":[{"id":"1.231615492","rc":[{"ltp":5.7,"id":40380900},{"ltp":1.2,"id":40296818}]}]}
{"op":"mcm","clk":"11859986742","pt":1723387406954,"mc":[{"id":"1.231615492","rc":[{"ltp":5.6,"id":40380900},{"ltp":1.22,"id":40296818}]}]}
{"op":"mcm","clk":"11860035495","pt":1723387707144,"mc":[{"id":"1.231615492","rc":[{"ltp":5.5,"id":40380900},{"ltp":1.23,"id":40296818}]}]}
{"op":"mcm","clk":"11860044341","pt":1723387767117,"mc":[{"id":"1.231615492","rc":[{"ltp":5.3,"id":40380900},{"ltp":1.24,"id":40296818}]}]}
{"op":"mcm","clk":"11860052347","pt":1723387827110,"mc":[{"id":"1.231615492","rc":[{"ltp":5.2,"id":40380900}]}]}
{"op":"mcm","clk":"11860060277","pt":1723387887155,"mc":[{"id":"1.231615492","rc":[{"ltp":5.3,"id":40380900},{"ltp":1.23,"id":40296818}]}]}
{"op":"mcm","clk":"11860075674","pt":1723388007116,"mc":[{"id":"1.231615492","rc":[{"ltp":5.7,"id":40380900},{"ltp":1.21,"id":40296818}]}]}
{"op":"mcm","clk":"11860083791","pt":1723388067095,"mc":[{"id":"1.231615492","rc":[{"ltp":6.8,"id":40380900},{"ltp":1.17,"id":40296818}]}]}
{"op":"mcm","clk":"11860092375","pt":1723388127072,"mc":[{"id":"1.231615492","rc":[{"ltp":6.6,"id":40380900},{"ltp":1.18,"id":40296818}]}]}
{"op":"mcm","clk":"11860101137","pt":1723388187152,"mc":[{"id":"1.231615492","rc":[{"ltp":5.7,"id":40380900},{"ltp":1.22,"id":40296818}]}]}
{"op":"mcm","clk":"11860109318","pt":1723388246971,"mc":[{"id":"1.231615492","rc":[{"ltp":5.6,"id":40380900}]}]}
{"op":"mcm","clk":"11860116689","pt":1723388307036,"mc":[{"id":"1.231615492","rc":[{"ltp":5.7,"id":40380900},{"ltp":1.21,"id":40296818}]}]}
{"op":"mcm","clk":"11860124146","pt":1723388367092,"mc":[{"id":"1.231615492","rc":[{"ltp":6.4,"id":40380900},{"ltp":1.18,"id":40296818}]}]}
{"op":"mcm","clk":"11860132530","pt":1723388427020,"mc":[{"id":"1.231615492","rc":[{"ltp":7.6,"id":40380900},{"ltp":1.15,"id":40296818}]}]}
{"op":"mcm","clk":"11860141252","pt":1723388487033,"mc":[{"id":"1.231615492","rc":[{"ltp":8.0,"id":40380900},{"ltp":1.14,"id":40296818}]}]}
{"op":"mcm","clk":"11860149518","pt":1723388547134,"mc":[{"id":"1.231615492","rc":[{"ltp":6.4,"id":40380900},{"ltp":1.18,"id":40296818}]}]}
{"op":"mcm","clk":"11860166371","pt":1723388667066,"mc":[{"id":"1.231615492","rc":[{"ltp":8.6,"id":40380900},{"ltp":1.14,"id":40296818}]}]}
{"op":"mcm","clk":"11860176322","pt":1723388727121,"mc":[{"id":"1.231615492","rc":[{"ltp":9.2,"id":40380900},{"ltp":1.12,"id":40296818}]}]}
{"op":"mcm","clk":"11860186334","pt":1723388787069,"mc":[{"id":"1.231615492","rc":[{"ltp":11.0,"id":40380900},{"ltp":1.1,"id":40296818}]}]}
{"op":"mcm","clk":"11860197117","pt":1723388847127,"mc":[{"id":"1.231615492","rc":[{"ltp":12.0,"id":40380900},{"ltp":1.09,"id":40296818}]}]}
{"op":"mcm","clk":"11860208371","pt":1723388907083,"mc":[{"id":"1.231615492","rc":[{"ltp":15.0,"id":40380900},{"ltp":1.07,"id":40296818}]}]}
{"op":"mcm","clk":"11860220458","pt":1723388967160,"mc":[{"id":"1.231615492","rc":[{"ltp":13.5,"id":40380900},{"ltp":1.1,"id":40296818}]}]}
{"op":"mcm","clk":"11860233447","pt":1723389027033,"mc":[{"id":"1.231615492","rc":[{"ltp":8.0,"id":40380900},{"ltp":1.14,"id":40296818}]}]}
{"op":"mcm","clk":"11860245866","pt":1723389087091,"mc":[{"id":"1.231615492","rc":[{"ltp":7.2,"id":40380900},{"ltp":1.15,"id":40296818}]}]}
{"op":"mcm","clk":"11860257393","pt":1723389146988,"mc":[{"id":"1.231615492","rc":[{"ltp":6.8,"id":40380900},{"ltp":1.18,"id":40296818}]}]}
{"op":"mcm","clk":"11860270049","pt":1723389207093,"mc":[{"id":"1.231615492","rc":[{"ltp":6.4,"id":40380900}]}]}
{"op":"mcm","clk":"11860282543","pt":1723389267046,"mc":[{"id":"1.231615492","rc":[{"ltp":5.8,"id":40380900},{"ltp":1.2,"id":40296818}]}]}
{"op":"mcm","clk":"11860295239","pt":1723389327109,"mc":[{"id":"1.231615492","rc":[{"ltp":6.0,"id":40380900},{"ltp":1.19,"id":40296818}]}]}
{"op":"mcm","clk":"11860307461","pt":1723389387086,"mc":[{"id":"1.231615492","rc":[{"ltp":5.3,"id":40380900},{"ltp":1.23,"id":40296818}]}]}
{"op":"mcm","clk":"11860319291","pt":1723389447078,"mc":[{"id":"1.231615492","rc":[{"ltp":6.0,"id":40380900},{"ltp":1.2,"id":40296818}]}]}
{"op":"mcm","clk":"11860331302","pt":1723389507021,"mc":[{"id":"1.231615492","rc":[{"ltp":5.1,"id":40380900},{"ltp":1.24,"id":40296818}]}]}
{"op":"mcm","clk":"11860343628","pt":1723389567110,"mc":[{"id":"1.231615492","rc":[{"ltp":4.7,"id":40380900},{"ltp":1.26,"id":40296818}]}]}
{"op":"mcm","clk":"11860355087","pt":1723389627100,"mc":[{"id":"1.231615492","rc":[{"ltp":7.6,"id":40380900},{"ltp":1.15,"id":40296818}]}]}
{"op":"mcm","clk":"11860366199","pt":1723389687062,"mc":[{"id":"1.231615492","rc":[{"ltp":8.2,"id":40380900},{"ltp":1.14,"id":40296818}]}]}
{"op":"mcm","clk":"11860376327","pt":1723389747006,"mc":[{"id":"1.231615492","rc":[{"ltp":9.2,"id":40380900},{"ltp":1.12,"id":40296818}]}]}
{"op":"mcm","clk":"11860387605","pt":1723389807107,"mc":[{"id":"1.231615492","rc":[{"ltp":8.6,"id":40380900},{"ltp":1.13,"id":40296818}]}]}
{"op":"mcm","clk":"11860399027","pt":1723389867142,"mc":[{"id":"1.231615492","rc":[{"ltp":9.2,"id":40380900},{"ltp":1.12,"id":40296818}]}]}
{"op":"mcm","clk":"11860410454","pt":1723389927140,"mc":[{"id":"1.231615492","rc":[{"ltp":7.6,"id":40380900},{"ltp":1.15,"id":40296818}]}]}
{"op":"mcm","clk":"11860422624","pt":1723389987010,"mc":[{"id":"1.231615492","rc":[{"ltp":6.6,"id":40380900},{"ltp":1.18,"id":40296818}]}]}
{"op":"mcm","clk":"11860434451","pt":1723390047158,"mc":[{"id":"1.231615492","rc":[{"ltp":6.0,"id":40380900},{"ltp":1.2,"id":40296818}]}]}
{"op":"mcm","clk":"11860445326","pt":1723390107062,"mc":[{"id":"1.231615492","rc":[{"ltp":6.4,"id":40380900},{"ltp":1.17,"id":40296818}]}]}
{"op":"mcm","clk":"11860456291","pt":1723390166816,"mc":[{"id":"1.231615492","rc":[{"ltp":7.0,"id":40380900}]}]}
{"op":"mcm","clk":"11860468438","pt":1723390227099,"mc":[{"id":"1.231615492","rc":[{"ltp":7.6,"id":40380900},{"ltp":1.15,"id":40296818}]}]}
{"op":"mcm","clk":"11860481279","pt":1723390287117,"mc":[{"id":"1.231615492","rc":[{"ltp":4.3,"id":40380900},{"ltp":1.28,"id":40296818}]}]}
{"op":"mcm","clk":"11860492985","pt":1723390347088,"mc":[{"id":"1.231615492","rc":[{"ltp":3.95,"id":40380900},{"ltp":1.33,"id":40296818}]}]}
{"op":"mcm","clk":"11860505001","pt":1723390407091,"mc":[{"id":"1.231615492","rc":[{"ltp":3.7,"id":40380900},{"ltp":1.38,"id":40296818}]}]}
{"op":"mcm","clk":"11860517633","pt":1723390467109,"mc":[{"id":"1.231615492","rc":[{"ltp":3.9,"id":40380900},{"ltp":1.34,"id":40296818}]}]}
{"op":"mcm","clk":"11860529512","pt":1723390527118,"mc":[{"id":"1.231615492","rc":[{"ltp":4.6,"id":40380900},{"ltp":1.28,"id":40296818}]}]}
{"op":"mcm","clk":"11860540786","pt":1723390587076,"mc":[{"id":"1.231615492","rc":[{"ltp":1.29,"id":40296818}]}]}
{"op":"mcm","clk":"11860552272","pt":1723390647065,"mc":[{"id":"1.231615492","rc":[{"ltp":1.26,"id":40296818}]}]}
{"op":"mcm","clk":"11860563326","pt":1723390707107,"mc":[{"id":"1.231615492","rc":[{"ltp":5.0,"id":40380900},{"ltp":1.24,"id":40296818}]}]}
{"op":"mcm","clk":"11860574476","pt":1723390767151,"mc":[{"id":"1.231615492","rc":[{"ltp":3.5,"id":40380900},{"ltp":1.39,"id":40296818}]}]}
{"op":"mcm","clk":"11860585538","pt":1723390827132,"mc":[{"id":"1.231615492","rc":[{"ltp":6.0,"id":40380900},{"ltp":1.2,"id":40296818}]}]}
{"op":"mcm","clk":"11860597458","pt":1723390887061,"mc":[{"id":"1.231615492","rc":[{"ltp":6.8,"id":40380900},{"ltp":1.17,"id":40296818}]}]}
{"op":"mcm","clk":"11860630809","pt":1723391007121,"mc":[{"id":"1.231615492","rc":[{"ltp":6.4,"id":40380900},{"ltp":1.18,"id":40296818}]}]}
{"op":"mcm","clk":"11860641834","pt":1723391067153,"mc":[{"id":"1.231615492","rc":[{"ltp":5.0,"id":40380900},{"ltp":1.27,"id":40296818}]}]}
{"op":"mcm","clk":"11860653048","pt":1723391127143,"mc":[{"id":"1.231615492","rc":[{"ltp":5.8,"id":40380900},{"ltp":1.21,"id":40296818}]}]}
{"op":"mcm","clk":"11860663357","pt":1723391187072,"mc":[{"id":"1.231615492","rc":[{"ltp":7.6,"id":40380900},{"ltp":1.15,"id":40296818}]}]}
{"op":"mcm","clk":"11860673872","pt":1723391247113,"mc":[{"id":"1.231615492","rc":[{"ltp":11.0,"id":40380900},{"ltp":1.13,"id":40296818}]}]}
{"op":"mcm","clk":"11860683811","pt":1723391307122,"mc":[{"id":"1.231615492","rc":[{"ltp":7.2,"id":40380900},{"ltp":1.16,"id":40296818}]}]}
{"op":"mcm","clk":"11860694032","pt":1723391367155,"mc":[{"id":"1.231615492","rc":[{"ltp":8.0,"id":40380900},{"ltp":1.14,"id":40296818}]}]}
{"op":"mcm","clk":"11860704152","pt":1723391427093,"mc":[{"id":"1.231615492","rc":[{"ltp":34.0,"id":40380900},{"ltp":1.03,"id":40296818}]}]}
{"op":"mcm","clk":"11860713326","pt":1723391487066,"mc":[{"id":"1.231615492","rc":[{"ltp":42.0,"id":40380900}]}]}
{"op":"mcm","clk":"11860722340","pt":1723391547136,"mc":[{"id":"1.231615492","rc":[{"ltp":24.0,"id":40380900},{"ltp":1.04,"id":40296818}]}]}
{"op":"mcm","clk":"11860731019","pt":1723391606996,"mc":[{"id":"1.231615492","rc":[{"ltp":40.0,"id":40380900},{"ltp":1.03,"id":40296818}]}]}
{"op":"mcm","clk":"11860738772","pt":1723391667116,"mc":[{"id":"1.231615492","rc":[{"ltp":34.0,"id":40380900}]}]}
{"op":"mcm","clk":"11860746503","pt":1723391727068,"mc":[{"id":"1.231615492","rc":[{"ltp":50.0,"id":40380900},{"ltp":1.02,"id":40296818}]}]}
{"op":"mcm","clk":"11860754043","pt":1723391787147,"mc":[{"id":"1.231615492","rc":[{"ltp":26.0,"id":40380900},{"ltp":1.04,"id":40296818}]}]}
{"op":"mcm","clk":"11860761490","pt":1723391847114,"mc":[{"id":"1.231615492","rc":[{"ltp":13.5,"id":40380900},{"ltp":1.08,"id":40296818}]}]}
{"op":"mcm","clk":"11860768552","pt":1723391907131,"mc":[{"id":"1.231615492","rc":[{"ltp":22.0,"id":40380900},{"ltp":1.05,"id":40296818}]}]}
{"op":"mcm","clk":"11860775595","pt":1723391967124,"mc":[{"id":"1.231615492","rc":[{"ltp":120.0,"id":40380900},{"ltp":1.01,"id":40296818}]}]}
{"op":"mcm","clk":"11860783975","pt":1723392027017,"mc":[{"id":"1.231615492","rc":[{"ltp":130.0,"id":40380900}]}]}
{"op":"mcm","clk":"11860792525","pt":1723392086822,"mc":[{"id":"1.231615492","rc":[{"ltp":220.0,"id":40380900}]}]}
{"op":"mcm","clk":"11860801356","pt":1723392147017,"mc":[{"id":"1.231615492","rc":[{"ltp":130.0,"id":40380900}]}]}
{"op":"mcm","clk":"11860810030","pt":1723392206733,"mc":[{"id":"1.231615492","rc":[{"ltp":120.0,"id":40380900}]}]}
{"op":"mcm","clk":"11860820171","pt":1723392266716,"mc":[{"id":"1.231615492","rc":[{"ltp":400.0,"id":40380900}]}]}
{"op":"mcm","clk":"11860830496","pt":1723392327020,"mc":[{"id":"1.231615492","rc":[{"ltp":1000.0,"id":40380900}]}]}
{"op":"mcm","clk":"11860871032","pt":1723392563330,"mc":[{"id":"1.231615492","marketDefinition":{"bspMarket":false,"turnInPlayEnabled":true,"persistenceEnabled":true,"marketBaseRate":5.0,"eventId":"33480308","eventTypeId":"4","numberOfWinners":1,"bettingType":"ODDS","marketType":"MATCH_ODDS","marketTime":"2024-08-11T13:30:00.000Z","suspendTime":"2024-08-11T13:30:00.000Z","bspReconciled":false,"complete":true,"inPlay":true,"crossMatching":true,"runnersVoidable":false,"numberOfActiveRunners":2,"betDelay":5,"status":"SUSPENDED","runners":[{"status":"ACTIVE","sortPriority":1,"id":40296818,"name":"Manchester Originals W"},{"status":"ACTIVE","sortPriority":2,"id":40380900,"name":"Northern Superchargers W"}],"regulators":["MR_INT"],"countryCode":"GB","discountAllowed":true,"timezone":"GMT","openDate":"2024-08-11T13:30:00.000Z","version":6070068174,"name":"Match Odds","eventName":"Manchester Originals W v Northern Superchargers W "}}]}
{"op":"mcm","clk":"11860901391","pt":1723392733117,"mc":[{"id":"1.231615492","marketDefinition":{"bspMarket":false,"turnInPlayEnabled":true,"persistenceEnabled":true,"marketBaseRate":5.0,"eventId":"33480308","eventTypeId":"4","numberOfWinners":1,"bettingType":"ODDS","marketType":"MATCH_ODDS","marketTime":"2024-08-11T13:30:00.000Z","suspendTime":"2024-08-11T13:30:00.000Z","bspReconciled":false,"complete":true,"inPlay":true,"crossMatching":false,"runnersVoidable":false,"numberOfActiveRunners":0,"betDelay":5,"status":"CLOSED","settledTime":"2024-08-11T16:11:18.000Z","runners":[{"status":"WINNER","sortPriority":1,"id":40296818,"name":"Manchester Originals W"},{"status":"LOSER","sortPriority":2,"id":40380900,"name":"Northern Superchargers W"}],"regulators":["MR_INT"],"countryCode":"GB","discountAllowed":true,"timezone":"GMT","openDate":"2024-08-11T13:30:00.000Z","version":6070085438,"name":"Match Odds","eventName":"Manchester Originals W v Northern Superchargers W "}}]}
