{"op":"mcm","clk":"11933683789","pt":1724628374353,"mc":[{"id":"1.232283631","marketDefinition":{"bspMarket":false,"turnInPlayEnabled":true,"persistenceEnabled":true,"marketBaseRate":5.0,"eventId":"33527290","eventTypeId":"4","numberOfWinners":1,"bettingType":"ODDS","marketType":"MATCH_ODDS","marketTime":"2024-08-27T19:00:00.000Z","suspendTime":"2024-08-27T19:00:00.000Z","bspReconciled":false,"complete":true,"inPlay":false,"crossMatching":true,"runnersVoidable":false,"numberOfActiveRunners":2,"betDelay":0,"status":"OPEN","runners":[{"status":"ACTIVE","sortPriority":1,"id":235,"name":"West Indies"},{"status":"ACTIVE","sortPriority":2,"id":349,"name":"South Africa"}],"regulators":["MR_INT"],"countryCode":"GB","discountAllowed":true,"timezone":"GMT","openDate":"2024-08-27T19:00:00.000Z","version":6100792092,"name":"Match Odds","eventName":"West Indies v South Africa"}}]}
{"op":"mcm","clk":"11934137319","pt":1724639086752,"mc":[{"id":"1.232283631","rc":[{"ltp":2.44,"id":349}]}]}
{"op":"mcm","clk":"11935049542","pt":1724660993135,"mc":[{"id":"1.232283631","rc":[{"ltp":1.7,"id":235}]}]}
{"op":"mcm","clk":"11935477789","pt":1724667049739,"mc":[{"id":"1.232283631","rc":[{"ltp":1.69,"id":235}]}]}
{"op":"mcm","clk":"11935810789","pt":1724670813152,"mc":[{"id":"1.232283631","rc":[{"ltp":1.7,"id":235}]}]}
{"op":"mcm","clk":"11935853538","pt":1724671354214,"mc":[{"id":"1.232283631","rc":[{"ltp":2.42,"id":349}]}]}
{"op":"mcm","clk":"11935891303","pt":1724671833939,"mc":[{"id":"1.232283631","rc":[{"ltp":1.71,"id":235}]}]}
{"op":"mcm","clk":"11936025587","pt":1724673427555,"mc":[{"id":"1.232283631","rc":[{"ltp":1.7,"id":235}]}]}
{"op":"mcm","clk":"11936419987","pt":1724678219974,"mc":[{"id":"1.232283631","rc":[{"ltp":2.54,"id":349},{"ltp":1.65,"id":235}]}]}
{"op":"mcm","clk":"11936506945","pt":1724679147373,"mc":[{"id":"1.232283631","rc":[{"ltp":2.46,"id":349}]}]}
{"op":"mcm","clk":"11936556112","pt":1724679632935,"mc":[{"id":"1.232283631","rc":[{"ltp":2.52,"id":349},{"ltp":1.66,"id":235}]}]}
{"op":"mcm","clk":"11936645848","pt":1724680411896,"mc":[{"id":"1.232283631","rc":[{"ltp":2.46,"id":349},{"ltp":1.69,"id":235}]}]}
{"op":"mcm","clk":"11938304560","pt":1724691574011,"mc":[{"id":"1.232283631","rc":[{"ltp":2.48,"id":349}]}]}
{"op":"mcm","clk":"11938552238","pt":1724693734130,"mc":[{"id":"1.232283631","rc":[{"ltp":2.46,"id":349}]}]}
{"op":"mcm","clk":"11938595022","pt":1724694152539,"mc":[{"id":"1.232283631","rc":[{"ltp":1.71,"id":235}]}]}
{"op":"mcm","clk":"11939023792","pt":1724698074994,"mc":[{"id":"1.232283631","rc":[{"ltp":1.68,"id":235}]}]}
{"op":"mcm","clk":"11939187951","pt":1724699453949,"mc":[{"id":"1.232283631","rc":[{"ltp":1.7,"id":235}]}]}
{"op":"mcm","clk":"11939734575","pt":1724704179864,"mc":[{"id":"1.232283631","rc":[{"ltp":1.69,"id":235}]}]}
{"op":"mcm","clk":"11939888686","pt":1724706278590,"mc":[{"id":"1.232283631","rc":[{"ltp":1.7,"id":235}]}]}
{"op":"mcm","clk":"11939949969","pt":1724707059736,"mc":[{"id":"1.232283631","rc":[{"ltp":2.42,"id":349}]}]}
{"op":"mcm","clk":"11940084980","pt":1724709062259,"mc":[{"id":"1.232283631","rc":[{"ltp":1.69,"id":235}]}]}
{"op":"mcm","clk":"11940454580","pt":1724714757028,"mc":[{"id":"1.232283631","rc":[{"ltp":1.68,"id":235}]}]}
{"op":"mcm","clk":"11940497535","pt":1724715524161,"mc":[{"id":"1.232283631","rc":[{"ltp":1.69,"id":235}]}]}
{"op":"mcm","clk":"11940558892","pt":1724716582578,"mc":[{"id":"1.232283631","rc":[{"ltp":2.48,"id":349}]}]}
{"op":"mcm","clk":"11940587874","pt":1724717009296,"mc":[{"id":"1.232283631","rc":[{"ltp":1.68,"id":235}]}]}
{"op":"mcm","clk":"11941179777","pt":1724724752771,"mc":[{"id":"1.232283631","rc":[{"ltp":1.69,"id":235}]}]}
{"op":"mcm","clk":"11941182753","pt":1724724807248,"mc":[{"id":"1.232283631","rc":[{"ltp":1.71,"id":235}]}]}
{"op":"mcm","clk":"11941342427","pt":1724727976105,"mc":[{"id":"1.232283631","rc":[{"ltp":2.44,"id":349}]}]}
{"op":"mcm","clk":"11941353586","pt":1724728217789,"mc":[{"id":"1.232283631","rc":[{"ltp":1.7,"id":235}]}]}
{"op":"mcm","clk":"11941355276","pt":1724728252355,"mc":[{"id":"1.232283631","rc":[{"ltp":2.46,"id":349}]}]}
{"op":"mcm","clk":"11941556435","pt":1724732914120,"mc":[{"id":"1.232283631","rc":[{"ltp":1.68,"id":235}]}]}
{"op":"mcm","clk":"11941582975","pt":1724733538390,"mc":[{"id":"1.232283631","rc":[{"ltp":2.44,"id":349},{"ltp":1.69,"id":235}]}]}
{"op":"mcm","clk":"11941587806","pt":1724733633900,"mc":[{"id":"1.232283631","rc":[{"ltp":2.42,"id":349},{"ltp":1.7,"id":235}]}]}
{"op":"mcm","clk":"11941795148","pt":1724737734186,"mc":[{"id":"1.232283631","rc":[{"ltp":2.44,"id":349}]}]}
{"op":"mcm","clk":"11941812572","pt":1724738103184,"mc":[{"id":"1.232283631","rc":[{"ltp":1.69,"id":235}]}]}
{"op":"mcm","clk":"11941955264","pt":1724741059523,"mc":[{"id":"1.232283631","rc":[{"ltp":1.71,"id":235}]}]}
{"op":"mcm","clk":"11941971903","pt":1724741433237,"mc":[{"id":"1.232283631","rc":[{"ltp":1.7,"id":235}]}]}
{"op":"mcm","clk":"11941979845","pt":1724741665594,"mc":[{"id":"1.232283631","rc":[{"ltp":1.71,"id":235}]}]}
{"op":"mcm","clk":"11941986335","pt":1724741846484,"mc":[{"id":"1.232283631","rc":[{"ltp":1.7,"id":235}]}]}
{"op":"mcm","clk":"11942045428","pt":1724743089301,"mc":[{"id":"1.232283631","rc":[{"ltp":2.4,"id":349}]}]}
{"op":"mcm","clk":"11942081470","pt":1724743856736,"mc":[{"id":"1.232283631","rc":[{"ltp":1.71,"id":235}]}]}
{"op":"mcm","clk":"11942089255","pt":1724744065146,"mc":[{"id":"1.232283631","rc":[{"ltp":1.7,"id":235}]}]}
{"op":"mcm","clk":"11942248709","pt":1724747549235,"mc":[{"id":"1.232283631","rc":[{"ltp":1.69,"id":235}]}]}
{"op":"mcm","clk":"11942264467","pt":1724747851872,"mc":[{"id":"1.232283631","rc":[{"ltp":2.44,"id":349}]}]}
{"op":"mcm","clk":"11942300579","pt":1724748565686,"mc":[{"id":"1.232283631","rc":[{"ltp":2.46,"id":349}]}]}
{"op":"mcm","clk":"11942332275","pt":1724749246010,"mc":[{"id":"1.232283631","rc":[{"ltp":2.42,"id":349}]}]}
{"op":"mcm","clk":"11942416713","pt":1724750843755,"mc":[{"id":"1.232283631","rc":[{"ltp":1.7,"id":235}]}]}
{"op":"mcm","clk":"11942494945","pt":1724752394087,"mc":[{"id":"1.232283631","rc":[{"ltp":1.69,"id":235}]}]}
{"op":"mcm","clk":"11942538487","pt":1724753029692,"mc":[{"id":"1.232283631","rc":[{"ltp":1.7,"id":235}]}]}
{"op":"mcm","clk":"11942547390","pt":1724753151738,"mc":[{"id":"1.232283631","rc":[{"ltp":2.44,"id":349}]}]}
{"op":"mcm","clk":"11942654585","pt":1724754617455,"mc":[{"id":"1.232283631","rc":[{"ltp":1.69,"id":235}]}]}
{"op":"mcm","clk":"11942661794","pt":1724754720988,"mc":[{"id":"1.232283631","rc":[{"ltp":1.68,"id":235}]}]}
{"op":"mcm","clk":"11942678358","pt":1724754994078,"mc":[{"id":"1.232283631","rc":[{"ltp":1.69,"id":235}]}]}
{"op":"mcm","clk":"11942764012","pt":1724755937650,"mc":[{"id":"1.232283631","rc":[{"ltp":1.68,"id":235}]}]}
{"op":"mcm","clk":"11942838100","pt":1724757016349,"mc":[{"id":"1.232283631","rc":[{"ltp":2.46,"id":349}]}]}
{"op":"mcm","clk":"11942840393","pt":1724757055663,"mc":[{"id":"1.232283631","rc":[{"ltp":1.69,"id":235}]}]}
{"op":"mcm","clk":"11942896211","pt":1724757861708,"mc":[{"id":"1.232283631","rc":[{"ltp":1.7,"id":235}]}]}
{"op":"mcm","clk":"11942936419","pt":1724758470689,"mc":[{"id":"1.232283631","rc":[{"ltp":2.44,"id":349}]}]}
{"op":"mcm","clk":"11942940035","pt":1724758530742,"mc":[{"id":"1.232283631","rc":[{"ltp":1.69,"id":235}]}]}
{"op":"mcm","clk":"11942943950","pt":1724758589724,"mc":[{"id":"1.232283631","rc":[{"ltp":1.7,"id":235}]}]}
{"op":"mcm","clk":"11942962326","pt":1724758871375,"mc":[{"id":"1.232283631","rc":[{"ltp":1.69,"id":235}]}]}
{"op":"mcm","clk":"11943017007","pt":1724759693983,"mc":[{"id":"1.232283631","rc":[{"ltp":1.7,"id":235}]}]}
{"op":"mcm","clk":"11943031466","pt":1724759911023,"mc":[{"id":"1.232283631","rc":[{"ltp":2.42,"id":349}]}]}
{"op":"mcm","clk":"11943071077","pt":1724760453900,"mc":[{"id":"1.232283631","rc":[{"ltp":1.69,"id":235}]}]}
{"op":"mcm","clk":"11943158625","pt":1724761613972,"mc":[{"id":"1.232283631","rc":[{"ltp":2.46,"id":349},{"ltp":1.67,"id":235}]}]}
{"op":"mcm","clk":"11943227343","pt":1724762732900,"mc":[{"id":"1.232283631","rc":[{"ltp":2.44,"id":349}]}]}
{"op":"mcm","clk":"11943250284","pt":1724763113516,"mc":[{"id":"1.232283631","rc":[{"ltp":1.68,"id":235}]}]}
{"op":"mcm","clk":"11943261957","pt":1724763315125,"mc":[{"id":"1.232283631","rc":[{"ltp":2.46,"id":349}]}]}
{"op":"mcm","clk":"11943329003","pt":1724764172821,"mc":[{"id":"1.232283631","rc":[{"ltp":2.44,"id":349}]}]}
{"op":"mcm","clk":"11943354150","pt":1724764455644,"mc":[{"id":"1.232283631","rc":[{"ltp":2.48,"id":349}]}]}
{"op":"mcm","clk":"11943371108","pt":1724764642150,"mc":[{"id":"1.232283631","rc":[{"ltp":2.44,"id":349}]}]}
{"op":"mcm","clk":"11943415942","pt":1724765171686,"mc":[{"id":"1.232283631","rc":[{"ltp":2.46,"id":349}]}]}
{"op":"mcm","clk":"11943422143","pt":1724765250042,"mc":[{"id":"1.232283631","rc":[{"ltp":1.69,"id":235}]}]}
{"op":"mcm","clk":"11943430939","pt":1724765357276,"mc":[{"id":"1.232283631","rc":[{"ltp":1.68,"id":235}]}]}
{"op":"mcm","clk":"11943509155","pt":1724766193746,"mc":[{"id":"1.232283631","rc":[{"ltp":2.44,"id":349},{"ltp":1.69,"id":235}]}]}
{"op":"mcm","clk":"11943525646","pt":1724766391206,"mc":[{"id":"1.232283631","rc":[{"ltp":2.48,"id":349},{"ltp":1.68,"id":235}]}]}
{"op":"mcm","clk":"11943530055","pt":1724766447173,"mc":[{"id":"1.232283631","rc":[{"ltp":1.69,"id":235}]}]}
{"op":"mcm","clk":"11943573303","pt":1724767064684,"mc":[{"id":"1.232283631","rc":[{"ltp":2.46,"id":349}]}]}
{"op":"mcm","clk":"11943581042","pt":1724767169536,"mc":[{"id":"1.232283631","rc":[{"ltp":2.48,"id":349},{"ltp":1.68,"id":235}]}]}
{"op":"mcm","clk":"11943601166","pt":1724767449549,"mc":[{"id":"1.232283631","rc":[{"ltp":2.46,"id":349}]}]}
{"op":"mcm","clk":"11943605045","pt":1724767503616,"mc":[{"id":"1.232283631","rc":[{"ltp":1.69,"id":235}]}]}
{"op":"mcm","clk":"11943612927","pt":1724767609765,"mc":[{"id":"1.232283631","rc":[{"ltp":1.68,"id":235}]}]}
{"op":"mcm","clk":"11943781193","pt":1724769737758,"mc":[{"id":"1.232283631","rc":[{"ltp":1.67,"id":235}]}]}
{"op":"mcm","clk":"11943788440","pt":1724769821644,"mc":[{"id":"1.232283631","rc":[{"ltp":1.68,"id":235}]}]}
{"op":"mcm","clk":"11943889762","pt":1724771120678,"mc":[{"id":"1.232283631","rc":[{"ltp":1.67,"id":235}]}]}
{"op":"mcm","clk":"11943954127","pt":1724771672719,"mc":[{"id":"1.232283631","rc":[{"ltp":2.48,"id":349}]}]}
{"op":"mcm","clk":"11943957798","pt":1724771708362,"mc":[{"id":"1.232283631","rc":[{"ltp":2.46,"id":349}]}]}
{"op":"mcm","clk":"11943965817","pt":1724771779208,"mc":[{"id":"1.232283631","rc":[{"ltp":2.48,"id":349}]}]}
{"op":"mcm","clk":"11943980652","pt":1724771906562,"mc":[{"id":"1.232283631","rc":[{"ltp":2.44,"id":349},{"ltp":1.69,"id":235}]}]}
{"op":"mcm","clk":"11944009484","pt":1724772175599,"mc":[{"id":"1.232283631","rc":[{"ltp":1.7,"id":235}]}]}
{"op":"mcm","clk":"11944018413","pt":1724772271703,"mc":[{"id":"1.232283631","rc":[{"ltp":2.42,"id":349}]}]}
{"op":"mcm","clk":"11944029237","pt":1724772389319,"mc":[{"id":"1.232283631","rc":[{"ltp":2.44,"id":349}]}]}
{"op":"mcm","clk":"11944040867","pt":1724772510872,"mc":[{"id":"1.232283631","rc":[{"ltp":1.71,"id":235}]}]}
{"op":"mcm","clk":"11944044893","pt":1724772551700,"mc":[{"id":"1.232283631","rc":[{"ltp":2.42,"id":349},{"ltp":1.7,"id":235}]}]}
{"op":"mcm","clk":"11944060494","pt":1724772712294,"mc":[{"id":"1.232283631","rc":[{"ltp":1.69,"id":235}]}]}
{"op":"mcm","clk":"11944070130","pt":1724772807733,"mc":[{"id":"1.232283631","rc":[{"ltp":2.44,"id":349}]}]}
{"op":"mcm","clk":"11944074869","pt":1724772853173,"mc":[{"id":"1.232283631","rc":[{"ltp":2.42,"id":349}]}]}
{"op":"mcm","clk":"11944096754","pt":1724773053486,"mc":[{"id":"1.232283631","rc":[{"ltp":2.44,"id":349}]}]}
{"op":"mcm","clk":"11944103601","pt":1724773113554,"mc":[{"id":"1.232283631","rc":[{"ltp":2.5,"id":349},{"ltp":1.67,"id":235}]}]}
{"op":"mcm","clk":"11944129330","pt":1724773352026,"mc":[{"id":"1.232283631","rc":[{"ltp":2.48,"id":349}]}]}
{"op":"mcm","clk":"11944134866","pt":1724773407379,"mc":[{"id":"1.232283631","rc":[{"ltp":2.46,"id":349},{"ltp":1.68,"id":235}]}]}
{"op":"mcm","clk":"11944138132","pt":1724773440697,"mc":[{"id":"1.232283631","rc":[{"ltp":2.48,"id":349}]}]}
{"op":"mcm","clk":"11944146654","pt":1724773527761,"mc":[{"id":"1.232283631","rc":[{"ltp":1.67,"id":235}]}]}
{"op":"mcm","clk":"11944159192","pt":1724773646303,"mc":[{"id":"1.232283631","rc":[{"ltp":1.68,"id":235}]}]}
{"op":"mcm","clk":"11944166517","pt":1724773714194,"mc":[{"id":"1.232283631","rc":[{"ltp":1.67,"id":235}]}]}
{"op":"mcm","clk":"11944172925","pt":1724773770758,"mc":[{"id":"1.232283631","rc":[{"ltp":2.44,"id":349},{"ltp":1.69,"id":235}]}]}
{"op":"mcm","clk":"11944179689","pt":1724773832646,"mc":[{"id":"1.232283631","rc":[{"ltp":2.42,"id":349},{"ltp":1.7,"id":235}]}]}
{"op":"mcm","clk":"11944187723","pt":1724773892419,"mc":[{"id":"1.232283631","rc":[{"ltp":2.46,"id":349}]}]}
{"op":"mcm","clk":"11944194621","pt":1724773951668,"mc":[{"id":"1.232283631","rc":[{"ltp":1.69,"id":235}]}]}
{"op":"mcm","clk":"11944197360","pt":1724773980906,"mc":[{"id":"1.232283631","rc":[{"ltp":2.44,"id":349}]}]}
{"op":"mcm","clk":"11944204863","pt":1724774055268,"mc":[{"id":"1.232283631","rc":[{"ltp":1.7,"id":235}]}]}
{"op":"mcm","clk":"11944213083","pt":1724774134086,"mc":[{"id":"1.232283631","rc":[{"ltp":1.69,"id":235}]}]}
{"op":"mcm","clk":"11944237106","pt":1724774372656,"mc":[{"id":"1.232283631","rc":[{"ltp":2.46,"id":349}]}]}
{"op":"mcm","clk":"11944276530","pt":1724774750676,"mc":[{"id":"1.232283631","rc":[{"ltp":2.44,"id":349}]}]}
{"op":"mcm","clk":"11944286097","pt":1724774841679,"mc":[{"id":"1.232283631","rc":[{"ltp":1.68,"id":235}]}]}
{"op":"mcm","clk":"11944288117","pt":1724774860121,"mc":[{"id":"1.232283631","rc":[{"ltp":1.69,"id":235}]}]}
{"op":"mcm","clk":"11944300059","pt":1724774965705,"mc":[{"id":"1.232283631","rc":[{"ltp":1.68,"id":235}]}]}
{"op":"mcm","clk":"11944306144","pt":1724775020591,"mc":[{"id":"1.232283631","rc":[{"ltp":1.69,"id":235}]}]}
{"op":"mcm","clk":"11944314239","pt":1724775093206,"mc":[{"id":"1.232283631","rc":[{"ltp":2.42,"id":349}]}]}
{"op":"mcm","clk":"11944321529","pt":1724775153521,"mc":[{"id":"1.232283631","rc":[{"ltp":1.7,"id":235}]}]}
{"op":"mcm","clk":"11944334087","pt":1724775260048,"mc":[{"id":"1.232283631","rc":[{"ltp":1.69,"id":235}]}]}
{"op":"mcm","clk":"11944348216","pt":1724775382792,"mc":[{"id":"1.232283631","rc":[{"ltp":2.44,"id":349}]}]}
{"op":"mcm","clk":"11944362909","pt":1724775510647,"mc":[{"id":"1.232283631","rc":[{"ltp":1.7,"id":235}]}]}
{"op":"mcm","clk":"11944409923","pt":1724775951607,"mc":[{"id":"1.232283631","rc":[{"ltp":1.69,"id":235}]}]}
{"op":"mcm","clk":"11944419176","pt":1724776041471,"mc":[{"id":"1.232283631","rc":[{"ltp":1.68,"id":235}]}]}
{"op":"mcm","clk":"11944425445","pt":1724776102946,"mc":[{"id":"1.232283631","rc":[{"ltp":1.69,"id":235}]}]}
{"op":"mcm","clk":"11944432598","pt":1724776173015,"mc":[{"id":"1.232283631","rc":[{"ltp":2.46,"id":349},{"ltp":1.68,"id":235}]}]}
{"op":"mcm","clk":"11944439007","pt":1724776230604,"mc":[{"id":"1.232283631","rc":[{"ltp":1.69,"id":235}]}]}
{"op":"mcm","clk":"11944460280","pt":1724776413520,"mc":[{"id":"1.232283631","rc":[{"ltp":1.68,"id":235}]}]}
{"op":"mcm","clk":"11944467497","pt":1724776473254,"mc":[{"id":"1.232283631","rc":[{"ltp":2.42,"id":349},{"ltp":1.7,"id":235}]}]}
{"op":"mcm","clk":"11944509864","pt":1724776830311,"mc":[{"id":"1.232283631","rc":[{"ltp":2.44,"id":349},{"ltp":1.69,"id":235}]}]}
{"op":"mcm","clk":"11944517789","pt":1724776893775,"mc":[{"id":"1.232283631","rc":[{"ltp":2.42,"id":349}]}]}
{"op":"mcm","clk":"11944523986","pt":1724776946734,"mc":[{"id":"1.232283631","rc":[{"ltp":2.44,"id":349}]}]}
{"op":"mcm","clk":"11944540345","pt":1724777002748,"mc":[{"id":"1.232283631","rc":[{"ltp":2.46,"id":349}]}]}
{"op":"mcm","clk":"11944548613","pt":1724777074189,"mc":[{"id":"1.232283631","rc":[{"ltp":2.44,"id":349}]}]}
{"op":"mcm","clk":"11944553549","pt":1724777118470,"mc":[{"id":"1.232283631","rc":[{"ltp":1.7,"id":235}]}]}
{"op":"mcm","clk":"11944561615","pt":1724777190200,"mc":[{"id":"1.232283631","rc":[{"ltp":2.46,"id":349},{"ltp":1.68,"id":235}]}]}
{"op":"mcm","clk":"11944588619","pt":1724777433722,"mc":[{"id":"1.232283631","rc":[{"ltp":2.5,"id":349},{"ltp":1.67,"id":235}]}]}
{"op":"mcm","clk":"11944595447","pt":1724777493474,"mc":[{"id":"1.232283631","rc":[{"ltp":2.46,"id":349}]}]}
{"op":"mcm","clk":"11944600042","pt":1724777529231,"mc":[{"id":"1.232283631","rc":[{"ltp":2.48,"id":349},{"ltp":1.68,"id":235}]}]}
{"op":"mcm","clk":"11944615543","pt":1724777673100,"mc":[{"id":"1.232283631","rc":[{"ltp":2.46,"id":349},{"ltp":1.67,"id":235}]}]}
{"op":"mcm","clk":"11944621541","pt":1724777726546,"mc":[{"id":"1.232283631","rc":[{"ltp":1.68,"id":235}]}]}
{"op":"mcm","clk":"11944640631","pt":1724777906315,"mc":[{"id":"1.232283631","rc":[{"ltp":2.44,"id":349},{"ltp":1.69,"id":235}]}]}
{"op":"mcm","clk":"11944648084","pt":1724777970988,"mc":[{"id":"1.232283631","rc":[{"ltp":2.46,"id":349},{"ltp":1.68,"id":235}]}]}
{"op":"mcm","clk":"11944663751","pt":1724778093718,"mc":[{"id":"1.232283631","rc":[{"ltp":2.44,"id":349},{"ltp":1.69,"id":235}]}]}
{"op":"mcm","clk":"11944670030","pt":1724778139857,"mc":[{"id":"1.232283631","rc":[{"ltp":1.7,"id":235}]}]}
{"op":"mcm","clk":"11944678137","pt":1724778204717,"mc":[{"id":"1.232283631","rc":[{"ltp":2.42,"id":349}]}]}
{"op":"mcm","clk":"11944718889","pt":1724778508227,"mc":[{"id":"1.232283631","rc":[{"ltp":1.69,"id":235}]}]}
{"op":"mcm","clk":"11944726462","pt":1724778571307,"mc":[{"id":"1.232283631","rc":[{"ltp":2.44,"id":349},{"ltp":1.7,"id":235}]}]}
{"op":"mcm","clk":"11944733742","pt":1724778629631,"mc":[{"id":"1.232283631","rc":[{"ltp":2.42,"id":349}]}]}
{"op":"mcm","clk":"11944742169","pt":1724778693980,"mc":[{"id":"1.232283631","rc":[{"ltp":1.71,"id":235}]}]}
{"op":"mcm","clk":"11944750337","pt":1724778753661,"mc":[{"id":"1.232283631","rc":[{"ltp":1.7,"id":235}]}]}
{"op":"mcm","clk":"11944772242","pt":1724778922677,"mc":[{"id":"1.232283631","rc":[{"ltp":2.44,"id":349},{"ltp":1.69,"id":235}]}]}
{"op":"mcm","clk":"11944781428","pt":1724778993971,"mc":[{"id":"1.232283631","rc":[{"ltp":2.42,"id":349},{"ltp":1.7,"id":235}]}]}
{"op":"mcm","clk":"11944805368","pt":1724779173591,"mc":[{"id":"1.232283631","rc":[{"ltp":1.69,"id":235}]}]}
{"op":"mcm","clk":"11944820475","pt":1724779289831,"mc":[{"id":"1.232283631","rc":[{"ltp":1.7,"id":235}]}]}
{"op":"mcm","clk":"11944829955","pt":1724779354187,"mc":[{"id":"1.232283631","rc":[{"ltp":2.44,"id":349},{"ltp":1.69,"id":235}]}]}
{"op":"mcm","clk":"11944836292","pt":1724779401057,"mc":[{"id":"1.232283631","rc":[{"ltp":1.7,"id":235}]}]}
{"op":"mcm","clk":"11944844631","pt":1724779465515,"mc":[{"id":"1.232283631","rc":[{"ltp":2.42,"id":349}]}]}
{"op":"mcm","clk":"11944865196","pt":1724779638007,"mc":[{"id":"1.232283631","rc":[{"ltp":2.44,"id":349}]}]}
{"op":"mcm","clk":"11944884610","pt":1724779807715,"mc":[{"id":"1.232283631","rc":[{"ltp":2.42,"id":349}]}]}
{"op":"mcm","clk":"11944895522","pt":1724779894111,"mc":[{"id":"1.232283631","rc":[{"ltp":2.44,"id":349}]}]}
{"op":"mcm","clk":"11944917108","pt":1724780068402,"mc":[{"id":"1.232283631","rc":[{"ltp":2.42,"id":349},{"ltp":1.69,"id":235}]}]}
{"op":"mcm","clk":"11944932844","pt":1724780191671,"mc":[{"id":"1.232283631","rc":[{"ltp":1.7,"id":235}]}]}
{"op":"mcm","clk":"11944948859","pt":1724780310282,"mc":[{"id":"1.232283631","rc":[{"ltp":2.4,"id":349}]}]}
{"op":"mcm","clk":"11944954982","pt":1724780357104,"mc":[{"id":"1.232283631","rc":[{"ltp":1.71,"id":235}]}]}
{"op":"mcm","clk":"11944972233","pt":1724780486951,"mc":[{"id":"1.232283631","rc":[{"ltp":1.7,"id":235}]}]}
{"op":"mcm","clk":"11944981196","pt":1724780551210,"mc":[{"id":"1.232283631","rc":[{"ltp":1.71,"id":235}]}]}
{"op":"mcm","clk":"11944996443","pt":1724780667354,"mc":[{"id":"1.232283631","rc":[{"ltp":2.36,"id":349},{"ltp":1.73,"id":235}]}]}
{"op":"mcm","clk":"11945003689","pt":1724780722633,"mc":[{"id":"1.232283631","rc":[{"ltp":2.38,"id":349},{"ltp":1.72,"id":235}]}]}
{"op":"mcm","clk":"11945021146","pt":1724780850180,"mc":[{"id":"1.232283631","rc":[{"ltp":2.46,"id":349},{"ltp":1.69,"id":235}]}]}
{"op":"mcm","clk":"11945028922","pt":1724780909028,"mc":[{"id":"1.232283631","rc":[{"ltp":2.42,"id":349}]}]}
{"op":"mcm","clk":"11945035583","pt":1724780965462,"mc":[{"id":"1.232283631","rc":[{"ltp":1.7,"id":235}]}]}
{"op":"mcm","clk":"11945040079","pt":1724781001926,"mc":[{"id":"1.232283631","rc":[{"ltp":1.69,"id":235}]}]}
{"op":"mcm","clk":"11945056461","pt":1724781136677,"mc":[{"id":"1.232283631","rc":[{"ltp":1.7,"id":235}]}]}
{"op":"mcm","clk":"11945065181","pt":1724781210951,"mc":[{"id":"1.232283631","rc":[{"ltp":1.69,"id":235}]}]}
{"op":"mcm","clk":"11945072089","pt":1724781270507,"mc":[{"id":"1.232283631","rc":[{"ltp":1.7,"id":235}]}]}
{"op":"mcm","clk":"11945086283","pt":1724781388749,"mc":[{"id":"1.232283631","rc":[{"ltp":2.44,"id":349}]}]}
{"op":"mcm","clk":"11945093617","pt":1724781450995,"mc":[{"id":"1.232283631","rc":[{"ltp":2.42,"id":349},{"ltp":1.71,"id":235}]}]}
{"op":"mcm","clk":"11945100458","pt":1724781506577,"mc":[{"id":"1.232283631","rc":[{"ltp":1.7,"id":235}]}]}
{"op":"mcm","clk":"11945106146","pt":1724781555216,"mc":[{"id":"1.232283631","rc":[{"ltp":1.69,"id":235}]}]}
{"op":"mcm","clk":"11945115177","pt":1724781631732,"mc":[{"id":"1.232283631","rc":[{"ltp":1.7,"id":235}]}]}
{"op":"mcm","clk":"11945123754","pt":1724781692807,"mc":[{"id":"1.232283631","rc":[{"ltp":1.69,"id":235}]}]}
{"op":"mcm","clk":"11945157475","pt":1724781930465,"mc":[{"id":"1.232283631","rc":[{"ltp":2.4,"id":349},{"ltp":1.71,"id":235}]}]}
{"op":"mcm","clk":"11945183445","pt":1724782107019,"mc":[{"id":"1.232283631","rc":[{"ltp":1.7,"id":235}]}]}
{"op":"mcm","clk":"11945202169","pt":1724782233710,"mc":[{"id":"1.232283631","rc":[{"ltp":1.71,"id":235}]}]}
{"op":"mcm","clk":"11945211112","pt":1724782293867,"mc":[{"id":"1.232283631","rc":[{"ltp":2.38,"id":349},{"ltp":1.72,"id":235}]}]}
{"op":"mcm","clk":"11945239880","pt":1724782411782,"mc":[{"id":"1.232283631","rc":[{"ltp":1.73,"id":235}]}]}
{"op":"mcm","clk":"11945246945","pt":1724782457169,"mc":[{"id":"1.232283631","rc":[{"ltp":1.72,"id":235}]}]}
{"op":"mcm","clk":"11945258936","pt":1724782531728,"mc":[{"id":"1.232283631","rc":[{"ltp":2.4,"id":349}]}]}
{"op":"mcm","clk":"11945269558","pt":1724782594223,"mc":[{"id":"1.232283631","rc":[{"ltp":1.71,"id":235}]}]}
{"op":"mcm","clk":"11945275913","pt":1724782634293,"mc":[{"id":"1.232283631","rc":[{"ltp":2.38,"id":349},{"ltp":1.73,"id":235}]}]}
{"op":"mcm","clk":"11945293228","pt":1724782750078,"mc":[{"id":"1.232283631","rc":[{"ltp":2.36,"id":349}]}]}
{"op":"mcm","clk":"11945305761","pt":1724782832978,"mc":[{"id":"1.232283631","rc":[{"ltp":2.4,"id":349},{"ltp":1.71,"id":235}]}]}
{"op":"mcm","clk":"11945334086","pt":1724783013658,"mc":[{"id":"1.232283631","rc":[{"ltp":2.38,"id":349},{"ltp":1.73,"id":235}]}]}
{"op":"mcm","clk":"11945352088","pt":1724783127217,"mc":[{"id":"1.232283631","rc":[{"ltp":1.72,"id":235}]}]}
{"op":"mcm","clk":"11945361096","pt":1724783185563,"mc":[{"id":"1.232283631","rc":[{"ltp":2.36,"id":349},{"ltp":1.73,"id":235}]}]}
{"op":"mcm","clk":"11945369831","pt":1724783248216,"mc":[{"id":"1.232283631","rc":[{"ltp":2.38,"id":349},{"ltp":1.72,"id":235}]}]}
{"op":"mcm","clk":"11945394351","pt":1724783429438,"mc":[{"id":"1.232283631","rc":[{"ltp":2.34,"id":349},{"ltp":1.74,"id":235}]}]}
{"op":"mcm","clk":"11945402490","pt":1724783491026,"mc":[{"id":"1.232283631","rc":[{"ltp":2.36,"id":349},{"ltp":1.73,"id":235}]}]}
{"op":"mcm","clk":"11945411663","pt":1724783553598,"mc":[{"id":"1.232283631","rc":[{"ltp":2.38,"id":349}]}]}
{"op":"mcm","clk":"11945420802","pt":1724783613895,"mc":[{"id":"1.232283631","rc":[{"ltp":2.34,"id":349},{"ltp":1.71,"id":235}]}]}
{"op":"mcm","clk":"11945429694","pt":1724783673799,"mc":[{"id":"1.232283631","rc":[{"ltp":2.38,"id":349},{"ltp":1.73,"id":235}]}]}
{"op":"mcm","clk":"11945438811","pt":1724783734036,"mc":[{"id":"1.232283631","rc":[{"ltp":1.71,"id":235}]}]}
{"op":"mcm","clk":"11945448539","pt":1724783793562,"mc":[{"id":"1.232283631","rc":[{"ltp":2.36,"id":349},{"ltp":1.72,"id":235}]}]}
{"op":"mcm","clk":"11945466720","pt":1724783912191,"mc":[{"id":"1.232283631","rc":[{"ltp":2.38,"id":349}]}]}
{"op":"mcm","clk":"11945476085","pt":1724783972039,"mc":[{"id":"1.232283631","rc":[{"ltp":2.4,"id":349},{"ltp":1.7,"id":235}]}]}
{"op":"mcm","clk":"11945485636","pt":1724784031952,"mc":[{"id":"1.232283631","rc":[{"ltp":2.48,"id":349},{"ltp":1.66,"id":235}]}]}
{"op":"mcm","clk":"11945496106","pt":1724784094048,"mc":[{"id":"1.232283631","rc":[{"ltp":2.4,"id":349},{"ltp":1.72,"id":235}]}]}
{"op":"mcm","clk":"11945506437","pt":1724784154226,"mc":[{"id":"1.232283631","rc":[{"ltp":1.71,"id":235}]}]}
{"op":"mcm","clk":"11945536329","pt":1724784333772,"mc":[{"id":"1.232283631","rc":[{"ltp":2.38,"id":349},{"ltp":1.74,"id":235}]}]}
{"op":"mcm","clk":"11945547056","pt":1724784393850,"mc":[{"id":"1.232283631","rc":[{"ltp":2.4,"id":349}]}]}
{"op":"mcm","clk":"11945557362","pt":1724784454239,"mc":[{"id":"1.232283631","rc":[{"ltp":2.36,"id":349},{"ltp":1.73,"id":235}]}]}
{"op":"mcm","clk":"11945567662","pt":1724784514222,"mc":[{"id":"1.232283631","rc":[{"ltp":2.4,"id":349},{"ltp":1.72,"id":235}]}]}
{"op":"mcm","clk":"11945577570","pt":1724784573358,"mc":[{"id":"1.232283631","rc":[{"ltp":1.73,"id":235}]}]}
{"op":"mcm","clk":"11945586873","pt":1724784632714,"mc":[{"id":"1.232283631","rc":[{"ltp":2.38,"id":349}]}]}
{"op":"mcm","clk":"11945605514","pt":1724784753854,"mc":[{"id":"1.232283631","rc":[{"ltp":2.36,"id":349}]}]}
{"op":"mcm","clk":"11945632749","pt":1724784933554,"mc":[{"id":"1.232283631","rc":[{"ltp":2.4,"id":349},{"ltp":1.72,"id":235}]}]}
{"op":"mcm","clk":"11945642126","pt":1724784993198,"mc":[{"id":"1.232283631","rc":[{"ltp":1.73,"id":235}]}]}
{"op":"mcm","clk":"11945658624","pt":1724785100731,"mc":[{"id":"1.232283631","rc":[{"ltp":2.36,"id":349},{"ltp":1.72,"id":235}]}]}
{"op":"mcm","clk":"11945669276","pt":1724785173722,"mc":[{"id":"1.232283631","rc":[{"ltp":1.74,"id":235}]}]}
{"op":"mcm","clk":"11945678825","pt":1724785234209,"mc":[{"id":"1.232283631","marketDefinition":{"bspMarket":false,"turnInPlayEnabled":true,"persistenceEnabled":true,"marketBaseRate":5.0,"eventId":"33527290","eventTypeId":"4","numberOfWinners":1,"bettingType":"ODDS","marketType":"MATCH_ODDS","marketTime":"2024-08-27T19:00:00.000Z","suspendTime":"2024-08-27T19:00:00.000Z","bspReconciled":false,"complete":true,"inPlay":true,"crossMatching":true,"runnersVoidable":false,"numberOfActiveRunners":2,"betDelay":5,"status":"OPEN","runners":[{"status":"ACTIVE","sortPriority":1,"id":235,"name":"West Indies"},{"status":"ACTIVE","sortPriority":2,"id":349,"name":"South Africa"}],"regulators":["MR_INT"],"countryCode":"GB","discountAllowed":true,"timezone":"GMT","openDate":"2024-08-27T19:00:00.000Z","version":6103834616,"name":"Match Odds","eventName":"West Indies v South Africa"},"rc":[{"ltp":2.32,"id":349},{"ltp":1.75,"id":235}]}]}
{"op":"mcm","clk":"11945687730","pt":1724785293619,"mc":[{"id":"1.232283631","rc":[{"ltp":2.36,"id":349},{"ltp":1.73,"id":235}]}]}
{"op":"mcm","clk":"11945698280","pt":1724785353312,"mc":[{"id":"1.232283631","rc":[{"ltp":2.34,"id":349}]}]}
{"op":"mcm","clk":"11945707339","pt":1724785414129,"mc":[{"id":"1.232283631","rc":[{"ltp":2.38,"id":349},{"ltp":1.74,"id":235}]}]}
{"op":"mcm","clk":"11945716299","pt":1724785472879,"mc":[{"id":"1.232283631","rc":[{"ltp":2.34,"id":349},{"ltp":1.79,"id":235}]}]}
{"op":"mcm","clk":"11945726403","pt":1724785533826,"mc":[{"id":"1.232283631","rc":[{"ltp":1.76,"id":235}]}]}
{"op":"mcm","clk":"11945736108","pt":1724785594103,"mc":[{"id":"1.232283631","rc":[{"ltp":2.36,"id":349},{"ltp":1.73,"id":235}]}]}
{"op":"mcm","clk":"11945744759","pt":1724785651227,"mc":[{"id":"1.232283631","rc":[{"ltp":2.42,"id":349},{"ltp":1.71,"id":235}]}]}
{"op":"mcm","clk":"11945753639","pt":1724785713639,"mc":[{"id":"1.232283631","rc":[{"ltp":2.38,"id":349}]}]}
{"op":"mcm","clk":"11945763013","pt":1724785773730,"mc":[{"id":"1.232283631","rc":[{"ltp":1.74,"id":235}]}]}
{"op":"mcm","clk":"11945772404","pt":1724785833935,"mc":[{"id":"1.232283631","rc":[{"ltp":1.72,"id":235}]}]}
{"op":"mcm","clk":"11945780931","pt":1724785887468,"mc":[{"id":"1.232283631","rc":[{"ltp":2.4,"id":349}]}]}
{"op":"mcm","clk":"11945791778","pt":1724785954113,"mc":[{"id":"1.232283631","rc":[{"ltp":2.38,"id":349}]}]}
{"op":"mcm","clk":"11945800812","pt":1724786013255,"mc":[{"id":"1.232283631","rc":[{"ltp":2.34,"id":349},{"ltp":1.74,"id":235}]}]}
{"op":"mcm","clk":"11945809785","pt":1724786073729,"mc":[{"id":"1.232283631","rc":[{"ltp":2.38,"id":349},{"ltp":1.72,"id":235}]}]}
{"op":"mcm","clk":"11945818428","pt":1724786130108,"mc":[{"id":"1.232283631","rc":[{"ltp":2.36,"id":349}]}]}
{"op":"mcm","clk":"11945828110","pt":1724786193356,"mc":[{"id":"1.232283631","rc":[{"ltp":2.4,"id":349},{"ltp":1.71,"id":235}]}]}
{"op":"mcm","clk":"11945835702","pt":1724786242535,"mc":[{"id":"1.232283631","rc":[{"ltp":2.36,"id":349},{"ltp":1.72,"id":235}]}]}
{"op":"mcm","clk":"11945846780","pt":1724786313408,"mc":[{"id":"1.232283631","rc":[{"ltp":2.42,"id":349},{"ltp":1.71,"id":235}]}]}
{"op":"mcm","clk":"11945856447","pt":1724786374192,"mc":[{"id":"1.232283631","rc":[{"ltp":2.36,"id":349},{"ltp":1.73,"id":235}]}]}
{"op":"mcm","clk":"11945874405","pt":1724786488005,"mc":[{"id":"1.232283631","rc":[{"ltp":2.4,"id":349},{"ltp":1.72,"id":235}]}]}
{"op":"mcm","clk":"11945883856","pt":1724786551417,"mc":[{"id":"1.232283631","rc":[{"ltp":2.36,"id":349},{"ltp":1.73,"id":235}]}]}
{"op":"mcm","clk":"11945893240","pt":1724786613858,"mc":[{"id":"1.232283631","rc":[{"ltp":1.72,"id":235}]}]}
{"op":"mcm","clk":"11945902345","pt":1724786673241,"mc":[{"id":"1.232283631","rc":[{"ltp":2.38,"id":349},{"ltp":1.71,"id":235}]}]}
{"op":"mcm","clk":"11945911462","pt":1724786733428,"mc":[{"id":"1.232283631","rc":[{"ltp":1.72,"id":235}]}]}
{"op":"mcm","clk":"11945920045","pt":1724786793500,"mc":[{"id":"1.232283631","rc":[{"ltp":1.71,"id":235}]}]}
{"op":"mcm","clk":"11945927442","pt":1724786850200,"mc":[{"id":"1.232283631","rc":[{"ltp":1.73,"id":235}]}]}
{"op":"mcm","clk":"11945936102","pt":1724786912692,"mc":[{"id":"1.232283631","rc":[{"ltp":1.74,"id":235}]}]}
{"op":"mcm","clk":"11945944137","pt":1724786972062,"mc":[{"id":"1.232283631","rc":[{"ltp":1.77,"id":235}]}]}
{"op":"mcm","clk":"11945951901","pt":1724787030361,"mc":[{"id":"1.232283631","rc":[{"ltp":1.74,"id":235}]}]}
{"op":"mcm","clk":"11945967797","pt":1724787153863,"mc":[{"id":"1.232283631","rc":[{"ltp":1.73,"id":235}]}]}
{"op":"mcm","clk":"11945974754","pt":1724787207158,"mc":[{"id":"1.232283631","rc":[{"ltp":1.72,"id":235}]}]}
{"op":"mcm","clk":"11945982857","pt":1724787273329,"mc":[{"id":"1.232283631","rc":[{"ltp":2.36,"id":349},{"ltp":1.75,"id":235}]}]}
{"op":"mcm","clk":"11945990389","pt":1724787333101,"mc":[{"id":"1.232283631","rc":[{"ltp":1.74,"id":235}]}]}
{"op":"mcm","clk":"11945997476","pt":1724787394200,"mc":[{"id":"1.232283631","rc":[{"ltp":1.78,"id":235}]}]}
{"op":"mcm","clk":"11946005476","pt":1724787453612,"mc":[{"id":"1.232283631","rc":[{"ltp":2.34,"id":349},{"ltp":1.73,"id":235}]}]}
{"op":"mcm","clk":"11946021426","pt":1724787574052,"mc":[{"id":"1.232283631","rc":[{"ltp":2.36,"id":349}]}]}
{"op":"mcm","clk":"11946029256","pt":1724787634190,"mc":[{"id":"1.232283631","rc":[{"ltp":2.32,"id":349},{"ltp":1.74,"id":235}]}]}
{"op":"mcm","clk":"11946036213","pt":1724787693729,"mc":[{"id":"1.232283631","rc":[{"ltp":2.34,"id":349}]}]}
{"op":"mcm","clk":"11946043066","pt":1724787753642,"mc":[{"id":"1.232283631","rc":[{"ltp":2.48,"id":349},{"ltp":1.66,"id":235}]}]}
{"op":"mcm","clk":"11946060365","pt":1724787813432,"mc":[{"id":"1.232283631","rc":[{"ltp":2.52,"id":349},{"ltp":1.67,"id":235}]}]}
{"op":"mcm","clk":"11946068207","pt":1724787873917,"mc":[{"id":"1.232283631","rc":[{"ltp":2.46,"id":349},{"ltp":1.66,"id":235}]}]}
{"op":"mcm","clk":"11946075945","pt":1724787934260,"mc":[{"id":"1.232283631","rc":[{"ltp":2.58,"id":349},{"ltp":1.62,"id":235}]}]}
{"op":"mcm","clk":"11946084150","pt":1724787994134,"mc":[{"id":"1.232283631","rc":[{"ltp":2.6,"id":349},{"ltp":1.63,"id":235}]}]}
{"op":"mcm","clk":"11946092101","pt":1724788054020,"mc":[{"id":"1.232283631","rc":[{"ltp":2.56,"id":349},{"ltp":1.64,"id":235}]}]}
{"op":"mcm","clk":"11946099540","pt":1724788113021,"mc":[{"id":"1.232283631","rc":[{"ltp":1.65,"id":235}]}]}
{"op":"mcm","clk":"11946107907","pt":1724788173879,"mc":[{"id":"1.232283631","rc":[{"ltp":2.6,"id":349},{"ltp":1.62,"id":235}]}]}
{"op":"mcm","clk":"11946133094","pt":1724788353003,"mc":[{"id":"1.232283631","rc":[{"ltp":1.61,"id":235}]}]}
{"op":"mcm","clk":"11946141347","pt":1724788413702,"mc":[{"id":"1.232283631","rc":[{"ltp":2.62,"id":349},{"ltp":1.62,"id":235}]}]}
{"op":"mcm","clk":"11946149028","pt":1724788474263,"mc":[{"id":"1.232283631","rc":[{"ltp":1.61,"id":235}]}]}
{"op":"mcm","clk":"11946164113","pt":1724788594083,"mc":[{"id":"1.232283631","rc":[{"ltp":1.62,"id":235}]}]}
{"op":"mcm","clk":"11946171704","pt":1724788654228,"mc":[{"id":"1.232283631","rc":[{"ltp":2.6,"id":349},{"ltp":1.61,"id":235}]}]}
{"op":"mcm","clk":"11946179540","pt":1724788713909,"mc":[{"id":"1.232283631","rc":[{"ltp":1.62,"id":235}]}]}
{"op":"mcm","clk":"11946187405","pt":1724788773964,"mc":[{"id":"1.232283631","rc":[{"ltp":2.58,"id":349},{"ltp":1.63,"id":235}]}]}
{"op":"mcm","clk":"11946194785","pt":1724788834225,"mc":[{"id":"1.232283631","rc":[{"ltp":2.52,"id":349},{"ltp":1.65,"id":235}]}]}
{"op":"mcm","clk":"11946201945","pt":1724788894223,"mc":[{"id":"1.232283631","rc":[{"ltp":2.56,"id":349},{"ltp":1.63,"id":235}]}]}
{"op":"mcm","clk":"11946209263","pt":1724788954180,"mc":[{"id":"1.232283631","rc":[{"ltp":2.58,"id":349}]}]}
{"op":"mcm","clk":"11946217346","pt":1724789014225,"mc":[{"id":"1.232283631","rc":[{"ltp":2.76,"id":349},{"ltp":1.57,"id":235}]}]}
{"op":"mcm","clk":"11946225408","pt":1724789074177,"mc":[{"id":"1.232283631","rc":[{"ltp":2.8,"id":349},{"ltp":1.55,"id":235}]}]}
{"op":"mcm","clk":"11946233210","pt":1724789134186,"mc":[{"id":"1.232283631","rc":[{"ltp":2.84,"id":349},{"ltp":1.54,"id":235}]}]}
{"op":"mcm","clk":"11946241105","pt":1724789194230,"mc":[{"id":"1.232283631","rc":[{"ltp":3.0,"id":349},{"ltp":1.5,"id":235}]}]}
{"op":"mcm","clk":"11946249424","pt":1724789254203,"mc":[{"id":"1.232283631","rc":[{"ltp":3.05,"id":349},{"ltp":1.47,"id":235}]}]}
{"op":"mcm","clk":"11946266470","pt":1724789374253,"mc":[{"id":"1.232283631","rc":[{"ltp":3.2,"id":349},{"ltp":1.45,"id":235}]}]}
{"op":"mcm","clk":"11946283298","pt":1724789494198,"mc":[{"id":"1.232283631","rc":[{"ltp":3.35,"id":349},{"ltp":1.41,"id":235}]}]}
{"op":"mcm","clk":"11946291297","pt":1724789554039,"mc":[{"id":"1.232283631","rc":[{"ltp":3.55,"id":349},{"ltp":1.4,"id":235}]}]}
{"op":"mcm","clk":"11946299197","pt":1724789614232,"mc":[{"id":"1.232283631","rc":[{"ltp":2.9,"id":349},{"ltp":1.53,"id":235}]}]}
{"op":"mcm","clk":"11946314013","pt":1724789734237,"mc":[{"id":"1.232283631","rc":[{"ltp":2.98,"id":349},{"ltp":1.51,"id":235}]}]}
{"op":"mcm","clk":"11946321078","pt":1724789794191,"mc":[{"id":"1.232283631","rc":[{"ltp":2.68,"id":349},{"ltp":1.59,"id":235}]}]}
{"op":"mcm","clk":"11946328117","pt":1724789854251,"mc":[{"id":"1.232283631","rc":[{"ltp":2.78,"id":349},{"ltp":1.56,"id":235}]}]}
{"op":"mcm","clk":"11946335217","pt":1724789914204,"mc":[{"id":"1.232283631","rc":[{"ltp":2.92,"id":349},{"ltp":1.52,"id":235}]}]}
{"op":"mcm","clk":"11946342395","pt":1724789974178,"mc":[{"id":"1.232283631","rc":[{"ltp":2.88,"id":349}]}]}
{"op":"mcm","clk":"11946349770","pt":1724790033770,"mc":[{"id":"1.232283631","rc":[{"ltp":2.94,"id":349},{"ltp":1.53,"id":235}]}]}
{"op":"mcm","clk":"11946357096","pt":1724790093755,"mc":[{"id":"1.232283631","rc":[{"ltp":2.84,"id":349},{"ltp":1.54,"id":235}]}]}
{"op":"mcm","clk":"11946370403","pt":1724790214153,"mc":[{"id":"1.232283631","rc":[{"ltp":2.88,"id":349},{"ltp":1.53,"id":235}]}]}
{"op":"mcm","clk":"11946387066","pt":1724790393924,"mc":[{"id":"1.232283631","rc":[{"ltp":2.9,"id":349}]}]}
{"op":"mcm","clk":"11946392918","pt":1724790453745,"mc":[{"id":"1.232283631","rc":[{"ltp":2.92,"id":349}]}]}
{"op":"mcm","clk":"11946398652","pt":1724790513900,"mc":[{"id":"1.232283631","rc":[{"ltp":2.94,"id":349},{"ltp":1.52,"id":235}]}]}
{"op":"mcm","clk":"11946404053","pt":1724790574195,"mc":[{"id":"1.232283631","rc":[{"ltp":2.88,"id":349},{"ltp":1.53,"id":235}]}]}
{"op":"mcm","clk":"11946409269","pt":1724790634015,"mc":[{"id":"1.232283631","rc":[{"ltp":2.9,"id":349}]}]}
{"op":"mcm","clk":"11946414634","pt":1724790693902,"mc":[{"id":"1.232283631","rc":[{"ltp":2.88,"id":349},{"ltp":1.52,"id":235}]}]}
{"op":"mcm","clk":"11946420334","pt":1724790753956,"mc":[{"id":"1.232283631","rc":[{"ltp":1.53,"id":235}]}]}
{"op":"mcm","clk":"11946425317","pt":1724790814213,"mc":[{"id":"1.232283631","rc":[{"ltp":2.9,"id":349},{"ltp":1.52,"id":235}]}]}
{"op":"mcm","clk":"11946430367","pt":1724790874214,"mc":[{"id":"1.232283631","rc":[{"ltp":1.53,"id":235}]}]}
{"op":"mcm","clk":"11946434427","pt":1724790933686,"mc":[{"id":"1.232283631","rc":[{"ltp":2.88,"id":349}]}]}
{"op":"mcm","clk":"11946437982","pt":1724790993703,"mc":[{"id":"1.232283631","rc":[{"ltp":2.9,"id":349}]}]}
{"op":"mcm","clk":"11946441842","pt":1724791053962,"mc":[{"id":"1.232283631","rc":[{"ltp":1.52,"id":235}]}]}
{"op":"mcm","clk":"11946445768","pt":1724791113086,"mc":[{"id":"1.232283631","rc":[{"ltp":2.88,"id":349},{"ltp":1.53,"id":235}]}]}
{"op":"mcm","clk":"11946449367","pt":1724791173561,"mc":[{"id":"1.232283631","rc":[{"ltp":2.9,"id":349}]}]}
{"op":"mcm","clk":"11946452954","pt":1724791233607,"mc":[{"id":"1.232283631","rc":[{"ltp":2.86,"id":349}]}]}
{"op":"mcm","clk":"11946456830","pt":1724791293512,"mc":[{"id":"1.232283631","rc":[{"ltp":2.88,"id":349},{"ltp":1.54,"id":235}]}]}
{"op":"mcm","clk":"11946461141","pt":1724791353044,"mc":[{"id":"1.232283631","rc":[{"ltp":1.53,"id":235}]}]}
{"op":"mcm","clk":"11946476143","pt":1724791593505,"mc":[{"id":"1.232283631","rc":[{"ltp":2.86,"id":349}]}]}
{"op":"mcm","clk":"11946481543","pt":1724791712926,"mc":[{"id":"1.232283631","rc":[{"ltp":2.88,"id":349},{"ltp":1.52,"id":235}]}]}
{"op":"mcm","clk":"11946486708","pt":1724791833648,"mc":[{"id":"1.232283631","rc":[{"ltp":2.92,"id":349}]}]}
{"op":"mcm","clk":"11946489090","pt":1724791889885,"mc":[{"id":"1.232283631","rc":[{"ltp":2.88,"id":349},{"ltp":1.53,"id":235}]}]}
{"op":"mcm","clk":"11946491892","pt":1724791951643,"mc":[{"id":"1.232283631","rc":[{"ltp":1.52,"id":235}]}]}
{"op":"mcm","clk":"11946494513","pt":1724792010425,"mc":[{"id":"1.232283631","rc":[{"ltp":2.9,"id":349},{"ltp":1.53,"id":235}]}]}
{"op":"mcm","clk":"11946497376","pt":1724792073428,"mc":[{"id":"1.232283631","rc":[{"ltp":2.92,"id":349},{"ltp":1.52,"id":235}]}]}
{"op":"mcm","clk":"11946500139","pt":1724792132083,"mc":[{"id":"1.232283631","rc":[{"ltp":2.9,"id":349}]}]}
{"op":"mcm","clk":"11946503238","pt":1724792194134,"mc":[{"id":"1.232283631","rc":[{"ltp":2.92,"id":349}]}]}
{"op":"mcm","clk":"11946512756","pt":1724792373236,"mc":[{"id":"1.232283631","rc":[{"ltp":2.9,"id":349}]}]}
{"op":"mcm","clk":"11946516783","pt":1724792433310,"mc":[{"id":"1.232283631","rc":[{"ltp":2.88,"id":349},{"ltp":1.53,"id":235}]}]}
{"op":"mcm","clk":"11946525184","pt":1724792552644,"mc":[{"id":"1.232283631","rc":[{"ltp":1.54,"id":235}]}]}
{"op":"mcm","clk":"11946529140","pt":1724792611702,"mc":[{"id":"1.232283631","rc":[{"ltp":1.53,"id":235}]}]}
{"op":"mcm","clk":"11946533180","pt":1724792673444,"mc":[{"id":"1.232283631","rc":[{"ltp":2.86,"id":349},{"ltp":1.54,"id":235}]}]}
{"op":"mcm","clk":"11946541462","pt":1724792793887,"mc":[{"id":"1.232283631","rc":[{"ltp":1.53,"id":235}]}]}
{"op":"mcm","clk":"11946545642","pt":1724792854154,"mc":[{"id":"1.232283631","rc":[{"ltp":2.9,"id":349},{"ltp":1.51,"id":235}]}]}
{"op":"mcm","clk":"11946549302","pt":1724792906558,"mc":[{"id":"1.232283631","rc":[{"ltp":1.52,"id":235}]}]}
{"op":"mcm","clk":"11946553367","pt":1724792972718,"mc":[{"id":"1.232283631","rc":[{"ltp":1.53,"id":235}]}]}
{"op":"mcm","clk":"11946557264","pt":1724793033180,"mc":[{"id":"1.232283631","rc":[{"ltp":1.52,"id":235}]}]}
{"op":"mcm","clk":"11946560362","pt":1724793084712,"mc":[{"id":"1.232283631","rc":[{"ltp":2.86,"id":349},{"ltp":1.53,"id":235}]}]}
{"op":"mcm","clk":"11946564665","pt":1724793153797,"mc":[{"id":"1.232283631","rc":[{"ltp":1.54,"id":235}]}]}
{"op":"mcm","clk":"11946578406","pt":1724793209959,"mc":[{"id":"1.232283631","rc":[{"ltp":2.9,"id":349}]}]}
{"op":"mcm","clk":"11946582403","pt":1724793273341,"mc":[{"id":"1.232283631","rc":[{"ltp":1.52,"id":235}]}]}
{"op":"mcm","clk":"11946586449","pt":1724793332788,"mc":[{"id":"1.232283631","rc":[{"ltp":2.88,"id":349}]}]}
{"op":"mcm","clk":"11946603303","pt":1724793573906,"mc":[{"id":"1.232283631","rc":[{"ltp":2.94,"id":349},{"ltp":1.53,"id":235}]}]}
{"op":"mcm","clk":"11946607452","pt":1724793632802,"mc":[{"id":"1.232283631","rc":[{"ltp":2.88,"id":349},{"ltp":1.52,"id":235}]}]}
{"op":"mcm","clk":"11946611736","pt":1724793693242,"mc":[{"id":"1.232283631","rc":[{"ltp":1.53,"id":235}]}]}
{"op":"mcm","clk":"11946615920","pt":1724793754108,"mc":[{"id":"1.232283631","rc":[{"ltp":3.0,"id":349},{"ltp":1.49,"id":235}]}]}
{"op":"mcm","clk":"11946620277","pt":1724793813879,"mc":[{"id":"1.232283631","rc":[{"ltp":3.15,"id":349}]}]}
{"op":"mcm","clk":"11946629149","pt":1724793933625,"mc":[{"id":"1.232283631","rc":[{"ltp":3.0,"id":349},{"ltp":1.5,"id":235}]}]}
{"op":"mcm","clk":"11946643420","pt":1724794114190,"mc":[{"id":"1.232283631","rc":[{"ltp":1.49,"id":235}]}]}
{"op":"mcm","clk":"11946648367","pt":1724794174263,"mc":[{"id":"1.232283631","rc":[{"ltp":3.05,"id":349},{"ltp":1.48,"id":235}]}]}
{"op":"mcm","clk":"11946653285","pt":1724794234237,"mc":[{"id":"1.232283631","rc":[{"ltp":3.1,"id":349},{"ltp":1.47,"id":235}]}]}
{"op":"mcm","clk":"11946658477","pt":1724794294169,"mc":[{"id":"1.232283631","rc":[{"ltp":4.4,"id":349},{"ltp":1.29,"id":235}]}]}
{"op":"mcm","clk":"11946663325","pt":1724794354166,"mc":[{"id":"1.232283631","rc":[{"ltp":3.9,"id":349},{"ltp":1.34,"id":235}]}]}
{"op":"mcm","clk":"11946668030","pt":1724794414134,"mc":[{"id":"1.232283631","rc":[{"ltp":4.0,"id":349},{"ltp":1.35,"id":235}]}]}
{"op":"mcm","clk":"11946672878","pt":1724794474255,"mc":[{"id":"1.232283631","rc":[{"ltp":4.4,"id":349},{"ltp":1.28,"id":235}]}]}
{"op":"mcm","clk":"11946677452","pt":1724794534231,"mc":[{"id":"1.232283631","rc":[{"ltp":4.9,"id":349},{"ltp":1.25,"id":235}]}]}
{"op":"mcm","clk":"11946682065","pt":1724794594170,"mc":[{"id":"1.232283631","rc":[{"ltp":5.1,"id":349},{"ltp":1.24,"id":235}]}]}
{"op":"mcm","clk":"11946686809","pt":1724794654255,"mc":[{"id":"1.232283631","rc":[{"ltp":4.6,"id":349},{"ltp":1.27,"id":235}]}]}
{"op":"mcm","clk":"11946691689","pt":1724794714236,"mc":[{"id":"1.232283631","rc":[{"ltp":4.2,"id":349},{"ltp":1.31,"id":235}]}]}
{"op":"mcm","clk":"11946696648","pt":1724794774174,"mc":[{"id":"1.232283631","rc":[{"ltp":4.1,"id":349},{"ltp":1.32,"id":235}]}]}
{"op":"mcm","clk":"11946701752","pt":1724794834230,"mc":[{"id":"1.232283631","rc":[{"ltp":1.31,"id":235}]}]}
{"op":"mcm","clk":"11946706406","pt":1724794893904,"mc":[{"id":"1.232283631","rc":[{"ltp":1.32,"id":235}]}]}
{"op":"mcm","clk":"11946710802","pt":1724794954216,"mc":[{"id":"1.232283631","rc":[{"ltp":3.6,"id":349},{"ltp":1.39,"id":235}]}]}
{"op":"mcm","clk":"11946715452","pt":1724795014217,"mc":[{"id":"1.232283631","rc":[{"ltp":3.2,"id":349},{"ltp":1.47,"id":235}]}]}
{"op":"mcm","clk":"11946719954","pt":1724795074182,"mc":[{"id":"1.232283631","rc":[{"ltp":3.25,"id":349},{"ltp":1.44,"id":235}]}]}
{"op":"mcm","clk":"11946724994","pt":1724795134201,"mc":[{"id":"1.232283631","rc":[{"ltp":3.3,"id":349},{"ltp":1.43,"id":235}]}]}
{"op":"mcm","clk":"11946730084","pt":1724795194257,"mc":[{"id":"1.232283631","rc":[{"ltp":3.2,"id":349},{"ltp":1.45,"id":235}]}]}
{"op":"mcm","clk":"11946735118","pt":1724795254143,"mc":[{"id":"1.232283631","rc":[{"ltp":3.25,"id":349}]}]}
{"op":"mcm","clk":"11946740297","pt":1724795314035,"mc":[{"id":"1.232283631","rc":[{"ltp":2.7,"id":349},{"ltp":1.59,"id":235}]}]}
{"op":"mcm","clk":"11946745488","pt":1724795374187,"mc":[{"id":"1.232283631","rc":[{"ltp":2.56,"id":349},{"ltp":1.63,"id":235}]}]}
{"op":"mcm","clk":"11946750388","pt":1724795434099,"mc":[{"id":"1.232283631","rc":[{"ltp":2.72,"id":349},{"ltp":1.58,"id":235}]}]}
{"op":"mcm","clk":"11946755293","pt":1724795494262,"mc":[{"id":"1.232283631","rc":[{"ltp":3.1,"id":349},{"ltp":1.47,"id":235}]}]}
{"op":"mcm","clk":"11946759709","pt":1724795554247,"mc":[{"id":"1.232283631","rc":[{"ltp":3.0,"id":349},{"ltp":1.52,"id":235}]}]}
{"op":"mcm","clk":"11946764371","pt":1724795614106,"mc":[{"id":"1.232283631","rc":[{"ltp":2.78,"id":349},{"ltp":1.55,"id":235}]}]}
{"op":"mcm","clk":"11946768713","pt":1724795674211,"mc":[{"id":"1.232283631","rc":[{"ltp":3.2,"id":349},{"ltp":1.45,"id":235}]}]}
{"op":"mcm","clk":"11946773059","pt":1724795734094,"mc":[{"id":"1.232283631","rc":[{"ltp":3.4,"id":349},{"ltp":1.4,"id":235}]}]}
{"op":"mcm","clk":"11946777630","pt":1724795794252,"mc":[{"id":"1.232283631","rc":[{"ltp":3.65,"id":349},{"ltp":1.38,"id":235}]}]}
{"op":"mcm","clk":"11946782547","pt":1724795854184,"mc":[{"id":"1.232283631","rc":[{"ltp":3.6,"id":349}]}]}
{"op":"mcm","clk":"11946786823","pt":1724795914258,"mc":[{"id":"1.232283631","rc":[{"ltp":4.1,"id":349},{"ltp":1.33,"id":235}]}]}
{"op":"mcm","clk":"11946791660","pt":1724795974209,"mc":[{"id":"1.232283631","rc":[{"ltp":4.4,"id":349},{"ltp":1.29,"id":235}]}]}
{"op":"mcm","clk":"11946796857","pt":1724796034261,"mc":[{"id":"1.232283631","rc":[{"ltp":3.55,"id":349},{"ltp":1.41,"id":235}]}]}
{"op":"mcm","clk":"11946801995","pt":1724796094215,"mc":[{"id":"1.232283631","rc":[{"ltp":3.0,"id":349},{"ltp":1.5,"id":235}]}]}
{"op":"mcm","clk":"11946807145","pt":1724796153994,"mc":[{"id":"1.232283631","rc":[{"ltp":2.8,"id":349},{"ltp":1.56,"id":235}]}]}
{"op":"mcm","clk":"11946812389","pt":1724796214252,"mc":[{"id":"1.232283631","rc":[{"ltp":2.96,"id":349},{"ltp":1.51,"id":235}]}]}
{"op":"mcm","clk":"11946817656","pt":1724796274255,"mc":[{"id":"1.232283631","rc":[{"ltp":3.2,"id":349},{"ltp":1.43,"id":235}]}]}
{"op":"mcm","clk":"11946822756","pt":1724796334156,"mc":[{"id":"1.232283631","rc":[{"ltp":1.45,"id":235}]}]}
{"op":"mcm","clk":"11946833373","pt":1724796453814,"mc":[{"id":"1.232283631","rc":[{"ltp":3.0,"id":349},{"ltp":1.5,"id":235}]}]}
{"op":"mcm","clk":"11946838438","pt":1724796514164,"mc":[{"id":"1.232283631","rc":[{"ltp":2.54,"id":349},{"ltp":1.65,"id":235}]}]}
{"op":"mcm","clk":"11946843090","pt":1724796574234,"mc":[{"id":"1.232283631","rc":[{"ltp":2.22,"id":349},{"ltp":1.86,"id":235}]}]}
{"op":"mcm","clk":"11946848127","pt":1724796634266,"mc":[{"id":"1.232283631","rc":[{"ltp":2.68,"id":349},{"ltp":1.59,"id":235}]}]}
{"op":"mcm","clk":"11946852826","pt":1724796694249,"mc":[{"id":"1.232283631","rc":[{"ltp":2.78,"id":349},{"ltp":1.55,"id":235}]}]}
{"op":"mcm","clk":"11946857567","pt":1724796754127,"mc":[{"id":"1.232283631","rc":[{"ltp":2.74,"id":349},{"ltp":1.58,"id":235}]}]}
{"op":"mcm","clk":"11946862404","pt":1724796814169,"mc":[{"id":"1.232283631","rc":[{"ltp":2.68,"id":349},{"ltp":1.59,"id":235}]}]}
{"op":"mcm","clk":"11946882196","pt":1724797054086,"mc":[{"id":"1.232283631","rc":[{"ltp":2.7,"id":349},{"ltp":1.58,"id":235}]}]}
{"op":"mcm","clk":"11946887532","pt":1724797112489,"mc":[{"id":"1.232283631","rc":[{"ltp":2.74,"id":349}]}]}
{"op":"mcm","clk":"11946893168","pt":1724797174150,"mc":[{"id":"1.232283631","rc":[{"ltp":2.72,"id":349},{"ltp":1.59,"id":235}]}]}
{"op":"mcm","clk":"11946898335","pt":1724797233188,"mc":[{"id":"1.232283631","rc":[{"ltp":2.66,"id":349},{"ltp":1.58,"id":235}]}]}
{"op":"mcm","clk":"11946903754","pt":1724797294073,"mc":[{"id":"1.232283631","rc":[{"ltp":2.76,"id":349},{"ltp":1.56,"id":235}]}]}
{"op":"mcm","clk":"11946909285","pt":1724797353639,"mc":[{"id":"1.232283631","rc":[{"ltp":2.78,"id":349},{"ltp":1.57,"id":235}]}]}
{"op":"mcm","clk":"11946914590","pt":1724797413718,"mc":[{"id":"1.232283631","rc":[{"ltp":2.72,"id":349}]}]}
{"op":"mcm","clk":"11946919551","pt":1724797473390,"mc":[{"id":"1.232283631","rc":[{"ltp":2.66,"id":349},{"ltp":1.59,"id":235}]}]}
{"op":"mcm","clk":"11946924661","pt":1724797534259,"mc":[{"id":"1.232283631","rc":[{"ltp":2.68,"id":349},{"ltp":1.61,"id":235}]}]}
{"op":"mcm","clk":"11946930228","pt":1724797594206,"mc":[{"id":"1.232283631","rc":[{"ltp":2.22,"id":349},{"ltp":1.84,"id":235}]}]}
{"op":"mcm","clk":"11946935549","pt":1724797654200,"mc":[{"id":"1.232283631","rc":[{"ltp":2.24,"id":349},{"ltp":1.8,"id":235}]}]}
{"op":"mcm","clk":"11946941036","pt":1724797714164,"mc":[{"id":"1.232283631","rc":[{"ltp":2.98,"id":349},{"ltp":1.52,"id":235}]}]}
{"op":"mcm","clk":"11946945943","pt":1724797774242,"mc":[{"id":"1.232283631","rc":[{"ltp":2.78,"id":349},{"ltp":1.56,"id":235}]}]}
{"op":"mcm","clk":"11946950741","pt":1724797834205,"mc":[{"id":"1.232283631","rc":[{"ltp":3.6,"id":349},{"ltp":1.39,"id":235}]}]}
{"op":"mcm","clk":"11946955826","pt":1724797894081,"mc":[{"id":"1.232283631","rc":[{"ltp":3.2,"id":349},{"ltp":1.45,"id":235}]}]}
{"op":"mcm","clk":"11946961273","pt":1724797954229,"mc":[{"id":"1.232283631","rc":[{"ltp":4.3,"id":349},{"ltp":1.3,"id":235}]}]}
{"op":"mcm","clk":"11946966816","pt":1724798014182,"mc":[{"id":"1.232283631","rc":[{"ltp":3.9,"id":349},{"ltp":1.34,"id":235}]}]}
{"op":"mcm","clk":"11946972221","pt":1724798074167,"mc":[{"id":"1.232283631","rc":[{"ltp":3.85,"id":349},{"ltp":1.35,"id":235}]}]}
{"op":"mcm","clk":"11946977422","pt":1724798134169,"mc":[{"id":"1.232283631","rc":[{"ltp":4.4,"id":349},{"ltp":1.29,"id":235}]}]}
{"op":"mcm","clk":"11946982653","pt":1724798194132,"mc":[{"id":"1.232283631","rc":[{"ltp":5.7,"id":349},{"ltp":1.21,"id":235}]}]}
{"op":"mcm","clk":"11946988190","pt":1724798254197,"mc":[{"id":"1.232283631","rc":[{"ltp":10.0,"id":349},{"ltp":1.1,"id":235}]}]}
{"op":"mcm","clk":"11946993618","pt":1724798314214,"mc":[{"id":"1.232283631","rc":[{"ltp":7.2,"id":349},{"ltp":1.16,"id":235}]}]}
{"op":"mcm","clk":"11946999336","pt":1724798374201,"mc":[{"id":"1.232283631","rc":[{"ltp":8.6,"id":349},{"ltp":1.13,"id":235}]}]}
{"op":"mcm","clk":"11947004364","pt":1724798434242,"mc":[{"id":"1.232283631","rc":[{"ltp":9.2,"id":349},{"ltp":1.12,"id":235}]}]}
{"op":"mcm","clk":"11947009160","pt":1724798494242,"mc":[{"id":"1.232283631","rc":[{"ltp":11.0,"id":349},{"ltp":1.1,"id":235}]}]}
{"op":"mcm","clk":"11947028283","pt":1724798614217,"mc":[{"id":"1.232283631","rc":[{"ltp":26.0,"id":349},{"ltp":1.03,"id":235}]}]}
{"op":"mcm","clk":"11947033214","pt":1724798674217,"mc":[{"id":"1.232283631","rc":[{"ltp":50.0,"id":349},{"ltp":1.02,"id":235}]}]}
{"op":"mcm","clk":"11947038519","pt":1724798734081,"mc":[{"id":"1.232283631","rc":[{"ltp":18.0,"id":349},{"ltp":1.07,"id":235}]}]}
{"op":"mcm","clk":"11947043632","pt":1724798794243,"mc":[{"id":"1.232283631","rc":[{"ltp":15.5,"id":349}]}]}
{"op":"mcm","clk":"11947048722","pt":1724798854196,"mc":[{"id":"1.232283631","rc":[{"ltp":12.0,"id":349},{"ltp":1.09,"id":235}]}]}
{"op":"mcm","clk":"11947058768","pt":1724798974192,"mc":[{"id":"1.232283631","rc":[{"ltp":13.5,"id":349},{"ltp":1.08,"id":235}]}]}
{"op":"mcm","clk":"11947064016","pt":1724799034059,"mc":[{"id":"1.232283631","rc":[{"ltp":18.0,"id":349},{"ltp":1.06,"id":235}]}]}
{"op":"mcm","clk":"11947068720","pt":1724799094229,"mc":[{"id":"1.232283631","rc":[{"ltp":15.5,"id":349},{"ltp":1.07,"id":235}]}]}
{"op":"mcm","clk":"11947073184","pt":1724799154179,"mc":[{"id":"1.232283631","rc":[{"ltp":13.5,"id":349},{"ltp":1.08,"id":235}]}]}
{"op":"mcm","clk":"11947081987","pt":1724799274163,"mc":[{"id":"1.232283631","rc":[{"ltp":12.5,"id":349},{"ltp":1.09,"id":235}]}]}
{"op":"mcm","clk":"11947085975","pt":1724799334237,"mc":[{"id":"1.232283631","rc":[{"ltp":13.5,"id":349},{"ltp":1.08,"id":235}]}]}
{"op":"mcm","clk":"11947090816","pt":1724799394102,"mc":[{"id":"1.232283631","rc":[{"ltp":11.0,"id":349},{"ltp":1.09,"id":235}]}]}
{"op":"mcm","clk":"11947095448","pt":1724799454164,"mc":[{"id":"1.232283631","rc":[{"ltp":15.0,"id":349},{"ltp":1.07,"id":235}]}]}
{"op":"mcm","clk":"11947099673","pt":1724799514227,"mc":[{"id":"1.232283631","rc":[{"ltp":17.5,"id":349},{"ltp":1.06,"id":235}]}]}
{"op":"mcm","clk":"11947108183","pt":1724799634163,"mc":[{"id":"1.232283631","rc":[{"ltp":1.07,"id":235}]}]}
{"op":"mcm","clk":"11947112279","pt":1724799693919,"mc":[{"id":"1.232283631","rc":[{"ltp":1.05,"id":235}]}]}
{"op":"mcm","clk":"11947116577","pt":1724799754265,"mc":[{"id":"1.232283631","rc":[{"ltp":1.06,"id":235}]}]}
{"op":"mcm","clk":"11947120704","pt":1724799814046,"mc":[{"id":"1.232283631","rc":[{"ltp":22.0,"id":349},{"ltp":1.05,"id":235}]}]}
{"op":"mcm","clk":"11947124574","pt":1724799874262,"mc":[{"id":"1.232283631","rc":[{"ltp":21.0,"id":349}]}]}
{"op":"mcm","clk":"11947128662","pt":1724799933590,"mc":[{"id":"1.232283631","rc":[{"ltp":22.0,"id":349}]}]}
{"op":"mcm","clk":"11947132902","pt":1724799993892,"mc":[{"id":"1.232283631","rc":[{"ltp":23.0,"id":349},{"ltp":1.04,"id":235}]}]}
{"op":"mcm","clk":"11947137578","pt":1724800054232,"mc":[{"id":"1.232283631","rc":[{"ltp":50.0,"id":349},{"ltp":1.01,"id":235}]}]}
{"op":"mcm","clk":"11947142249","pt":1724800114105,"mc":[{"id":"1.232283631","rc":[{"ltp":75.0,"id":349},{"ltp":1.02,"id":235}]}]}
{"op":"mcm","clk":"11947146619","pt":1724800174195,"mc":[{"id":"1.232283631","rc":[{"ltp":100.0,"id":349},{"ltp":1.01,"id":235}]}]}
{"op":"mcm","clk":"11947151068","pt":1724800233971,"mc":[{"id":"1.232283631","rc":[{"ltp":110.0,"id":349}]}]}
{"op":"mcm","clk":"11947155567","pt":1724800293988,"mc":[{"id":"1.232283631","rc":[{"ltp":90.0,"id":349},{"ltp":1.02,"id":235}]}]}
{"op":"mcm","clk":"11947160421","pt":1724800354144,"mc":[{"id":"1.232283631","rc":[{"ltp":240.0,"id":349},{"ltp":1.01,"id":235}]}]}
{"op":"mcm","clk":"11947164821","pt":1724800413793,"mc":[{"id":"1.232283631","rc":[{"ltp":300.0,"id":349}]}]}
{"op":"mcm","clk":"11947169187","pt":1724800474253,"mc":[{"id":"1.232283631","rc":[{"ltp":190.0,"id":349}]}]}
{"op":"mcm","clk":"11947173751","pt":1724800534213,"mc":[{"id":"1.232283631","rc":[{"ltp":600.0,"id":349}]}]}
{"op":"mcm","clk":"11947178296","pt":1724800592689,"mc":[{"id":"1.232283631","rc":[{"ltp":1000.0,"id":349}]}]}
{"op":"mcm","clk":"11947191035","pt":1724800773999,"mc":[{"id":"1.232283631","marketDefinition":{"bspMarket":false,"turnInPlayEnabled":true,"persistenceEnabled":true,"marketBaseRate":5.0,"eventId":"33527290","eventTypeId":"4","numberOfWinners":1,"bettingType":"ODDS","marketType":"MATCH_ODDS","marketTime":"2024-08-27T19:00:00.000Z","suspendTime":"2024-08-27T19:00:00.000Z","bspReconciled":false,"complete":true,"inPlay":true,"crossMatching":true,"runnersVoidable":false,"numberOfActiveRunners":2,"betDelay":5,"status":"SUSPENDED","runners":[{"status":"ACTIVE","sortPriority":1,"id":235,"name":"West Indies"},{"status":"ACTIVE","sortPriority":2,"id":349,"name":"South Africa"}],"regulators":["MR_INT"],"countryCode":"GB","discountAllowed":true,"timezone":"GMT","openDate":"2024-08-27T19:00:00.000Z","version":6104325591,"name":"Match Odds","eventName":"West Indies v South Africa"}}]}
{"op":"mcm","clk":"11947206665","pt":1724800994949,"mc":[{"id":"1.232283631","marketDefinition":{"bspMarket":false,"turnInPlayEnabled":true,"persistenceEnabled":true,"marketBaseRate":5.0,"eventId":"33527290","eventTypeId":"4","numberOfWinners":1,"bettingType":"ODDS","marketType":"MATCH_ODDS","marketTime":"2024-08-27T19:00:00.000Z","suspendTime":"2024-08-27T19:00:00.000Z","bspReconciled":false,"complete":true,"inPlay":true,"crossMatching":false,"runnersVoidable":false,"numberOfActiveRunners":0,"betDelay":5,"status":"CLOSED","settledTime":"2024-08-27T23:22:35.000Z","runners":[{"status":"WINNER","sortPriority":1,"id":235,"name":"West Indies"},{"status":"LOSER","sortPriority":2,"id":349,"name":"South Africa"}],"regulators":["MR_INT"],"countryCode":"GB","discountAllowed":true,"timezone":"GMT","openDate":"2024-08-27T19:00:00.000Z","version":6104327774,"name":"Match Odds","eventName":"West Indies v South Africa"}}]}
