{"op":"mcm","clk":"11811302698","pt":1722764028877,"mc":[{"id":"1.231432152","marketDefinition":{"bspMarket":false,"turnInPlayEnabled":true,"persistenceEnabled":true,"marketBaseRate":5.0,"eventId":"33467051","eventTypeId":"4","numberOfWinners":1,"bettingType":"ODDS","marketType":"MATCH_ODDS","marketTime":"2024-08-06T14:00:00.000Z","suspendTime":"2024-08-06T14:00:00.000Z","bspReconciled":false,"complete":true,"inPlay":false,"crossMatching":true,"runnersVoidable":false,"numberOfActiveRunners":2,"betDelay":0,"status":"OPEN","runners":[{"status":"ACTIVE","sortPriority":1,"id":26354922,"name":"Manchester Originals"},{"status":"ACTIVE","sortPriority":2,"id":26354923,"name":"Oval Invincibles"}],"regulators":["MR_INT"],"countryCode":"GB","discountAllowed":true,"timezone":"GMT","openDate":"2024-08-06T14:00:00.000Z","version":6056063757,"name":"Match Odds","eventName":"Manchester Originals v Oval Invincibles"}}]}
{"op":"mcm","clk":"11816006856","pt":1722805519120,"mc":[{"id":"1.231432152","rc":[{"ltp":1.56,"id":26354923}]}]}
{"op":"mcm","clk":"11818925009","pt":1722869416456,"mc":[{"id":"1.231432152","rc":[{"ltp":2.64,"id":26354922}]}]}
{"op":"mcm","clk":"11819048944","pt":1722871309509,"mc":[{"id":"1.231432152","rc":[{"ltp":1.61,"id":26354923}]}]}
{"op":"mcm","clk":"11820422733","pt":1722885986930,"mc":[{"id":"1.231432152","rc":[{"ltp":1.58,"id":26354923}]}]}
{"op":"mcm","clk":"11820640771","pt":1722889005021,"mc":[{"id":"1.231432152","rc":[{"ltp":1.54,"id":26354923}]}]}
{"op":"mcm","clk":"11820745030","pt":1722891044554,"mc":[{"id":"1.231432152","rc":[{"ltp":1.62,"id":26354923}]}]}
{"op":"mcm","clk":"11820747476","pt":1722891105643,"mc":[{"id":"1.231432152","rc":[{"ltp":1.64,"id":26354923},{"ltp":2.58,"id":26354922}]}]}
{"op":"mcm","clk":"11820749604","pt":1722891160508,"mc":[{"id":"1.231432152","rc":[{"ltp":1.6,"id":26354923}]}]}
{"op":"mcm","clk":"11820758550","pt":1722891389888,"mc":[{"id":"1.231432152","rc":[{"ltp":1.61,"id":26354923}]}]}
{"op":"mcm","clk":"11820776989","pt":1722891940665,"mc":[{"id":"1.231432152","rc":[{"ltp":1.6,"id":26354923}]}]}
{"op":"mcm","clk":"11820795106","pt":1722892548048,"mc":[{"id":"1.231432152","rc":[{"ltp":1.61,"id":26354923}]}]}
{"op":"mcm","clk":"11820809697","pt":1722893076998,"mc":[{"id":"1.231432152","rc":[{"ltp":2.64,"id":26354922}]}]}
{"op":"mcm","clk":"11820837405","pt":1722894084714,"mc":[{"id":"1.231432152","rc":[{"ltp":1.62,"id":26354923}]}]}
{"op":"mcm","clk":"11821052172","pt":1722901125271,"mc":[{"id":"1.231432152","rc":[{"ltp":1.61,"id":26354923}]}]}
{"op":"mcm","clk":"11821186266","pt":1722903932640,"mc":[{"id":"1.231432152","rc":[{"ltp":2.58,"id":26354922}]}]}
{"op":"mcm","clk":"11821507215","pt":1722909625441,"mc":[{"id":"1.231432152","rc":[{"ltp":1.63,"id":26354923}]}]}
{"op":"mcm","clk":"11821510709","pt":1722909703941,"mc":[{"id":"1.231432152","rc":[{"ltp":1.64,"id":26354923}]}]}
{"op":"mcm","clk":"11821512315","pt":1722909744799,"mc":[{"id":"1.231432152","rc":[{"ltp":1.61,"id":26354923}]}]}
{"op":"mcm","clk":"11821519744","pt":1722909945576,"mc":[{"id":"1.231432152","rc":[{"ltp":1.65,"id":26354923}]}]}
{"op":"mcm","clk":"11821548138","pt":1722910606823,"mc":[{"id":"1.231432152","rc":[{"ltp":1.62,"id":26354923}]}]}
{"op":"mcm","clk":"11821564589","pt":1722911143509,"mc":[{"id":"1.231432152","rc":[{"ltp":1.64,"id":26354923}]}]}
{"op":"mcm","clk":"11821586929","pt":1722911985747,"mc":[{"id":"1.231432152","rc":[{"ltp":1.62,"id":26354923}]}]}
{"op":"mcm","clk":"11821588340","pt":1722912046209,"mc":[{"id":"1.231432152","rc":[{"ltp":1.61,"id":26354923}]}]}
{"op":"mcm","clk":"11821589619","pt":1722912106677,"mc":[{"id":"1.231432152","rc":[{"ltp":1.6,"id":26354923}]}]}
{"op":"mcm","clk":"11821596640","pt":1722912404776,"mc":[{"id":"1.231432152","rc":[{"ltp":1.61,"id":26354923}]}]}
{"op":"mcm","clk":"11821598324","pt":1722912466428,"mc":[{"id":"1.231432152","rc":[{"ltp":2.66,"id":26354922}]}]}
{"op":"mcm","clk":"11821618460","pt":1722913184996,"mc":[{"id":"1.231432152","rc":[{"ltp":2.64,"id":26354922}]}]}
{"op":"mcm","clk":"11821619719","pt":1722913246471,"mc":[{"id":"1.231432152","rc":[{"ltp":2.6,"id":26354922}]}]}
{"op":"mcm","clk":"11821636499","pt":1722914086536,"mc":[{"id":"1.231432152","rc":[{"ltp":1.63,"id":26354923}]}]}
{"op":"mcm","clk":"11821645558","pt":1722914503056,"mc":[{"id":"1.231432152","rc":[{"ltp":1.64,"id":26354923}]}]}
{"op":"mcm","clk":"11821646501","pt":1722914564656,"mc":[{"id":"1.231432152","rc":[{"ltp":1.63,"id":26354923},{"ltp":2.56,"id":26354922}]}]}
{"op":"mcm","clk":"11821661553","pt":1722915438863,"mc":[{"id":"1.231432152","rc":[{"ltp":1.64,"id":26354923}]}]}
{"op":"mcm","clk":"11821678110","pt":1722915856184,"mc":[{"id":"1.231432152","rc":[{"ltp":2.54,"id":26354922}]}]}
{"op":"mcm","clk":"11821754751","pt":1722919300585,"mc":[{"id":"1.231432152","rc":[{"ltp":1.65,"id":26354923}]}]}
{"op":"mcm","clk":"11821857695","pt":1722923065886,"mc":[{"id":"1.231432152","rc":[{"ltp":1.64,"id":26354923}]}]}
{"op":"mcm","clk":"11821859742","pt":1722923146756,"mc":[{"id":"1.231432152","rc":[{"ltp":1.65,"id":26354923}]}]}
{"op":"mcm","clk":"11821911312","pt":1722925031001,"mc":[{"id":"1.231432152","rc":[{"ltp":2.52,"id":26354922}]}]}
{"op":"mcm","clk":"11821953476","pt":1722926467911,"mc":[{"id":"1.231432152","rc":[{"ltp":1.66,"id":26354923}]}]}
{"op":"mcm","clk":"11821965928","pt":1722926621072,"mc":[{"id":"1.231432152","rc":[{"ltp":1.65,"id":26354923}]}]}
{"op":"mcm","clk":"11821970474","pt":1722926749554,"mc":[{"id":"1.231432152","rc":[{"ltp":1.66,"id":26354923}]}]}
{"op":"mcm","clk":"11822017011","pt":1722928003219,"mc":[{"id":"1.231432152","rc":[{"ltp":2.5,"id":26354922}]}]}
{"op":"mcm","clk":"11822052341","pt":1722928766628,"mc":[{"id":"1.231432152","rc":[{"ltp":1.65,"id":26354923}]}]}
{"op":"mcm","clk":"11822087675","pt":1722929536876,"mc":[{"id":"1.231432152","rc":[{"ltp":2.52,"id":26354922}]}]}
{"op":"mcm","clk":"11822176630","pt":1722931485566,"mc":[{"id":"1.231432152","rc":[{"ltp":1.66,"id":26354923}]}]}
{"op":"mcm","clk":"11822187016","pt":1722931680747,"mc":[{"id":"1.231432152","rc":[{"ltp":1.65,"id":26354923}]}]}
{"op":"mcm","clk":"11822268138","pt":1722933104307,"mc":[{"id":"1.231432152","rc":[{"ltp":1.64,"id":26354923}]}]}
{"op":"mcm","clk":"11822280011","pt":1722933377959,"mc":[{"id":"1.231432152","rc":[{"ltp":1.66,"id":26354923}]}]}
{"op":"mcm","clk":"11822291912","pt":1722933617075,"mc":[{"id":"1.231432152","rc":[{"ltp":1.64,"id":26354923}]}]}
{"op":"mcm","clk":"11822302809","pt":1722933841452,"mc":[{"id":"1.231432152","rc":[{"ltp":2.54,"id":26354922}]}]}
{"op":"mcm","clk":"11822396846","pt":1722935793432,"mc":[{"id":"1.231432152","rc":[{"ltp":1.65,"id":26354923}]}]}
{"op":"mcm","clk":"11822411819","pt":1722936062249,"mc":[{"id":"1.231432152","rc":[{"ltp":2.56,"id":26354922}]}]}
{"op":"mcm","clk":"11822435919","pt":1722936422752,"mc":[{"id":"1.231432152","rc":[{"ltp":2.54,"id":26354922}]}]}
{"op":"mcm","clk":"11822489355","pt":1722937275397,"mc":[{"id":"1.231432152","rc":[{"ltp":1.64,"id":26354923}]}]}
{"op":"mcm","clk":"11822517058","pt":1722937580050,"mc":[{"id":"1.231432152","rc":[{"ltp":1.65,"id":26354923}]}]}
{"op":"mcm","clk":"11822526610","pt":1722937717285,"mc":[{"id":"1.231432152","rc":[{"ltp":1.64,"id":26354923}]}]}
{"op":"mcm","clk":"11822629051","pt":1722939025696,"mc":[{"id":"1.231432152","rc":[{"ltp":2.56,"id":26354922}]}]}
{"op":"mcm","clk":"11822634442","pt":1722939089671,"mc":[{"id":"1.231432152","rc":[{"ltp":1.65,"id":26354923}]}]}
{"op":"mcm","clk":"11822652482","pt":1722939309250,"mc":[{"id":"1.231432152","rc":[{"ltp":1.64,"id":26354923},{"ltp":2.54,"id":26354922}]}]}
{"op":"mcm","clk":"11822724990","pt":1722940189849,"mc":[{"id":"1.231432152","rc":[{"ltp":1.65,"id":26354923}]}]}
{"op":"mcm","clk":"11822784610","pt":1722940884102,"mc":[{"id":"1.231432152","rc":[{"ltp":1.64,"id":26354923}]}]}
{"op":"mcm","clk":"11822788071","pt":1722940927268,"mc":[{"id":"1.231432152","rc":[{"ltp":1.65,"id":26354923}]}]}
{"op":"mcm","clk":"11822816120","pt":1722941303973,"mc":[{"id":"1.231432152","rc":[{"ltp":1.64,"id":26354923}]}]}
{"op":"mcm","clk":"11822891269","pt":1722942223843,"mc":[{"id":"1.231432152","rc":[{"ltp":1.65,"id":26354923}]}]}
{"op":"mcm","clk":"11822903709","pt":1722942367173,"mc":[{"id":"1.231432152","rc":[{"ltp":1.64,"id":26354923}]}]}
{"op":"mcm","clk":"11822934999","pt":1722942757769,"mc":[{"id":"1.231432152","rc":[{"ltp":1.65,"id":26354923}]}]}
{"op":"mcm","clk":"11823006499","pt":1722943589569,"mc":[{"id":"1.231432152","rc":[{"ltp":2.52,"id":26354922}]}]}
{"op":"mcm","clk":"11823014640","pt":1722943720112,"mc":[{"id":"1.231432152","rc":[{"ltp":1.64,"id":26354923}]}]}
{"op":"mcm","clk":"11823030646","pt":1722943960884,"mc":[{"id":"1.231432152","rc":[{"ltp":1.65,"id":26354923}]}]}
{"op":"mcm","clk":"11823080478","pt":1722944622208,"mc":[{"id":"1.231432152","rc":[{"ltp":1.66,"id":26354923},{"ltp":2.5,"id":26354922}]}]}
{"op":"mcm","clk":"11823132976","pt":1722945398243,"mc":[{"id":"1.231432152","rc":[{"ltp":1.65,"id":26354923}]}]}
{"op":"mcm","clk":"11823185885","pt":1722946174881,"mc":[{"id":"1.231432152","rc":[{"ltp":1.66,"id":26354923}]}]}
{"op":"mcm","clk":"11823189993","pt":1722946234955,"mc":[{"id":"1.231432152","rc":[{"ltp":1.65,"id":26354923}]}]}
{"op":"mcm","clk":"11823198612","pt":1722946358669,"mc":[{"id":"1.231432152","rc":[{"ltp":1.66,"id":26354923}]}]}
{"op":"mcm","clk":"11823208827","pt":1722946484182,"mc":[{"id":"1.231432152","rc":[{"ltp":1.67,"id":26354923}]}]}
{"op":"mcm","clk":"11823231155","pt":1722946775642,"mc":[{"id":"1.231432152","rc":[{"ltp":1.66,"id":26354923}]}]}
{"op":"mcm","clk":"11823248887","pt":1722947021004,"mc":[{"id":"1.231432152","rc":[{"ltp":1.67,"id":26354923}]}]}
{"op":"mcm","clk":"11823253443","pt":1722947079757,"mc":[{"id":"1.231432152","rc":[{"ltp":1.66,"id":26354923}]}]}
{"op":"mcm","clk":"11823260686","pt":1722947192575,"mc":[{"id":"1.231432152","rc":[{"ltp":1.67,"id":26354923}]}]}
{"op":"mcm","clk":"11823272190","pt":1722947368617,"mc":[{"id":"1.231432152","rc":[{"ltp":1.66,"id":26354923}]}]}
{"op":"mcm","clk":"11823313555","pt":1722947972165,"mc":[{"id":"1.231432152","rc":[{"ltp":2.48,"id":26354922}]}]}
{"op":"mcm","clk":"11823327177","pt":1722948158332,"mc":[{"id":"1.231432152","rc":[{"ltp":1.67,"id":26354923},{"ltp":2.5,"id":26354922}]}]}
{"op":"mcm","clk":"11823342362","pt":1722948271320,"mc":[{"id":"1.231432152","rc":[{"ltp":2.48,"id":26354922}]}]}
{"op":"mcm","clk":"11823390074","pt":1722948942086,"mc":[{"id":"1.231432152","rc":[{"ltp":1.66,"id":26354923}]}]}
{"op":"mcm","clk":"11823397628","pt":1722949057391,"mc":[{"id":"1.231432152","rc":[{"ltp":1.67,"id":26354923},{"ltp":2.5,"id":26354922}]}]}
{"op":"mcm","clk":"11823402590","pt":1722949125056,"mc":[{"id":"1.231432152","rc":[{"ltp":1.68,"id":26354923}]}]}
{"op":"mcm","clk":"11823406070","pt":1722949182031,"mc":[{"id":"1.231432152","rc":[{"ltp":1.67,"id":26354923}]}]}
{"op":"mcm","clk":"11823408810","pt":1722949226680,"mc":[{"id":"1.231432152","rc":[{"ltp":1.69,"id":26354923},{"ltp":2.46,"id":26354922}]}]}
{"op":"mcm","clk":"11823416394","pt":1722949344915,"mc":[{"id":"1.231432152","rc":[{"ltp":1.67,"id":26354923}]}]}
{"op":"mcm","clk":"11823421780","pt":1722949423784,"mc":[{"id":"1.231432152","rc":[{"ltp":1.68,"id":26354923}]}]}
{"op":"mcm","clk":"11823436049","pt":1722949603701,"mc":[{"id":"1.231432152","rc":[{"ltp":1.67,"id":26354923}]}]}
{"op":"mcm","clk":"11823440055","pt":1722949657829,"mc":[{"id":"1.231432152","rc":[{"ltp":1.68,"id":26354923}]}]}
{"op":"mcm","clk":"11823444015","pt":1722949724624,"mc":[{"id":"1.231432152","rc":[{"ltp":1.67,"id":26354923}]}]}
{"op":"mcm","clk":"11823447874","pt":1722949785517,"mc":[{"id":"1.231432152","rc":[{"ltp":1.66,"id":26354923},{"ltp":2.48,"id":26354922}]}]}
{"op":"mcm","clk":"11823455396","pt":1722949901319,"mc":[{"id":"1.231432152","rc":[{"ltp":1.67,"id":26354923}]}]}
{"op":"mcm","clk":"11823460102","pt":1722949965407,"mc":[{"id":"1.231432152","rc":[{"ltp":1.68,"id":26354923},{"ltp":2.46,"id":26354922}]}]}
{"op":"mcm","clk":"11823464202","pt":1722950021165,"mc":[{"id":"1.231432152","rc":[{"ltp":1.66,"id":26354923},{"ltp":2.48,"id":26354922}]}]}
{"op":"mcm","clk":"11823468289","pt":1722950086746,"mc":[{"id":"1.231432152","rc":[{"ltp":1.67,"id":26354923},{"ltp":2.5,"id":26354922}]}]}
{"op":"mcm","clk":"11823471432","pt":1722950140500,"mc":[{"id":"1.231432152","rc":[{"ltp":1.66,"id":26354923}]}]}
{"op":"mcm","clk":"11823475307","pt":1722950199185,"mc":[{"id":"1.231432152","rc":[{"ltp":1.65,"id":26354923}]}]}
{"op":"mcm","clk":"11823479263","pt":1722950264336,"mc":[{"id":"1.231432152","rc":[{"ltp":1.66,"id":26354923}]}]}
{"op":"mcm","clk":"11823483319","pt":1722950323620,"mc":[{"id":"1.231432152","rc":[{"ltp":1.68,"id":26354923}]}]}
{"op":"mcm","clk":"11823488008","pt":1722950385676,"mc":[{"id":"1.231432152","rc":[{"ltp":1.66,"id":26354923},{"ltp":2.48,"id":26354922}]}]}
{"op":"mcm","clk":"11823492414","pt":1722950443425,"mc":[{"id":"1.231432152","rc":[{"ltp":1.67,"id":26354923},{"ltp":2.5,"id":26354922}]}]}
{"op":"mcm","clk":"11823496516","pt":1722950496997,"mc":[{"id":"1.231432152","rc":[{"ltp":1.68,"id":26354923},{"ltp":2.48,"id":26354922}]}]}
{"op":"mcm","clk":"11823501982","pt":1722950563481,"mc":[{"id":"1.231432152","rc":[{"ltp":1.67,"id":26354923}]}]}
{"op":"mcm","clk":"11823506331","pt":1722950626141,"mc":[{"id":"1.231432152","rc":[{"ltp":1.68,"id":26354923}]}]}
{"op":"mcm","clk":"11823509944","pt":1722950680785,"mc":[{"id":"1.231432152","rc":[{"ltp":1.67,"id":26354923},{"ltp":2.46,"id":26354922}]}]}
{"op":"mcm","clk":"11823514499","pt":1722950745678,"mc":[{"id":"1.231432152","rc":[{"ltp":1.68,"id":26354923},{"ltp":2.44,"id":26354922}]}]}
{"op":"mcm","clk":"11823518759","pt":1722950805055,"mc":[{"id":"1.231432152","rc":[{"ltp":1.69,"id":26354923},{"ltp":2.46,"id":26354922}]}]}
{"op":"mcm","clk":"11823522369","pt":1722950859216,"mc":[{"id":"1.231432152","rc":[{"ltp":1.68,"id":26354923}]}]}
{"op":"mcm","clk":"11823528326","pt":1722950925470,"mc":[{"id":"1.231432152","rc":[{"ltp":1.69,"id":26354923},{"ltp":2.44,"id":26354922}]}]}
{"op":"mcm","clk":"11823531944","pt":1722950975234,"mc":[{"id":"1.231432152","rc":[{"ltp":1.7,"id":26354923}]}]}
{"op":"mcm","clk":"11823536478","pt":1722951033081,"mc":[{"id":"1.231432152","rc":[{"ltp":1.69,"id":26354923}]}]}
{"op":"mcm","clk":"11823546724","pt":1722951164787,"mc":[{"id":"1.231432152","rc":[{"ltp":1.68,"id":26354923},{"ltp":2.46,"id":26354922}]}]}
{"op":"mcm","clk":"11823551416","pt":1722951226642,"mc":[{"id":"1.231432152","rc":[{"ltp":1.7,"id":26354923},{"ltp":2.44,"id":26354922}]}]}
{"op":"mcm","clk":"11823555391","pt":1722951286799,"mc":[{"id":"1.231432152","rc":[{"ltp":1.73,"id":26354923},{"ltp":2.38,"id":26354922}]}]}
{"op":"mcm","clk":"11823558892","pt":1722951342675,"mc":[{"id":"1.231432152","rc":[{"ltp":1.7,"id":26354923},{"ltp":2.4,"id":26354922}]}]}
{"op":"mcm","clk":"11823562836","pt":1722951404930,"mc":[{"id":"1.231432152","rc":[{"ltp":1.71,"id":26354923},{"ltp":2.38,"id":26354922}]}]}
{"op":"mcm","clk":"11823570687","pt":1722951522679,"mc":[{"id":"1.231432152","rc":[{"ltp":1.7,"id":26354923},{"ltp":2.4,"id":26354922}]}]}
{"op":"mcm","clk":"11823575396","pt":1722951585041,"mc":[{"id":"1.231432152","rc":[{"ltp":1.71,"id":26354923}]}]}
{"op":"mcm","clk":"11823580014","pt":1722951646588,"mc":[{"id":"1.231432152","rc":[{"ltp":1.7,"id":26354923}]}]}
{"op":"mcm","clk":"11823583783","pt":1722951705367,"mc":[{"id":"1.231432152","rc":[{"ltp":1.72,"id":26354923}]}]}
{"op":"mcm","clk":"11823595382","pt":1722951884242,"mc":[{"id":"1.231432152","rc":[{"ltp":2.38,"id":26354922}]}]}
{"op":"mcm","clk":"11823599572","pt":1722951946748,"mc":[{"id":"1.231432152","rc":[{"ltp":1.7,"id":26354923},{"ltp":2.4,"id":26354922}]}]}
{"op":"mcm","clk":"11823611087","pt":1722952125645,"mc":[{"id":"1.231432152","rc":[{"ltp":1.71,"id":26354923}]}]}
{"op":"mcm","clk":"11823615055","pt":1722952186731,"mc":[{"id":"1.231432152","rc":[{"ltp":1.72,"id":26354923},{"ltp":2.38,"id":26354922}]}]}
{"op":"mcm","clk":"11823619068","pt":1722952246778,"mc":[{"id":"1.231432152","rc":[{"ltp":2.36,"id":26354922}]}]}
{"op":"mcm","clk":"11823623489","pt":1722952306372,"mc":[{"id":"1.231432152","rc":[{"ltp":2.38,"id":26354922}]}]}
{"op":"mcm","clk":"11823631167","pt":1722952426811,"mc":[{"id":"1.231432152","rc":[{"ltp":2.4,"id":26354922}]}]}
{"op":"mcm","clk":"11823639602","pt":1722952546399,"mc":[{"id":"1.231432152","rc":[{"ltp":2.38,"id":26354922}]}]}
{"op":"mcm","clk":"11823644307","pt":1722952606846,"mc":[{"id":"1.231432152","rc":[{"ltp":1.71,"id":26354923}]}]}
{"op":"mcm","clk":"11823649123","pt":1722952666243,"mc":[{"id":"1.231432152","rc":[{"ltp":1.73,"id":26354923}]}]}
{"op":"mcm","clk":"11823659348","pt":1722952786779,"mc":[{"id":"1.231432152","rc":[{"ltp":1.72,"id":26354923}]}]}
{"op":"mcm","clk":"11823664985","pt":1722952846854,"mc":[{"id":"1.231432152","marketDefinition":{"bspMarket":false,"turnInPlayEnabled":true,"persistenceEnabled":true,"marketBaseRate":5.0,"eventId":"33467051","eventTypeId":"4","numberOfWinners":1,"bettingType":"ODDS","marketType":"MATCH_ODDS","marketTime":"2024-08-06T14:00:00.000Z","suspendTime":"2024-08-06T14:00:00.000Z","bspReconciled":false,"complete":true,"inPlay":true,"crossMatching":true,"runnersVoidable":false,"numberOfActiveRunners":2,"betDelay":5,"status":"OPEN","runners":[{"status":"ACTIVE","sortPriority":1,"id":26354922,"name":"Manchester Originals"},{"status":"ACTIVE","sortPriority":2,"id":26354923,"name":"Oval Invincibles"}],"regulators":["MR_INT"],"countryCode":"GB","discountAllowed":true,"timezone":"GMT","openDate":"2024-08-06T14:00:00.000Z","version":6059593694,"name":"Match Odds","eventName":"Manchester Originals v Oval Invincibles"},"rc":[{"ltp":1.62,"id":26354923},{"ltp":2.6,"id":26354922}]}]}
{"op":"mcm","clk":"11823669750","pt":1722952906820,"mc":[{"id":"1.231432152","rc":[{"ltp":1.61,"id":26354923},{"ltp":2.62,"id":26354922}]}]}
{"op":"mcm","clk":"11823674414","pt":1722952966761,"mc":[{"id":"1.231432152","rc":[{"ltp":1.54,"id":26354923},{"ltp":2.84,"id":26354922}]}]}
{"op":"mcm","clk":"11823679316","pt":1722953026752,"mc":[{"id":"1.231432152","rc":[{"ltp":1.56,"id":26354923},{"ltp":2.78,"id":26354922}]}]}
{"op":"mcm","clk":"11823688499","pt":1722953146772,"mc":[{"id":"1.231432152","rc":[{"ltp":1.6,"id":26354923},{"ltp":2.66,"id":26354922}]}]}
{"op":"mcm","clk":"11823693337","pt":1722953206746,"mc":[{"id":"1.231432152","rc":[{"ltp":1.62,"id":26354923},{"ltp":2.64,"id":26354922}]}]}
{"op":"mcm","clk":"11823698251","pt":1722953266828,"mc":[{"id":"1.231432152","rc":[{"ltp":1.57,"id":26354923},{"ltp":2.78,"id":26354922}]}]}
{"op":"mcm","clk":"11823703082","pt":1722953326801,"mc":[{"id":"1.231432152","rc":[{"ltp":1.58,"id":26354923},{"ltp":2.72,"id":26354922}]}]}
{"op":"mcm","clk":"11823708100","pt":1722953386748,"mc":[{"id":"1.231432152","rc":[{"ltp":1.59,"id":26354923},{"ltp":2.68,"id":26354922}]}]}
{"op":"mcm","clk":"11823717884","pt":1722953506755,"mc":[{"id":"1.231432152","rc":[{"ltp":1.61,"id":26354923},{"ltp":2.62,"id":26354922}]}]}
{"op":"mcm","clk":"11823722369","pt":1722953566823,"mc":[{"id":"1.231432152","rc":[{"ltp":1.62,"id":26354923},{"ltp":2.6,"id":26354922}]}]}
{"op":"mcm","clk":"11823739328","pt":1722953686860,"mc":[{"id":"1.231432152","rc":[{"ltp":1.57,"id":26354923},{"ltp":2.74,"id":26354922}]}]}
{"op":"mcm","clk":"11823744728","pt":1722953746857,"mc":[{"id":"1.231432152","rc":[{"ltp":1.46,"id":26354923},{"ltp":3.15,"id":26354922}]}]}
{"op":"mcm","clk":"11823750057","pt":1722953806799,"mc":[{"id":"1.231432152","rc":[{"ltp":1.47,"id":26354923},{"ltp":3.1,"id":26354922}]}]}
{"op":"mcm","clk":"11823755551","pt":1722953866790,"mc":[{"id":"1.231432152","rc":[{"ltp":1.43,"id":26354923},{"ltp":3.3,"id":26354922}]}]}
{"op":"mcm","clk":"11823761044","pt":1722953926831,"mc":[{"id":"1.231432152","rc":[{"ltp":3.35,"id":26354922}]}]}
{"op":"mcm","clk":"11823765723","pt":1722953986803,"mc":[{"id":"1.231432152","rc":[{"ltp":1.32,"id":26354923},{"ltp":4.1,"id":26354922}]}]}
{"op":"mcm","clk":"11823770247","pt":1722954046842,"mc":[{"id":"1.231432152","rc":[{"ltp":1.28,"id":26354923},{"ltp":4.5,"id":26354922}]}]}
{"op":"mcm","clk":"11823774671","pt":1722954106823,"mc":[{"id":"1.231432152","rc":[{"ltp":1.32,"id":26354923},{"ltp":4.3,"id":26354922}]}]}
{"op":"mcm","clk":"11823779323","pt":1722954166782,"mc":[{"id":"1.231432152","rc":[{"ltp":1.4,"id":26354923},{"ltp":3.5,"id":26354922}]}]}
{"op":"mcm","clk":"11823783737","pt":1722954226836,"mc":[{"id":"1.231432152","rc":[{"ltp":1.39,"id":26354923},{"ltp":3.55,"id":26354922}]}]}
{"op":"mcm","clk":"11823787964","pt":1722954286776,"mc":[{"id":"1.231432152","rc":[{"ltp":1.4,"id":26354923},{"ltp":3.45,"id":26354922}]}]}
{"op":"mcm","clk":"11823792033","pt":1722954346795,"mc":[{"id":"1.231432152","rc":[{"ltp":1.41,"id":26354923}]}]}
{"op":"mcm","clk":"11823796531","pt":1722954406840,"mc":[{"id":"1.231432152","rc":[{"ltp":1.37,"id":26354923},{"ltp":3.7,"id":26354922}]}]}
{"op":"mcm","clk":"11823806323","pt":1722954526794,"mc":[{"id":"1.231432152","rc":[{"ltp":1.4,"id":26354923},{"ltp":3.5,"id":26354922}]}]}
{"op":"mcm","clk":"11823811242","pt":1722954586841,"mc":[{"id":"1.231432152","rc":[{"ltp":1.59,"id":26354923},{"ltp":2.74,"id":26354922}]}]}
{"op":"mcm","clk":"11823816094","pt":1722954646812,"mc":[{"id":"1.231432152","rc":[{"ltp":1.57,"id":26354923}]}]}
{"op":"mcm","clk":"11823820990","pt":1722954706761,"mc":[{"id":"1.231432152","rc":[{"ltp":1.56,"id":26354923},{"ltp":2.76,"id":26354922}]}]}
{"op":"mcm","clk":"11823826023","pt":1722954766848,"mc":[{"id":"1.231432152","rc":[{"ltp":1.58,"id":26354923},{"ltp":2.74,"id":26354922}]}]}
{"op":"mcm","clk":"11823831421","pt":1722954826785,"mc":[{"id":"1.231432152","rc":[{"ltp":1.6,"id":26354923},{"ltp":2.68,"id":26354922}]}]}
{"op":"mcm","clk":"11823836960","pt":1722954886828,"mc":[{"id":"1.231432152","rc":[{"ltp":1.59,"id":26354923}]}]}
{"op":"mcm","clk":"11823842453","pt":1722954946827,"mc":[{"id":"1.231432152","rc":[{"ltp":1.57,"id":26354923},{"ltp":2.72,"id":26354922}]}]}
{"op":"mcm","clk":"11823847492","pt":1722955006765,"mc":[{"id":"1.231432152","rc":[{"ltp":1.59,"id":26354923},{"ltp":2.68,"id":26354922}]}]}
{"op":"mcm","clk":"11823852525","pt":1722955066649,"mc":[{"id":"1.231432152","rc":[{"ltp":1.57,"id":26354923},{"ltp":2.78,"id":26354922}]}]}
{"op":"mcm","clk":"11823857270","pt":1722955126796,"mc":[{"id":"1.231432152","rc":[{"ltp":1.4,"id":26354923},{"ltp":3.5,"id":26354922}]}]}
{"op":"mcm","clk":"11823866377","pt":1722955246835,"mc":[{"id":"1.231432152","rc":[{"ltp":1.41,"id":26354923},{"ltp":3.4,"id":26354922}]}]}
{"op":"mcm","clk":"11823871108","pt":1722955306832,"mc":[{"id":"1.231432152","rc":[{"ltp":1.37,"id":26354923},{"ltp":3.7,"id":26354922}]}]}
{"op":"mcm","clk":"11823884762","pt":1722955486804,"mc":[{"id":"1.231432152","rc":[{"ltp":1.38,"id":26354923}]}]}
{"op":"mcm","clk":"11823889577","pt":1722955546807,"mc":[{"id":"1.231432152","rc":[{"ltp":1.48,"id":26354923},{"ltp":3.05,"id":26354922}]}]}
{"op":"mcm","clk":"11823894491","pt":1722955606855,"mc":[{"id":"1.231432152","rc":[{"ltp":1.47,"id":26354923},{"ltp":3.15,"id":26354922}]}]}
{"op":"mcm","clk":"11823899345","pt":1722955666803,"mc":[{"id":"1.231432152","rc":[{"ltp":1.49,"id":26354923},{"ltp":3.05,"id":26354922}]}]}
{"op":"mcm","clk":"11823904404","pt":1722955726773,"mc":[{"id":"1.231432152","rc":[{"ltp":1.47,"id":26354923}]}]}
{"op":"mcm","clk":"11823909171","pt":1722955786843,"mc":[{"id":"1.231432152","rc":[{"ltp":1.37,"id":26354923},{"ltp":3.65,"id":26354922}]}]}
{"op":"mcm","clk":"11823913522","pt":1722955846837,"mc":[{"id":"1.231432152","rc":[{"ltp":1.38,"id":26354923},{"ltp":3.55,"id":26354922}]}]}
{"op":"mcm","clk":"11823917860","pt":1722955906728,"mc":[{"id":"1.231432152","rc":[{"ltp":1.39,"id":26354923}]}]}
{"op":"mcm","clk":"11823927124","pt":1722956026757,"mc":[{"id":"1.231432152","rc":[{"ltp":1.4,"id":26354923},{"ltp":3.5,"id":26354922}]}]}
{"op":"mcm","clk":"11823932190","pt":1722956086837,"mc":[{"id":"1.231432152","rc":[{"ltp":1.38,"id":26354923},{"ltp":3.6,"id":26354922}]}]}
{"op":"mcm","clk":"11823937322","pt":1722956146456,"mc":[{"id":"1.231432152","rc":[{"ltp":1.39,"id":26354923}]}]}
{"op":"mcm","clk":"11823942272","pt":1722956206694,"mc":[{"id":"1.231432152","rc":[{"ltp":1.35,"id":26354923},{"ltp":3.85,"id":26354922}]}]}
{"op":"mcm","clk":"11823946628","pt":1722956266700,"mc":[{"id":"1.231432152","rc":[{"ltp":1.4,"id":26354923},{"ltp":3.55,"id":26354922}]}]}
{"op":"mcm","clk":"11823950600","pt":1722956326863,"mc":[{"id":"1.231432152","rc":[{"ltp":1.41,"id":26354923},{"ltp":3.45,"id":26354922}]}]}
{"op":"mcm","clk":"11823959220","pt":1722956446792,"mc":[{"id":"1.231432152","rc":[{"ltp":3.85,"id":26354922}]}]}
{"op":"mcm","clk":"11823963689","pt":1722956506853,"mc":[{"id":"1.231432152","rc":[{"ltp":1.4,"id":26354923},{"ltp":3.4,"id":26354922}]}]}
{"op":"mcm","clk":"11823968590","pt":1722956566795,"mc":[{"id":"1.231432152","rc":[{"ltp":1.34,"id":26354923},{"ltp":3.9,"id":26354922}]}]}
{"op":"mcm","clk":"11823973695","pt":1722956626766,"mc":[{"id":"1.231432152","rc":[{"ltp":1.33,"id":26354923},{"ltp":4.2,"id":26354922}]}]}
{"op":"mcm","clk":"11823978662","pt":1722956686736,"mc":[{"id":"1.231432152","rc":[{"ltp":1.3,"id":26354923},{"ltp":4.3,"id":26354922}]}]}
{"op":"mcm","clk":"11823983917","pt":1722956746821,"mc":[{"id":"1.231432152","rc":[{"ltp":1.34,"id":26354923},{"ltp":3.85,"id":26354922}]}]}
{"op":"mcm","clk":"11823988961","pt":1722956806772,"mc":[{"id":"1.231432152","rc":[{"ltp":1.32,"id":26354923},{"ltp":4.1,"id":26354922}]}]}
{"op":"mcm","clk":"11823993963","pt":1722956866846,"mc":[{"id":"1.231432152","rc":[{"ltp":1.31,"id":26354923},{"ltp":4.2,"id":26354922}]}]}
{"op":"mcm","clk":"11823998630","pt":1722956926834,"mc":[{"id":"1.231432152","rc":[{"ltp":1.36,"id":26354923},{"ltp":3.85,"id":26354922}]}]}
{"op":"mcm","clk":"11824003634","pt":1722956986768,"mc":[{"id":"1.231432152","rc":[{"ltp":3.75,"id":26354922}]}]}
{"op":"mcm","clk":"11824008718","pt":1722957046779,"mc":[{"id":"1.231432152","rc":[{"ltp":1.37,"id":26354923},{"ltp":3.7,"id":26354922}]}]}
{"op":"mcm","clk":"11824014340","pt":1722957106827,"mc":[{"id":"1.231432152","rc":[{"ltp":1.3,"id":26354923},{"ltp":4.3,"id":26354922}]}]}
{"op":"mcm","clk":"11824020049","pt":1722957166820,"mc":[{"id":"1.231432152","rc":[{"ltp":1.29,"id":26354923},{"ltp":4.4,"id":26354922}]}]}
{"op":"mcm","clk":"11824026013","pt":1722957226785,"mc":[{"id":"1.231432152","rc":[{"ltp":1.24,"id":26354923},{"ltp":5.1,"id":26354922}]}]}
{"op":"mcm","clk":"11824031572","pt":1722957286779,"mc":[{"id":"1.231432152","rc":[{"ltp":1.27,"id":26354923},{"ltp":4.7,"id":26354922}]}]}
{"op":"mcm","clk":"11824037286","pt":1722957346845,"mc":[{"id":"1.231432152","rc":[{"ltp":1.3,"id":26354923},{"ltp":4.3,"id":26354922}]}]}
{"op":"mcm","clk":"11824047081","pt":1722957466864,"mc":[{"id":"1.231432152","rc":[{"ltp":1.28,"id":26354923},{"ltp":4.4,"id":26354922}]}]}
{"op":"mcm","clk":"11824052127","pt":1722957526828,"mc":[{"id":"1.231432152","rc":[{"ltp":1.3,"id":26354923}]}]}
{"op":"mcm","clk":"11824057425","pt":1722957586705,"mc":[{"id":"1.231432152","rc":[{"ltp":4.3,"id":26354922}]}]}
{"op":"mcm","clk":"11824062548","pt":1722957646483,"mc":[{"id":"1.231432152","rc":[{"ltp":1.31,"id":26354923}]}]}
{"op":"mcm","clk":"11824067443","pt":1722957706824,"mc":[{"id":"1.231432152","rc":[{"ltp":1.3,"id":26354923}]}]}
{"op":"mcm","clk":"11824072448","pt":1722957766803,"mc":[{"id":"1.231432152","rc":[{"ltp":1.31,"id":26354923}]}]}
{"op":"mcm","clk":"11824096948","pt":1722958066514,"mc":[{"id":"1.231432152","rc":[{"ltp":1.3,"id":26354923}]}]}
{"op":"mcm","clk":"11824102058","pt":1722958126665,"mc":[{"id":"1.231432152","rc":[{"ltp":1.31,"id":26354923}]}]}
{"op":"mcm","clk":"11824107707","pt":1722958186839,"mc":[{"id":"1.231432152","rc":[{"ltp":4.2,"id":26354922}]}]}
{"op":"mcm","clk":"11824113833","pt":1722958246634,"mc":[{"id":"1.231432152","rc":[{"ltp":1.3,"id":26354923},{"ltp":4.3,"id":26354922}]}]}
{"op":"mcm","clk":"11824120172","pt":1722958306795,"mc":[{"id":"1.231432152","rc":[{"ltp":1.36,"id":26354923},{"ltp":3.9,"id":26354922}]}]}
{"op":"mcm","clk":"11824126388","pt":1722958366865,"mc":[{"id":"1.231432152","rc":[{"ltp":1.35,"id":26354923},{"ltp":3.8,"id":26354922}]}]}
{"op":"mcm","clk":"11824133127","pt":1722958426812,"mc":[{"id":"1.231432152","rc":[{"ltp":1.48,"id":26354923},{"ltp":3.1,"id":26354922}]}]}
{"op":"mcm","clk":"11824138797","pt":1722958486782,"mc":[{"id":"1.231432152","rc":[{"ltp":1.5,"id":26354923},{"ltp":3.05,"id":26354922}]}]}
{"op":"mcm","clk":"11824143978","pt":1722958546859,"mc":[{"id":"1.231432152","rc":[{"ltp":1.4,"id":26354923},{"ltp":3.5,"id":26354922}]}]}
{"op":"mcm","clk":"11824149154","pt":1722958606746,"mc":[{"id":"1.231432152","rc":[{"ltp":1.36,"id":26354923},{"ltp":3.75,"id":26354922}]}]}
{"op":"mcm","clk":"11824154807","pt":1722958666779,"mc":[{"id":"1.231432152","rc":[{"ltp":1.34,"id":26354923},{"ltp":3.9,"id":26354922}]}]}
{"op":"mcm","clk":"11824160798","pt":1722958726759,"mc":[{"id":"1.231432152","rc":[{"ltp":1.39,"id":26354923},{"ltp":3.6,"id":26354922}]}]}
{"op":"mcm","clk":"11824167056","pt":1722958786825,"mc":[{"id":"1.231432152","rc":[{"ltp":1.53,"id":26354923},{"ltp":2.9,"id":26354922}]}]}
{"op":"mcm","clk":"11824173408","pt":1722958846856,"mc":[{"id":"1.231432152","rc":[{"ltp":1.54,"id":26354923},{"ltp":2.84,"id":26354922}]}]}
{"op":"mcm","clk":"11824179626","pt":1722958906861,"mc":[{"id":"1.231432152","rc":[{"ltp":1.71,"id":26354923},{"ltp":2.42,"id":26354922}]}]}
{"op":"mcm","clk":"11824186041","pt":1722958966813,"mc":[{"id":"1.231432152","rc":[{"ltp":1.77,"id":26354923},{"ltp":2.3,"id":26354922}]}]}
{"op":"mcm","clk":"11824200572","pt":1722959026862,"mc":[{"id":"1.231432152","rc":[{"ltp":2.0,"id":26354923},{"ltp":2.0,"id":26354922}]}]}
{"op":"mcm","clk":"11824207071","pt":1722959086771,"mc":[{"id":"1.231432152","rc":[{"ltp":1.98,"id":26354923},{"ltp":2.02,"id":26354922}]}]}
{"op":"mcm","clk":"11824213796","pt":1722959146840,"mc":[{"id":"1.231432152","rc":[{"ltp":2.12,"id":26354923},{"ltp":1.88,"id":26354922}]}]}
{"op":"mcm","clk":"11824220454","pt":1722959206827,"mc":[{"id":"1.231432152","rc":[{"ltp":2.16,"id":26354923},{"ltp":1.85,"id":26354922}]}]}
{"op":"mcm","clk":"11824226984","pt":1722959266796,"mc":[{"id":"1.231432152","rc":[{"ltp":1.93,"id":26354923},{"ltp":2.08,"id":26354922}]}]}
{"op":"mcm","clk":"11824233722","pt":1722959326765,"mc":[{"id":"1.231432152","rc":[{"ltp":1.96,"id":26354923},{"ltp":2.02,"id":26354922}]}]}
{"op":"mcm","clk":"11824240693","pt":1722959386821,"mc":[{"id":"1.231432152","rc":[{"ltp":1.81,"id":26354923},{"ltp":2.22,"id":26354922}]}]}
{"op":"mcm","clk":"11824247955","pt":1722959446825,"mc":[{"id":"1.231432152","rc":[{"ltp":2.2,"id":26354922}]}]}
{"op":"mcm","clk":"11824255022","pt":1722959506809,"mc":[{"id":"1.231432152","rc":[{"ltp":1.88,"id":26354923},{"ltp":2.14,"id":26354922}]}]}
{"op":"mcm","clk":"11824262290","pt":1722959566762,"mc":[{"id":"1.231432152","rc":[{"ltp":1.95,"id":26354923},{"ltp":2.06,"id":26354922}]}]}
{"op":"mcm","clk":"11824268680","pt":1722959626810,"mc":[{"id":"1.231432152","rc":[{"ltp":1.92,"id":26354923},{"ltp":2.1,"id":26354922}]}]}
{"op":"mcm","clk":"11824275021","pt":1722959686814,"mc":[{"id":"1.231432152","rc":[{"ltp":1.81,"id":26354923},{"ltp":2.24,"id":26354922}]}]}
{"op":"mcm","clk":"11824281765","pt":1722959746773,"mc":[{"id":"1.231432152","rc":[{"ltp":2.08,"id":26354923},{"ltp":1.9,"id":26354922}]}]}
{"op":"mcm","clk":"11824288333","pt":1722959806819,"mc":[{"id":"1.231432152","rc":[{"ltp":1.91,"id":26354923},{"ltp":2.1,"id":26354922}]}]}
{"op":"mcm","clk":"11824294677","pt":1722959866806,"mc":[{"id":"1.231432152","rc":[{"ltp":2.02,"id":26354923},{"ltp":1.98,"id":26354922}]}]}
{"op":"mcm","clk":"11824301159","pt":1722959926779,"mc":[{"id":"1.231432152","rc":[{"ltp":1.98,"id":26354923},{"ltp":2.04,"id":26354922}]}]}
{"op":"mcm","clk":"11824308083","pt":1722959986840,"mc":[{"id":"1.231432152","rc":[{"ltp":1.94,"id":26354923}]}]}
{"op":"mcm","clk":"11824315353","pt":1722960046818,"mc":[{"id":"1.231432152","rc":[{"ltp":2.02,"id":26354923},{"ltp":1.98,"id":26354922}]}]}
{"op":"mcm","clk":"11824322040","pt":1722960106790,"mc":[{"id":"1.231432152","rc":[{"ltp":2.28,"id":26354923},{"ltp":1.78,"id":26354922}]}]}
{"op":"mcm","clk":"11824328787","pt":1722960166857,"mc":[{"id":"1.231432152","rc":[{"ltp":2.52,"id":26354923},{"ltp":1.65,"id":26354922}]}]}
{"op":"mcm","clk":"11824335610","pt":1722960226816,"mc":[{"id":"1.231432152","rc":[{"ltp":2.24,"id":26354923},{"ltp":1.81,"id":26354922}]}]}
{"op":"mcm","clk":"11824342099","pt":1722960286841,"mc":[{"id":"1.231432152","rc":[{"ltp":2.2,"id":26354923},{"ltp":1.82,"id":26354922}]}]}
{"op":"mcm","clk":"11824348749","pt":1722960346818,"mc":[{"id":"1.231432152","rc":[{"ltp":2.16,"id":26354923},{"ltp":1.87,"id":26354922}]}]}
{"op":"mcm","clk":"11824355327","pt":1722960406786,"mc":[{"id":"1.231432152","rc":[{"ltp":2.06,"id":26354923},{"ltp":1.95,"id":26354922}]}]}
{"op":"mcm","clk":"11824362172","pt":1722960466780,"mc":[{"id":"1.231432152","rc":[{"ltp":1.9,"id":26354923},{"ltp":2.1,"id":26354922}]}]}
{"op":"mcm","clk":"11824369340","pt":1722960526850,"mc":[{"id":"1.231432152","rc":[{"ltp":1.84,"id":26354923},{"ltp":2.18,"id":26354922}]}]}
{"op":"mcm","clk":"11824376609","pt":1722960586812,"mc":[{"id":"1.231432152","rc":[{"ltp":1.81,"id":26354923},{"ltp":2.22,"id":26354922}]}]}
{"op":"mcm","clk":"11824383810","pt":1722960646816,"mc":[{"id":"1.231432152","rc":[{"ltp":2.02,"id":26354923},{"ltp":1.97,"id":26354922}]}]}
{"op":"mcm","clk":"11824391014","pt":1722960706783,"mc":[{"id":"1.231432152","rc":[{"ltp":1.6,"id":26354923},{"ltp":2.66,"id":26354922}]}]}
{"op":"mcm","clk":"11824397693","pt":1722960766857,"mc":[{"id":"1.231432152","rc":[{"ltp":1.62,"id":26354923},{"ltp":2.58,"id":26354922}]}]}
{"op":"mcm","clk":"11824404340","pt":1722960826812,"mc":[{"id":"1.231432152","rc":[{"ltp":1.6,"id":26354923},{"ltp":2.64,"id":26354922}]}]}
{"op":"mcm","clk":"11824410808","pt":1722960886819,"mc":[{"id":"1.231432152","rc":[{"ltp":1.57,"id":26354923},{"ltp":2.74,"id":26354922}]}]}
{"op":"mcm","clk":"11824417457","pt":1722960946678,"mc":[{"id":"1.231432152","rc":[{"ltp":1.56,"id":26354923},{"ltp":2.78,"id":26354922}]}]}
{"op":"mcm","clk":"11824423858","pt":1722961006815,"mc":[{"id":"1.231432152","rc":[{"ltp":1.45,"id":26354923},{"ltp":3.2,"id":26354922}]}]}
{"op":"mcm","clk":"11824430312","pt":1722961066805,"mc":[{"id":"1.231432152","rc":[{"ltp":1.84,"id":26354923},{"ltp":2.2,"id":26354922}]}]}
{"op":"mcm","clk":"11824436889","pt":1722961126794,"mc":[{"id":"1.231432152","rc":[{"ltp":2.18,"id":26354922}]}]}
{"op":"mcm","clk":"11824443426","pt":1722961186844,"mc":[{"id":"1.231432152","rc":[{"ltp":1.86,"id":26354923},{"ltp":2.16,"id":26354922}]}]}
{"op":"mcm","clk":"11824450217","pt":1722961246833,"mc":[{"id":"1.231432152","rc":[{"ltp":2.66,"id":26354923},{"ltp":1.6,"id":26354922}]}]}
{"op":"mcm","clk":"11824456608","pt":1722961306772,"mc":[{"id":"1.231432152","rc":[{"ltp":4.1,"id":26354923},{"ltp":1.33,"id":26354922}]}]}
{"op":"mcm","clk":"11824462574","pt":1722961366859,"mc":[{"id":"1.231432152","rc":[{"ltp":4.4,"id":26354923},{"ltp":1.29,"id":26354922}]}]}
{"op":"mcm","clk":"11824468629","pt":1722961426853,"mc":[{"id":"1.231432152","rc":[{"ltp":4.3,"id":26354923},{"ltp":1.31,"id":26354922}]}]}
{"op":"mcm","clk":"11824474896","pt":1722961486800,"mc":[{"id":"1.231432152","rc":[{"ltp":3.5,"id":26354923},{"ltp":1.4,"id":26354922}]}]}
{"op":"mcm","clk":"11824481264","pt":1722961546864,"mc":[{"id":"1.231432152","rc":[{"ltp":3.25,"id":26354923},{"ltp":1.44,"id":26354922}]}]}
{"op":"mcm","clk":"11824487460","pt":1722961606835,"mc":[{"id":"1.231432152","rc":[{"ltp":3.0,"id":26354923},{"ltp":1.53,"id":26354922}]}]}
{"op":"mcm","clk":"11824493590","pt":1722961666839,"mc":[{"id":"1.231432152","rc":[{"ltp":2.88,"id":26354923}]}]}
{"op":"mcm","clk":"11824499618","pt":1722961726809,"mc":[{"id":"1.231432152","rc":[{"ltp":2.98,"id":26354923},{"ltp":1.44,"id":26354922}]}]}
{"op":"mcm","clk":"11824505730","pt":1722961786857,"mc":[{"id":"1.231432152","rc":[{"ltp":3.1,"id":26354923},{"ltp":1.47,"id":26354922}]}]}
{"op":"mcm","clk":"11824512058","pt":1722961846802,"mc":[{"id":"1.231432152","rc":[{"ltp":2.9,"id":26354923},{"ltp":1.53,"id":26354922}]}]}
{"op":"mcm","clk":"11824517912","pt":1722961906849,"mc":[{"id":"1.231432152","rc":[{"ltp":2.74,"id":26354923},{"ltp":1.56,"id":26354922}]}]}
{"op":"mcm","clk":"11824523541","pt":1722961966851,"mc":[{"id":"1.231432152","rc":[{"ltp":2.68,"id":26354923},{"ltp":1.59,"id":26354922}]}]}
{"op":"mcm","clk":"11824529471","pt":1722962026792,"mc":[{"id":"1.231432152","rc":[{"ltp":2.5,"id":26354923},{"ltp":1.67,"id":26354922}]}]}
{"op":"mcm","clk":"11824535357","pt":1722962086865,"mc":[{"id":"1.231432152","rc":[{"ltp":1.69,"id":26354923},{"ltp":2.52,"id":26354922}]}]}
{"op":"mcm","clk":"11824541523","pt":1722962146796,"mc":[{"id":"1.231432152","rc":[{"ltp":1.79,"id":26354923},{"ltp":2.26,"id":26354922}]}]}
{"op":"mcm","clk":"11824547290","pt":1722962206851,"mc":[{"id":"1.231432152","rc":[{"ltp":1.76,"id":26354923},{"ltp":2.3,"id":26354922}]}]}
{"op":"mcm","clk":"11824553169","pt":1722962266834,"mc":[{"id":"1.231432152","rc":[{"ltp":1.5,"id":26354923},{"ltp":3.0,"id":26354922}]}]}
{"op":"mcm","clk":"11824559150","pt":1722962326787,"mc":[{"id":"1.231432152","rc":[{"ltp":2.42,"id":26354923},{"ltp":1.74,"id":26354922}]}]}
{"op":"mcm","clk":"11824565370","pt":1722962386779,"mc":[{"id":"1.231432152","rc":[{"ltp":4.5,"id":26354923},{"ltp":1.28,"id":26354922}]}]}
{"op":"mcm","clk":"11824571428","pt":1722962446862,"mc":[{"id":"1.231432152","rc":[{"ltp":1.29,"id":26354922}]}]}
{"op":"mcm","clk":"11824577119","pt":1722962506833,"mc":[{"id":"1.231432152","rc":[{"ltp":2.36,"id":26354923},{"ltp":1.73,"id":26354922}]}]}
{"op":"mcm","clk":"11824582629","pt":1722962566789,"mc":[{"id":"1.231432152","rc":[{"ltp":2.4,"id":26354923},{"ltp":1.72,"id":26354922}]}]}
{"op":"mcm","clk":"11824588094","pt":1722962626801,"mc":[{"id":"1.231432152","rc":[{"ltp":1.63,"id":26354923},{"ltp":2.58,"id":26354922}]}]}
{"op":"mcm","clk":"11824593908","pt":1722962686765,"mc":[{"id":"1.231432152","rc":[{"ltp":1.42,"id":26354923},{"ltp":3.35,"id":26354922}]}]}
{"op":"mcm","clk":"11824600032","pt":1722962746857,"mc":[{"id":"1.231432152","rc":[{"ltp":1.01,"id":26354923},{"ltp":100.0,"id":26354922}]}]}
{"op":"mcm","clk":"11824605592","pt":1722962801931,"mc":[{"id":"1.231432152","marketDefinition":{"bspMarket":false,"turnInPlayEnabled":true,"persistenceEnabled":true,"marketBaseRate":5.0,"eventId":"33467051","eventTypeId":"4","numberOfWinners":1,"bettingType":"ODDS","marketType":"MATCH_ODDS","marketTime":"2024-08-06T14:00:00.000Z","suspendTime":"2024-08-06T14:00:00.000Z","bspReconciled":false,"complete":true,"inPlay":true,"crossMatching":true,"runnersVoidable":false,"numberOfActiveRunners":2,"betDelay":5,"status":"SUSPENDED","runners":[{"status":"ACTIVE","sortPriority":1,"id":26354922,"name":"Manchester Originals"},{"status":"ACTIVE","sortPriority":2,"id":26354923,"name":"Oval Invincibles"}],"regulators":["MR_INT"],"countryCode":"GB","discountAllowed":true,"timezone":"GMT","openDate":"2024-08-06T14:00:00.000Z","version":6059739647,"name":"Match Odds","eventName":"Manchester Originals v Oval Invincibles"}}]}
{"op":"mcm","clk":"11824623135","pt":1722962982937,"mc":[{"id":"1.231432152","marketDefinition":{"bspMarket":false,"turnInPlayEnabled":true,"persistenceEnabled":true,"marketBaseRate":5.0,"eventId":"33467051","eventTypeId":"4","numberOfWinners":1,"bettingType":"ODDS","marketType":"MATCH_ODDS","marketTime":"2024-08-06T14:00:00.000Z","suspendTime":"2024-08-06T14:00:00.000Z","bspReconciled":false,"complete":true,"inPlay":true,"crossMatching":false,"runnersVoidable":false,"numberOfActiveRunners":0,"betDelay":5,"status":"CLOSED","settledTime":"2024-08-06T16:48:03.000Z","runners":[{"status":"LOSER","sortPriority":1,"id":26354922,"name":"Manchester Originals"},{"status":"WINNER","sortPriority":2,"id":26354923,"name":"Oval Invincibles"}],"regulators":["MR_INT"],"countryCode":"GB","discountAllowed":true,"timezone":"GMT","openDate":"2024-08-06T14:00:00.000Z","version":6059745871,"name":"Match Odds","eventName":"Manchester Originals v Oval Invincibles"}}]}
