{"op":"mcm","clk":"11760810989","pt":1722507844655,"mc":[{"id":"1.231315432","marketDefinition":{"bspMarket":false,"turnInPlayEnabled":true,"persistenceEnabled":true,"marketBaseRate":5.0,"eventId":"33460495","eventTypeId":"4","numberOfWinners":1,"bettingType":"ODDS","marketType":"MATCH_ODDS","marketTime":"2024-08-03T17:00:00.000Z","suspendTime":"2024-08-03T17:00:00.000Z","bspReconciled":false,"complete":true,"inPlay":false,"crossMatching":true,"runnersVoidable":false,"numberOfActiveRunners":2,"betDelay":0,"status":"OPEN","runners":[{"status":"ACTIVE","sortPriority":1,"id":26354925,"name":"Trent Rockets"},{"status":"ACTIVE","sortPriority":2,"id":26354927,"name":"Welsh Fire"}],"regulators":["MR_INT"],"countryCode":"GB","discountAllowed":true,"timezone":"GMT","openDate":"2024-08-03T17:00:00.000Z","version":6050190979,"name":"Match Odds","eventName":"Trent Rockets v Welsh Fire"}}]}
{"op":"mcm","clk":"11766460211","pt":1722607986946,"mc":[{"id":"1.231315432","rc":[{"ltp":1.71,"id":26354925}]}]}
{"op":"mcm","clk":"11769117249","pt":1722630529676,"mc":[{"id":"1.231315432","rc":[{"ltp":2.28,"id":26354927}]}]}
{"op":"mcm","clk":"11769160658","pt":1722631336749,"mc":[{"id":"1.231315432","rc":[{"ltp":2.2,"id":26354927},{"ltp":1.78,"id":26354925}]}]}
{"op":"mcm","clk":"11769165170","pt":1722631437966,"mc":[{"id":"1.231315432","rc":[{"ltp":2.36,"id":26354927},{"ltp":1.73,"id":26354925}]}]}
{"op":"mcm","clk":"11769300141","pt":1722635519545,"mc":[{"id":"1.231315432","rc":[{"ltp":1.78,"id":26354925}]}]}
{"op":"mcm","clk":"11769329212","pt":1722636474524,"mc":[{"id":"1.231315432","rc":[{"ltp":1.74,"id":26354925}]}]}
{"op":"mcm","clk":"11769465330","pt":1722640104964,"mc":[{"id":"1.231315432","rc":[{"ltp":2.34,"id":26354927}]}]}
{"op":"mcm","clk":"11769585885","pt":1722642814725,"mc":[{"id":"1.231315432","rc":[{"ltp":2.3,"id":26354927},{"ltp":1.77,"id":26354925}]}]}
{"op":"mcm","clk":"11769593423","pt":1722642961266,"mc":[{"id":"1.231315432","rc":[{"ltp":2.36,"id":26354927},{"ltp":1.73,"id":26354925}]}]}
{"op":"mcm","clk":"11770368401","pt":1722653535661,"mc":[{"id":"1.231315432","rc":[{"ltp":1.72,"id":26354925}]}]}
{"op":"mcm","clk":"11770406904","pt":1722654086768,"mc":[{"id":"1.231315432","rc":[{"ltp":2.4,"id":26354927}]}]}
{"op":"mcm","clk":"11770573668","pt":1722657083792,"mc":[{"id":"1.231315432","rc":[{"ltp":2.38,"id":26354927}]}]}
{"op":"mcm","clk":"11770731415","pt":1722660190577,"mc":[{"id":"1.231315432","rc":[{"ltp":1.73,"id":26354925}]}]}
{"op":"mcm","clk":"11770831800","pt":1722662544285,"mc":[{"id":"1.231315432","rc":[{"ltp":2.36,"id":26354927}]}]}
{"op":"mcm","clk":"11770842085","pt":1722662820077,"mc":[{"id":"1.231315432","rc":[{"ltp":2.34,"id":26354927},{"ltp":1.74,"id":26354925}]}]}
{"op":"mcm","clk":"11770969211","pt":1722665561718,"mc":[{"id":"1.231315432","rc":[{"ltp":1.73,"id":26354925}]}]}
{"op":"mcm","clk":"11770996880","pt":1722665894188,"mc":[{"id":"1.231315432","rc":[{"ltp":1.74,"id":26354925}]}]}
{"op":"mcm","clk":"11771038524","pt":1722666871211,"mc":[{"id":"1.231315432","rc":[{"ltp":1.73,"id":26354925}]}]}
{"op":"mcm","clk":"11771046401","pt":1722667038675,"mc":[{"id":"1.231315432","rc":[{"ltp":1.74,"id":26354925}]}]}
{"op":"mcm","clk":"11771067636","pt":1722667535934,"mc":[{"id":"1.231315432","rc":[{"ltp":2.36,"id":26354927},{"ltp":1.73,"id":26354925}]}]}
{"op":"mcm","clk":"11771077743","pt":1722667736364,"mc":[{"id":"1.231315432","rc":[{"ltp":1.72,"id":26354925}]}]}
{"op":"mcm","clk":"11771142943","pt":1722669380286,"mc":[{"id":"1.231315432","rc":[{"ltp":1.73,"id":26354925}]}]}
{"op":"mcm","clk":"11771280514","pt":1722671917859,"mc":[{"id":"1.231315432","rc":[{"ltp":1.72,"id":26354925}]}]}
{"op":"mcm","clk":"11771337658","pt":1722672786271,"mc":[{"id":"1.231315432","rc":[{"ltp":1.74,"id":26354925}]}]}
{"op":"mcm","clk":"11771440973","pt":1722674461151,"mc":[{"id":"1.231315432","rc":[{"ltp":2.34,"id":26354927},{"ltp":1.76,"id":26354925}]}]}
{"op":"mcm","clk":"11771452613","pt":1722674619817,"mc":[{"id":"1.231315432","rc":[{"ltp":1.74,"id":26354925}]}]}
{"op":"mcm","clk":"11771460809","pt":1722674722509,"mc":[{"id":"1.231315432","rc":[{"ltp":1.75,"id":26354925}]}]}
{"op":"mcm","clk":"11771481088","pt":1722674982825,"mc":[{"id":"1.231315432","rc":[{"ltp":2.32,"id":26354927},{"ltp":1.76,"id":26354925}]}]}
{"op":"mcm","clk":"11771549660","pt":1722675873651,"mc":[{"id":"1.231315432","rc":[{"ltp":2.3,"id":26354927},{"ltp":1.77,"id":26354925}]}]}
{"op":"mcm","clk":"11771603796","pt":1722676420441,"mc":[{"id":"1.231315432","rc":[{"ltp":2.28,"id":26354927}]}]}
{"op":"mcm","clk":"11771625243","pt":1722676676803,"mc":[{"id":"1.231315432","rc":[{"ltp":2.3,"id":26354927}]}]}
{"op":"mcm","clk":"11771677941","pt":1722677247733,"mc":[{"id":"1.231315432","rc":[{"ltp":1.76,"id":26354925}]}]}
{"op":"mcm","clk":"11771749558","pt":1722678119878,"mc":[{"id":"1.231315432","rc":[{"ltp":2.28,"id":26354927},{"ltp":1.77,"id":26354925}]}]}
{"op":"mcm","clk":"11771759643","pt":1722678233097,"mc":[{"id":"1.231315432","rc":[{"ltp":1.78,"id":26354925}]}]}
{"op":"mcm","clk":"11771817709","pt":1722678914322,"mc":[{"id":"1.231315432","rc":[{"ltp":2.3,"id":26354927}]}]}
{"op":"mcm","clk":"11771836718","pt":1722679119564,"mc":[{"id":"1.231315432","rc":[{"ltp":1.77,"id":26354925}]}]}
{"op":"mcm","clk":"11771856969","pt":1722679319624,"mc":[{"id":"1.231315432","rc":[{"ltp":1.76,"id":26354925}]}]}
{"op":"mcm","clk":"11771888997","pt":1722679608156,"mc":[{"id":"1.231315432","rc":[{"ltp":1.75,"id":26354925}]}]}
{"op":"mcm","clk":"11771914909","pt":1722679839197,"mc":[{"id":"1.231315432","rc":[{"ltp":1.76,"id":26354925}]}]}
{"op":"mcm","clk":"11772093615","pt":1722681472617,"mc":[{"id":"1.231315432","rc":[{"ltp":2.32,"id":26354927}]}]}
{"op":"mcm","clk":"11772143511","pt":1722681850431,"mc":[{"id":"1.231315432","rc":[{"ltp":2.3,"id":26354927}]}]}
{"op":"mcm","clk":"11772174141","pt":1722682128898,"mc":[{"id":"1.231315432","rc":[{"ltp":1.77,"id":26354925}]}]}
{"op":"mcm","clk":"11772223477","pt":1722682611965,"mc":[{"id":"1.231315432","rc":[{"ltp":1.76,"id":26354925}]}]}
{"op":"mcm","clk":"11772244907","pt":1722682839240,"mc":[{"id":"1.231315432","rc":[{"ltp":1.75,"id":26354925}]}]}
{"op":"mcm","clk":"11772301608","pt":1722683330352,"mc":[{"id":"1.231315432","rc":[{"ltp":1.76,"id":26354925}]}]}
{"op":"mcm","clk":"11772392683","pt":1722683972304,"mc":[{"id":"1.231315432","rc":[{"ltp":1.75,"id":26354925}]}]}
{"op":"mcm","clk":"11772420664","pt":1722684167785,"mc":[{"id":"1.231315432","rc":[{"ltp":2.32,"id":26354927}]}]}
{"op":"mcm","clk":"11772427247","pt":1722684218535,"mc":[{"id":"1.231315432","rc":[{"ltp":1.74,"id":26354925}]}]}
{"op":"mcm","clk":"11772495278","pt":1722684773773,"mc":[{"id":"1.231315432","rc":[{"ltp":1.75,"id":26354925}]}]}
{"op":"mcm","clk":"11772510598","pt":1722684894995,"mc":[{"id":"1.231315432","rc":[{"ltp":2.34,"id":26354927}]}]}
{"op":"mcm","clk":"11772609175","pt":1722685627967,"mc":[{"id":"1.231315432","rc":[{"ltp":1.74,"id":26354925}]}]}
{"op":"mcm","clk":"11772661089","pt":1722686057543,"mc":[{"id":"1.231315432","rc":[{"ltp":1.75,"id":26354925}]}]}
{"op":"mcm","clk":"11772902561","pt":1722687727163,"mc":[{"id":"1.231315432","rc":[{"ltp":1.74,"id":26354925}]}]}
{"op":"mcm","clk":"11772998469","pt":1722688315884,"mc":[{"id":"1.231315432","rc":[{"ltp":1.75,"id":26354925}]}]}
{"op":"mcm","clk":"11773006593","pt":1722688366304,"mc":[{"id":"1.231315432","rc":[{"ltp":2.32,"id":26354927}]}]}
{"op":"mcm","clk":"11773032125","pt":1722688521892,"mc":[{"id":"1.231315432","rc":[{"ltp":1.74,"id":26354925}]}]}
{"op":"mcm","clk":"11773129863","pt":1722689141272,"mc":[{"id":"1.231315432","rc":[{"ltp":2.34,"id":26354927}]}]}
{"op":"mcm","clk":"11773134386","pt":1722689173076,"mc":[{"id":"1.231315432","rc":[{"ltp":2.32,"id":26354927}]}]}
{"op":"mcm","clk":"11773217066","pt":1722689939901,"mc":[{"id":"1.231315432","rc":[{"ltp":1.75,"id":26354925}]}]}
{"op":"mcm","clk":"11773234694","pt":1722690119106,"mc":[{"id":"1.231315432","rc":[{"ltp":2.34,"id":26354927}]}]}
{"op":"mcm","clk":"11773284512","pt":1722690533009,"mc":[{"id":"1.231315432","rc":[{"ltp":2.3,"id":26354927},{"ltp":1.77,"id":26354925}]}]}
{"op":"mcm","clk":"11773293738","pt":1722690600872,"mc":[{"id":"1.231315432","rc":[{"ltp":1.75,"id":26354925}]}]}
{"op":"mcm","clk":"11773332619","pt":1722690891984,"mc":[{"id":"1.231315432","rc":[{"ltp":2.36,"id":26354927},{"ltp":1.74,"id":26354925}]}]}
{"op":"mcm","clk":"11773338034","pt":1722690932444,"mc":[{"id":"1.231315432","rc":[{"ltp":1.73,"id":26354925}]}]}
{"op":"mcm","clk":"11773348912","pt":1722691020534,"mc":[{"id":"1.231315432","rc":[{"ltp":2.34,"id":26354927},{"ltp":1.75,"id":26354925}]}]}
{"op":"mcm","clk":"11773355301","pt":1722691079387,"mc":[{"id":"1.231315432","rc":[{"ltp":2.38,"id":26354927}]}]}
{"op":"mcm","clk":"11773391461","pt":1722691375722,"mc":[{"id":"1.231315432","rc":[{"ltp":1.74,"id":26354925}]}]}
{"op":"mcm","clk":"11773408862","pt":1722691526553,"mc":[{"id":"1.231315432","rc":[{"ltp":1.73,"id":26354925}]}]}
{"op":"mcm","clk":"11773439774","pt":1722691790839,"mc":[{"id":"1.231315432","rc":[{"ltp":2.28,"id":26354927},{"ltp":1.74,"id":26354925}]}]}
{"op":"mcm","clk":"11773455966","pt":1722691917861,"mc":[{"id":"1.231315432","rc":[{"ltp":1.73,"id":26354925}]}]}
{"op":"mcm","clk":"11773467178","pt":1722692009982,"mc":[{"id":"1.231315432","rc":[{"ltp":1.74,"id":26354925}]}]}
{"op":"mcm","clk":"11773477334","pt":1722692100554,"mc":[{"id":"1.231315432","rc":[{"ltp":2.34,"id":26354927},{"ltp":1.75,"id":26354925}]}]}
{"op":"mcm","clk":"11773497070","pt":1722692256950,"mc":[{"id":"1.231315432","rc":[{"ltp":2.32,"id":26354927}]}]}
{"op":"mcm","clk":"11773588113","pt":1722692915822,"mc":[{"id":"1.231315432","rc":[{"ltp":1.76,"id":26354925}]}]}
{"op":"mcm","clk":"11773721302","pt":1722694013876,"mc":[{"id":"1.231315432","rc":[{"ltp":2.3,"id":26354927}]}]}
{"op":"mcm","clk":"11773806110","pt":1722694441562,"mc":[{"id":"1.231315432","rc":[{"ltp":1.75,"id":26354925}]}]}
{"op":"mcm","clk":"11773832016","pt":1722694559995,"mc":[{"id":"1.231315432","rc":[{"ltp":2.38,"id":26354927},{"ltp":1.72,"id":26354925}]}]}
{"op":"mcm","clk":"11773882048","pt":1722694801570,"mc":[{"id":"1.231315432","rc":[{"ltp":2.36,"id":26354927}]}]}
{"op":"mcm","clk":"11773904579","pt":1722694913770,"mc":[{"id":"1.231315432","rc":[{"ltp":2.32,"id":26354927},{"ltp":1.76,"id":26354925}]}]}
{"op":"mcm","clk":"11773916067","pt":1722694973955,"mc":[{"id":"1.231315432","rc":[{"ltp":2.3,"id":26354927}]}]}
{"op":"mcm","clk":"11773927550","pt":1722695034229,"mc":[{"id":"1.231315432","rc":[{"ltp":2.32,"id":26354927},{"ltp":1.77,"id":26354925}]}]}
{"op":"mcm","clk":"11773939888","pt":1722695096499,"mc":[{"id":"1.231315432","rc":[{"ltp":2.3,"id":26354927}]}]}
{"op":"mcm","clk":"11773950340","pt":1722695151458,"mc":[{"id":"1.231315432","rc":[{"ltp":2.34,"id":26354927},{"ltp":1.74,"id":26354925}]}]}
{"op":"mcm","clk":"11773961981","pt":1722695212010,"mc":[{"id":"1.231315432","rc":[{"ltp":2.3,"id":26354927},{"ltp":1.76,"id":26354925}]}]}
{"op":"mcm","clk":"11774009899","pt":1722695458169,"mc":[{"id":"1.231315432","rc":[{"ltp":2.34,"id":26354927}]}]}
{"op":"mcm","clk":"11774021367","pt":1722695516347,"mc":[{"id":"1.231315432","rc":[{"ltp":1.72,"id":26354925}]}]}
{"op":"mcm","clk":"11774054908","pt":1722695677977,"mc":[{"id":"1.231315432","rc":[{"ltp":2.32,"id":26354927}]}]}
{"op":"mcm","clk":"11774095364","pt":1722695877072,"mc":[{"id":"1.231315432","rc":[{"ltp":1.76,"id":26354925}]}]}
{"op":"mcm","clk":"11774130704","pt":1722696058649,"mc":[{"id":"1.231315432","rc":[{"ltp":2.36,"id":26354927},{"ltp":1.72,"id":26354925}]}]}
{"op":"mcm","clk":"11774165897","pt":1722696238973,"mc":[{"id":"1.231315432","rc":[{"ltp":1.73,"id":26354925}]}]}
{"op":"mcm","clk":"11774177955","pt":1722696300943,"mc":[{"id":"1.231315432","rc":[{"ltp":2.32,"id":26354927}]}]}
{"op":"mcm","clk":"11774189111","pt":1722696355002,"mc":[{"id":"1.231315432","rc":[{"ltp":2.36,"id":26354927}]}]}
{"op":"mcm","clk":"11774211809","pt":1722696481322,"mc":[{"id":"1.231315432","rc":[{"ltp":2.3,"id":26354927}]}]}
{"op":"mcm","clk":"11774293470","pt":1722697119108,"mc":[{"id":"1.231315432","rc":[{"ltp":2.32,"id":26354927},{"ltp":1.74,"id":26354925}]}]}
{"op":"mcm","clk":"11774538552","pt":1722698212684,"mc":[{"id":"1.231315432","rc":[{"ltp":1.75,"id":26354925}]}]}
{"op":"mcm","clk":"11774555893","pt":1722698288653,"mc":[{"id":"1.231315432","rc":[{"ltp":1.74,"id":26354925}]}]}
{"op":"mcm","clk":"11774618633","pt":1722698556153,"mc":[{"id":"1.231315432","rc":[{"ltp":1.76,"id":26354925}]}]}
{"op":"mcm","clk":"11774637410","pt":1722698636933,"mc":[{"id":"1.231315432","rc":[{"ltp":2.28,"id":26354927}]}]}
{"op":"mcm","clk":"11774702074","pt":1722698929043,"mc":[{"id":"1.231315432","rc":[{"ltp":2.32,"id":26354927},{"ltp":1.75,"id":26354925}]}]}
{"op":"mcm","clk":"11774791974","pt":1722699321889,"mc":[{"id":"1.231315432","rc":[{"ltp":2.3,"id":26354927}]}]}
{"op":"mcm","clk":"11774841133","pt":1722699540245,"mc":[{"id":"1.231315432","rc":[{"ltp":2.32,"id":26354927},{"ltp":1.74,"id":26354925}]}]}
{"op":"mcm","clk":"11774958337","pt":1722700096688,"mc":[{"id":"1.231315432","rc":[{"ltp":2.34,"id":26354927}]}]}
{"op":"mcm","clk":"11774992195","pt":1722700310949,"mc":[{"id":"1.231315432","rc":[{"ltp":2.32,"id":26354927},{"ltp":1.75,"id":26354925}]}]}
{"op":"mcm","clk":"11775001405","pt":1722700378911,"mc":[{"id":"1.231315432","rc":[{"ltp":2.28,"id":26354927},{"ltp":1.76,"id":26354925}]}]}
{"op":"mcm","clk":"11775005216","pt":1722700410737,"mc":[{"id":"1.231315432","rc":[{"ltp":1.75,"id":26354925}]}]}
{"op":"mcm","clk":"11775013930","pt":1722700484796,"mc":[{"id":"1.231315432","rc":[{"ltp":1.77,"id":26354925}]}]}
{"op":"mcm","clk":"11775019775","pt":1722700530355,"mc":[{"id":"1.231315432","rc":[{"ltp":1.76,"id":26354925}]}]}
{"op":"mcm","clk":"11775030228","pt":1722700621231,"mc":[{"id":"1.231315432","rc":[{"ltp":2.32,"id":26354927}]}]}
{"op":"mcm","clk":"11775035852","pt":1722700671588,"mc":[{"id":"1.231315432","rc":[{"ltp":1.74,"id":26354925}]}]}
{"op":"mcm","clk":"11775067112","pt":1722700913020,"mc":[{"id":"1.231315432","rc":[{"ltp":1.76,"id":26354925}]}]}
{"op":"mcm","clk":"11775077316","pt":1722700981597,"mc":[{"id":"1.231315432","rc":[{"ltp":1.75,"id":26354925}]}]}
{"op":"mcm","clk":"11775085214","pt":1722701029410,"mc":[{"id":"1.231315432","rc":[{"ltp":1.74,"id":26354925}]}]}
{"op":"mcm","clk":"11775095062","pt":1722701086522,"mc":[{"id":"1.231315432","rc":[{"ltp":1.75,"id":26354925}]}]}
{"op":"mcm","clk":"11775107641","pt":1722701161011,"mc":[{"id":"1.231315432","rc":[{"ltp":2.3,"id":26354927}]}]}
{"op":"mcm","clk":"11775117824","pt":1722701219781,"mc":[{"id":"1.231315432","rc":[{"ltp":2.32,"id":26354927}]}]}
{"op":"mcm","clk":"11775139664","pt":1722701341458,"mc":[{"id":"1.231315432","rc":[{"ltp":2.28,"id":26354927},{"ltp":1.78,"id":26354925}]}]}
{"op":"mcm","clk":"11775149932","pt":1722701394608,"mc":[{"id":"1.231315432","rc":[{"ltp":2.32,"id":26354927},{"ltp":1.75,"id":26354925}]}]}
{"op":"mcm","clk":"11775162019","pt":1722701455190,"mc":[{"id":"1.231315432","rc":[{"ltp":2.3,"id":26354927},{"ltp":1.76,"id":26354925}]}]}
{"op":"mcm","clk":"11775172466","pt":1722701508050,"mc":[{"id":"1.231315432","rc":[{"ltp":2.34,"id":26354927},{"ltp":1.74,"id":26354925}]}]}
{"op":"mcm","clk":"11775186932","pt":1722701580225,"mc":[{"id":"1.231315432","rc":[{"ltp":1.75,"id":26354925}]}]}
{"op":"mcm","clk":"11775198794","pt":1722701637904,"mc":[{"id":"1.231315432","rc":[{"ltp":2.36,"id":26354927},{"ltp":1.72,"id":26354925}]}]}
{"op":"mcm","clk":"11775211464","pt":1722701700057,"mc":[{"id":"1.231315432","rc":[{"ltp":2.34,"id":26354927},{"ltp":1.73,"id":26354925}]}]}
{"op":"mcm","clk":"11775223244","pt":1722701761021,"mc":[{"id":"1.231315432","rc":[{"ltp":2.36,"id":26354927},{"ltp":1.72,"id":26354925}]}]}
{"op":"mcm","clk":"11775235442","pt":1722701821383,"mc":[{"id":"1.231315432","rc":[{"ltp":2.44,"id":26354927}]}]}
{"op":"mcm","clk":"11775246839","pt":1722701879130,"mc":[{"id":"1.231315432","rc":[{"ltp":2.38,"id":26354927}]}]}
{"op":"mcm","clk":"11775258023","pt":1722701940811,"mc":[{"id":"1.231315432","rc":[{"ltp":2.32,"id":26354927},{"ltp":1.74,"id":26354925}]}]}
{"op":"mcm","clk":"11775269149","pt":1722702000257,"mc":[{"id":"1.231315432","rc":[{"ltp":2.38,"id":26354927},{"ltp":1.72,"id":26354925}]}]}
{"op":"mcm","clk":"11775280199","pt":1722702058595,"mc":[{"id":"1.231315432","rc":[{"ltp":2.32,"id":26354927},{"ltp":1.75,"id":26354925}]}]}
{"op":"mcm","clk":"11775291703","pt":1722702121572,"mc":[{"id":"1.231315432","rc":[{"ltp":2.42,"id":26354927},{"ltp":1.74,"id":26354925}]}]}
{"op":"mcm","clk":"11775301680","pt":1722702179340,"mc":[{"id":"1.231315432","rc":[{"ltp":2.36,"id":26354927},{"ltp":1.71,"id":26354925}]}]}
{"op":"mcm","clk":"11775311366","pt":1722702235862,"mc":[{"id":"1.231315432","rc":[{"ltp":2.38,"id":26354927},{"ltp":1.72,"id":26354925}]}]}
{"op":"mcm","clk":"11775333753","pt":1722702360579,"mc":[{"id":"1.231315432","rc":[{"ltp":2.42,"id":26354927},{"ltp":1.71,"id":26354925}]}]}
{"op":"mcm","clk":"11775344490","pt":1722702421197,"mc":[{"id":"1.231315432","rc":[{"ltp":2.38,"id":26354927},{"ltp":1.72,"id":26354925}]}]}
{"op":"mcm","clk":"11775355609","pt":1722702480495,"mc":[{"id":"1.231315432","rc":[{"ltp":2.34,"id":26354927},{"ltp":1.73,"id":26354925}]}]}
{"op":"mcm","clk":"11775366403","pt":1722702539584,"mc":[{"id":"1.231315432","rc":[{"ltp":2.36,"id":26354927},{"ltp":1.7,"id":26354925}]}]}
{"op":"mcm","clk":"11775377835","pt":1722702601247,"mc":[{"id":"1.231315432","rc":[{"ltp":2.4,"id":26354927}]}]}
{"op":"mcm","clk":"11775387893","pt":1722702656633,"mc":[{"id":"1.231315432","rc":[{"ltp":2.42,"id":26354927}]}]}
{"op":"mcm","clk":"11775399350","pt":1722702720094,"mc":[{"id":"1.231315432","rc":[{"ltp":2.38,"id":26354927}]}]}
{"op":"mcm","clk":"11775410112","pt":1722702780637,"mc":[{"id":"1.231315432","rc":[{"ltp":2.4,"id":26354927},{"ltp":1.71,"id":26354925}]}]}
{"op":"mcm","clk":"11775420835","pt":1722702841293,"mc":[{"id":"1.231315432","rc":[{"ltp":2.48,"id":26354927},{"ltp":1.65,"id":26354925}]}]}
{"op":"mcm","clk":"11775431416","pt":1722702900664,"mc":[{"id":"1.231315432","rc":[{"ltp":1.66,"id":26354925}]}]}
{"op":"mcm","clk":"11775442380","pt":1722702961128,"mc":[{"id":"1.231315432","rc":[{"ltp":2.5,"id":26354927}]}]}
{"op":"mcm","clk":"11775453243","pt":1722703020423,"mc":[{"id":"1.231315432","rc":[{"ltp":2.56,"id":26354927},{"ltp":1.64,"id":26354925}]}]}
{"op":"mcm","clk":"11775464447","pt":1722703081601,"mc":[{"id":"1.231315432","rc":[{"ltp":2.58,"id":26354927},{"ltp":1.63,"id":26354925}]}]}
{"op":"mcm","clk":"11775497974","pt":1722703261033,"mc":[{"id":"1.231315432","rc":[{"ltp":2.56,"id":26354927},{"ltp":1.64,"id":26354925}]}]}
{"op":"mcm","clk":"11775509119","pt":1722703320509,"mc":[{"id":"1.231315432","rc":[{"ltp":2.58,"id":26354927},{"ltp":1.63,"id":26354925}]}]}
{"op":"mcm","clk":"11775530668","pt":1722703381537,"mc":[{"id":"1.231315432","rc":[{"ltp":2.56,"id":26354927}]}]}
{"op":"mcm","clk":"11775541765","pt":1722703441401,"mc":[{"id":"1.231315432","rc":[{"ltp":1.65,"id":26354925}]}]}
{"op":"mcm","clk":"11775553263","pt":1722703500787,"mc":[{"id":"1.231315432","rc":[{"ltp":1.64,"id":26354925}]}]}
{"op":"mcm","clk":"11775564673","pt":1722703561584,"mc":[{"id":"1.231315432","rc":[{"ltp":2.52,"id":26354927},{"ltp":1.66,"id":26354925}]}]}
{"op":"mcm","clk":"11775575812","pt":1722703621071,"mc":[{"id":"1.231315432","rc":[{"ltp":2.5,"id":26354927},{"ltp":1.67,"id":26354925}]}]}
{"op":"mcm","clk":"11775594943","pt":1722703741538,"mc":[{"id":"1.231315432","rc":[{"ltp":1.66,"id":26354925}]}]}
{"op":"mcm","clk":"11775612376","pt":1722703861598,"mc":[{"id":"1.231315432","rc":[{"ltp":2.52,"id":26354927},{"ltp":1.67,"id":26354925}]}]}
{"op":"mcm","clk":"11775620631","pt":1722703921074,"mc":[{"id":"1.231315432","rc":[{"ltp":1.65,"id":26354925}]}]}
{"op":"mcm","clk":"11775627472","pt":1722703980301,"mc":[{"id":"1.231315432","rc":[{"ltp":2.48,"id":26354927},{"ltp":1.67,"id":26354925}]}]}
{"op":"mcm","clk":"11775633617","pt":1722704040032,"mc":[{"id":"1.231315432","rc":[{"ltp":1.66,"id":26354925}]}]}
{"op":"mcm","clk":"11775639886","pt":1722704101487,"mc":[{"id":"1.231315432","rc":[{"ltp":2.52,"id":26354927},{"ltp":1.65,"id":26354925}]}]}
{"op":"mcm","clk":"11775646148","pt":1722704161557,"mc":[{"id":"1.231315432","rc":[{"ltp":1.64,"id":26354925}]}]}
{"op":"mcm","clk":"11775651651","pt":1722704221312,"mc":[{"id":"1.231315432","rc":[{"ltp":1.66,"id":26354925}]}]}
{"op":"mcm","clk":"11775657883","pt":1722704281483,"mc":[{"id":"1.231315432","rc":[{"ltp":2.48,"id":26354927},{"ltp":1.67,"id":26354925}]}]}
{"op":"mcm","clk":"11775663845","pt":1722704341544,"mc":[{"id":"1.231315432","rc":[{"ltp":2.54,"id":26354927},{"ltp":1.65,"id":26354925}]}]}
{"op":"mcm","clk":"11775669836","pt":1722704401483,"mc":[{"id":"1.231315432","rc":[{"ltp":2.52,"id":26354927},{"ltp":1.66,"id":26354925}]}]}
{"op":"mcm","clk":"11775676801","pt":1722704461550,"mc":[{"id":"1.231315432","marketDefinition":{"bspMarket":false,"turnInPlayEnabled":true,"persistenceEnabled":true,"marketBaseRate":5.0,"eventId":"33460495","eventTypeId":"4","numberOfWinners":1,"bettingType":"ODDS","marketType":"MATCH_ODDS","marketTime":"2024-08-03T17:00:00.000Z","suspendTime":"2024-08-03T17:00:00.000Z","bspReconciled":false,"complete":true,"inPlay":true,"crossMatching":true,"runnersVoidable":false,"numberOfActiveRunners":2,"betDelay":5,"status":"OPEN","runners":[{"status":"ACTIVE","sortPriority":1,"id":26354925,"name":"Trent Rockets"},{"status":"ACTIVE","sortPriority":2,"id":26354927,"name":"Welsh Fire"}],"regulators":["MR_INT"],"countryCode":"GB","discountAllowed":true,"timezone":"GMT","openDate":"2024-08-03T17:00:00.000Z","version":6054469183,"name":"Match Odds","eventName":"Trent Rockets v Welsh Fire"},"rc":[{"ltp":2.72,"id":26354927},{"ltp":1.58,"id":26354925}]}]}
{"op":"mcm","clk":"11775683996","pt":1722704521580,"mc":[{"id":"1.231315432","rc":[{"ltp":3.25,"id":26354927},{"ltp":1.45,"id":26354925}]}]}
{"op":"mcm","clk":"11775691954","pt":1722704581610,"mc":[{"id":"1.231315432","rc":[{"ltp":3.3,"id":26354927},{"ltp":1.43,"id":26354925}]}]}
{"op":"mcm","clk":"11775708987","pt":1722704701616,"mc":[{"id":"1.231315432","rc":[{"ltp":3.2,"id":26354927},{"ltp":1.45,"id":26354925}]}]}
{"op":"mcm","clk":"11775717842","pt":1722704761577,"mc":[{"id":"1.231315432","rc":[{"ltp":3.25,"id":26354927},{"ltp":1.43,"id":26354925}]}]}
{"op":"mcm","clk":"11775727264","pt":1722704821618,"mc":[{"id":"1.231315432","rc":[{"ltp":3.15,"id":26354927},{"ltp":1.47,"id":26354925}]}]}
{"op":"mcm","clk":"11775736887","pt":1722704881552,"mc":[{"id":"1.231315432","rc":[{"ltp":3.05,"id":26354927},{"ltp":1.48,"id":26354925}]}]}
{"op":"mcm","clk":"11775746389","pt":1722704941563,"mc":[{"id":"1.231315432","rc":[{"ltp":3.15,"id":26354927},{"ltp":1.46,"id":26354925}]}]}
{"op":"mcm","clk":"11775756779","pt":1722705001619,"mc":[{"id":"1.231315432","rc":[{"ltp":4.1,"id":26354927},{"ltp":1.32,"id":26354925}]}]}
{"op":"mcm","clk":"11775767722","pt":1722705061583,"mc":[{"id":"1.231315432","rc":[{"ltp":3.75,"id":26354927},{"ltp":1.35,"id":26354925}]}]}
{"op":"mcm","clk":"11775778410","pt":1722705121611,"mc":[{"id":"1.231315432","rc":[{"ltp":3.4,"id":26354927},{"ltp":1.42,"id":26354925}]}]}
{"op":"mcm","clk":"11775788549","pt":1722705181559,"mc":[{"id":"1.231315432","rc":[{"ltp":3.6,"id":26354927},{"ltp":1.38,"id":26354925}]}]}
{"op":"mcm","clk":"11775798920","pt":1722705241617,"mc":[{"id":"1.231315432","rc":[{"ltp":3.35,"id":26354927},{"ltp":1.43,"id":26354925}]}]}
{"op":"mcm","clk":"11775809479","pt":1722705301585,"mc":[{"id":"1.231315432","rc":[{"ltp":3.1,"id":26354927},{"ltp":1.47,"id":26354925}]}]}
{"op":"mcm","clk":"11775820004","pt":1722705361547,"mc":[{"id":"1.231315432","rc":[{"ltp":3.15,"id":26354927},{"ltp":1.46,"id":26354925}]}]}
{"op":"mcm","clk":"11775830550","pt":1722705421625,"mc":[{"id":"1.231315432","rc":[{"ltp":2.82,"id":26354927},{"ltp":1.56,"id":26354925}]}]}
{"op":"mcm","clk":"11775840636","pt":1722705481632,"mc":[{"id":"1.231315432","rc":[{"ltp":1.55,"id":26354925}]}]}
{"op":"mcm","clk":"11775851045","pt":1722705541622,"mc":[{"id":"1.231315432","rc":[{"ltp":2.94,"id":26354927},{"ltp":1.51,"id":26354925}]}]}
{"op":"mcm","clk":"11775861036","pt":1722705601516,"mc":[{"id":"1.231315432","rc":[{"ltp":2.88,"id":26354927},{"ltp":1.53,"id":26354925}]}]}
{"op":"mcm","clk":"11775870190","pt":1722705661564,"mc":[{"id":"1.231315432","rc":[{"ltp":3.0,"id":26354927},{"ltp":1.5,"id":26354925}]}]}
{"op":"mcm","clk":"11775879958","pt":1722705721587,"mc":[{"id":"1.231315432","rc":[{"ltp":3.25,"id":26354927},{"ltp":1.44,"id":26354925}]}]}
{"op":"mcm","clk":"11775889195","pt":1722705781623,"mc":[{"id":"1.231315432","rc":[{"ltp":3.35,"id":26354927},{"ltp":1.42,"id":26354925}]}]}
{"op":"mcm","clk":"11775898388","pt":1722705841571,"mc":[{"id":"1.231315432","rc":[{"ltp":3.2,"id":26354927},{"ltp":1.44,"id":26354925}]}]}
{"op":"mcm","clk":"11775907770","pt":1722705901618,"mc":[{"id":"1.231315432","rc":[{"ltp":2.96,"id":26354927},{"ltp":1.51,"id":26354925}]}]}
{"op":"mcm","clk":"11775917114","pt":1722705961589,"mc":[{"id":"1.231315432","rc":[{"ltp":3.0,"id":26354927},{"ltp":1.5,"id":26354925}]}]}
{"op":"mcm","clk":"11775926877","pt":1722706021451,"mc":[{"id":"1.231315432","rc":[{"ltp":2.76,"id":26354927},{"ltp":1.6,"id":26354925}]}]}
{"op":"mcm","clk":"11775936903","pt":1722706081589,"mc":[{"id":"1.231315432","rc":[{"ltp":2.42,"id":26354927},{"ltp":1.7,"id":26354925}]}]}
{"op":"mcm","clk":"11775946831","pt":1722706141623,"mc":[{"id":"1.231315432","rc":[{"ltp":2.52,"id":26354927},{"ltp":1.66,"id":26354925}]}]}
{"op":"mcm","clk":"11775966522","pt":1722706261552,"mc":[{"id":"1.231315432","rc":[{"ltp":2.36,"id":26354927},{"ltp":1.74,"id":26354925}]}]}
{"op":"mcm","clk":"11775986102","pt":1722706381550,"mc":[{"id":"1.231315432","rc":[{"ltp":2.28,"id":26354927},{"ltp":1.77,"id":26354925}]}]}
{"op":"mcm","clk":"11775995877","pt":1722706441503,"mc":[{"id":"1.231315432","rc":[{"ltp":2.36,"id":26354927},{"ltp":1.73,"id":26354925}]}]}
{"op":"mcm","clk":"11776005825","pt":1722706501554,"mc":[{"id":"1.231315432","rc":[{"ltp":2.58,"id":26354927},{"ltp":1.63,"id":26354925}]}]}
{"op":"mcm","clk":"11776016249","pt":1722706561612,"mc":[{"id":"1.231315432","rc":[{"ltp":2.54,"id":26354927},{"ltp":1.66,"id":26354925}]}]}
{"op":"mcm","clk":"11776026404","pt":1722706621587,"mc":[{"id":"1.231315432","rc":[{"ltp":2.5,"id":26354927}]}]}
{"op":"mcm","clk":"11776036339","pt":1722706681434,"mc":[{"id":"1.231315432","rc":[{"ltp":2.52,"id":26354927},{"ltp":1.65,"id":26354925}]}]}
{"op":"mcm","clk":"11776047281","pt":1722706741554,"mc":[{"id":"1.231315432","rc":[{"ltp":2.44,"id":26354927},{"ltp":1.7,"id":26354925}]}]}
{"op":"mcm","clk":"11776057832","pt":1722706801598,"mc":[{"id":"1.231315432","rc":[{"ltp":2.5,"id":26354927},{"ltp":1.66,"id":26354925}]}]}
{"op":"mcm","clk":"11776067865","pt":1722706861562,"mc":[{"id":"1.231315432","rc":[{"ltp":2.46,"id":26354927},{"ltp":1.69,"id":26354925}]}]}
{"op":"mcm","clk":"11776077819","pt":1722706921594,"mc":[{"id":"1.231315432","rc":[{"ltp":2.36,"id":26354927},{"ltp":1.74,"id":26354925}]}]}
{"op":"mcm","clk":"11776087924","pt":1722706981603,"mc":[{"id":"1.231315432","rc":[{"ltp":2.34,"id":26354927}]}]}
{"op":"mcm","clk":"11776097948","pt":1722707041593,"mc":[{"id":"1.231315432","rc":[{"ltp":2.42,"id":26354927},{"ltp":1.7,"id":26354925}]}]}
{"op":"mcm","clk":"11776108267","pt":1722707101570,"mc":[{"id":"1.231315432","rc":[{"ltp":2.56,"id":26354927},{"ltp":1.64,"id":26354925}]}]}
{"op":"mcm","clk":"11776118506","pt":1722707161350,"mc":[{"id":"1.231315432","rc":[{"ltp":2.54,"id":26354927},{"ltp":1.65,"id":26354925}]}]}
{"op":"mcm","clk":"11776128191","pt":1722707221598,"mc":[{"id":"1.231315432","rc":[{"ltp":2.6,"id":26354927},{"ltp":1.62,"id":26354925}]}]}
{"op":"mcm","clk":"11776137867","pt":1722707281597,"mc":[{"id":"1.231315432","rc":[{"ltp":2.32,"id":26354927},{"ltp":1.76,"id":26354925}]}]}
{"op":"mcm","clk":"11776147152","pt":1722707341555,"mc":[{"id":"1.231315432","rc":[{"ltp":2.3,"id":26354927},{"ltp":1.78,"id":26354925}]}]}
{"op":"mcm","clk":"11776156075","pt":1722707401610,"mc":[{"id":"1.231315432","rc":[{"ltp":2.16,"id":26354927},{"ltp":1.87,"id":26354925}]}]}
{"op":"mcm","clk":"11776165351","pt":1722707461569,"mc":[{"id":"1.231315432","rc":[{"ltp":2.64,"id":26354927},{"ltp":1.61,"id":26354925}]}]}
{"op":"mcm","clk":"11776175306","pt":1722707521617,"mc":[{"id":"1.231315432","rc":[{"ltp":2.68,"id":26354927},{"ltp":1.62,"id":26354925}]}]}
{"op":"mcm","clk":"11776183657","pt":1722707581609,"mc":[{"id":"1.231315432","rc":[{"ltp":2.66,"id":26354927},{"ltp":1.59,"id":26354925}]}]}
{"op":"mcm","clk":"11776191959","pt":1722707641607,"mc":[{"id":"1.231315432","rc":[{"ltp":2.74,"id":26354927},{"ltp":1.57,"id":26354925}]}]}
{"op":"mcm","clk":"11776199701","pt":1722707701565,"mc":[{"id":"1.231315432","rc":[{"ltp":3.2,"id":26354927},{"ltp":1.46,"id":26354925}]}]}
{"op":"mcm","clk":"11776208464","pt":1722707761564,"mc":[{"id":"1.231315432","rc":[{"ltp":3.25,"id":26354927},{"ltp":1.44,"id":26354925}]}]}
{"op":"mcm","clk":"11776215419","pt":1722707821606,"mc":[{"id":"1.231315432","rc":[{"ltp":3.4,"id":26354927},{"ltp":1.41,"id":26354925}]}]}
{"op":"mcm","clk":"11776222370","pt":1722707881607,"mc":[{"id":"1.231315432","rc":[{"ltp":3.05,"id":26354927},{"ltp":1.48,"id":26354925}]}]}
{"op":"mcm","clk":"11776229522","pt":1722707941576,"mc":[{"id":"1.231315432","rc":[{"ltp":3.1,"id":26354927},{"ltp":1.47,"id":26354925}]}]}
{"op":"mcm","clk":"11776237557","pt":1722708001574,"mc":[{"id":"1.231315432","rc":[{"ltp":3.2,"id":26354927},{"ltp":1.45,"id":26354925}]}]}
{"op":"mcm","clk":"11776246553","pt":1722708061621,"mc":[{"id":"1.231315432","rc":[{"ltp":3.1,"id":26354927},{"ltp":1.47,"id":26354925}]}]}
{"op":"mcm","clk":"11776254343","pt":1722708121585,"mc":[{"id":"1.231315432","rc":[{"ltp":3.6,"id":26354927},{"ltp":1.39,"id":26354925}]}]}
{"op":"mcm","clk":"11776262823","pt":1722708181534,"mc":[{"id":"1.231315432","rc":[{"ltp":1.38,"id":26354925}]}]}
{"op":"mcm","clk":"11776272752","pt":1722708241445,"mc":[{"id":"1.231315432","rc":[{"ltp":3.75,"id":26354927},{"ltp":1.37,"id":26354925}]}]}
{"op":"mcm","clk":"11776282628","pt":1722708301526,"mc":[{"id":"1.231315432","rc":[{"ltp":3.5,"id":26354927},{"ltp":1.4,"id":26354925}]}]}
{"op":"mcm","clk":"11776292758","pt":1722708361528,"mc":[{"id":"1.231315432","rc":[{"ltp":3.6,"id":26354927},{"ltp":1.38,"id":26354925}]}]}
{"op":"mcm","clk":"11776303433","pt":1722708421600,"mc":[{"id":"1.231315432","rc":[{"ltp":3.95,"id":26354927},{"ltp":1.34,"id":26354925}]}]}
{"op":"mcm","clk":"11776313806","pt":1722708481486,"mc":[{"id":"1.231315432","rc":[{"ltp":3.9,"id":26354927}]}]}
{"op":"mcm","clk":"11776323621","pt":1722708541628,"mc":[{"id":"1.231315432","rc":[{"ltp":3.8,"id":26354927},{"ltp":1.36,"id":26354925}]}]}
{"op":"mcm","clk":"11776333539","pt":1722708601575,"mc":[{"id":"1.231315432","rc":[{"ltp":3.7,"id":26354927},{"ltp":1.37,"id":26354925}]}]}
{"op":"mcm","clk":"11776344281","pt":1722708661531,"mc":[{"id":"1.231315432","rc":[{"ltp":3.8,"id":26354927},{"ltp":1.36,"id":26354925}]}]}
{"op":"mcm","clk":"11776376130","pt":1722708781411,"mc":[{"id":"1.231315432","rc":[{"ltp":1.35,"id":26354925}]}]}
{"op":"mcm","clk":"11776386977","pt":1722708841588,"mc":[{"id":"1.231315432","rc":[{"ltp":3.9,"id":26354927},{"ltp":1.34,"id":26354925}]}]}
{"op":"mcm","clk":"11776419217","pt":1722709021273,"mc":[{"id":"1.231315432","rc":[{"ltp":3.95,"id":26354927}]}]}
{"op":"mcm","clk":"11776440873","pt":1722709141384,"mc":[{"id":"1.231315432","rc":[{"ltp":3.9,"id":26354927}]}]}
{"op":"mcm","clk":"11776451340","pt":1722709201250,"mc":[{"id":"1.231315432","rc":[{"ltp":1.33,"id":26354925}]}]}
{"op":"mcm","clk":"11776462597","pt":1722709261201,"mc":[{"id":"1.231315432","rc":[{"ltp":3.95,"id":26354927},{"ltp":1.34,"id":26354925}]}]}
{"op":"mcm","clk":"11776474403","pt":1722709321594,"mc":[{"id":"1.231315432","rc":[{"ltp":4.0,"id":26354927},{"ltp":1.33,"id":26354925}]}]}
{"op":"mcm","clk":"11776498317","pt":1722709441477,"mc":[{"id":"1.231315432","rc":[{"ltp":3.9,"id":26354927},{"ltp":1.34,"id":26354925}]}]}
{"op":"mcm","clk":"11776510098","pt":1722709501605,"mc":[{"id":"1.231315432","rc":[{"ltp":1.36,"id":26354925}]}]}
{"op":"mcm","clk":"11776520939","pt":1722709561552,"mc":[{"id":"1.231315432","rc":[{"ltp":3.7,"id":26354927},{"ltp":1.37,"id":26354925}]}]}
{"op":"mcm","clk":"11776531283","pt":1722709621420,"mc":[{"id":"1.231315432","rc":[{"ltp":4.0,"id":26354927},{"ltp":1.33,"id":26354925}]}]}
{"op":"mcm","clk":"11776541008","pt":1722709681391,"mc":[{"id":"1.231315432","rc":[{"ltp":3.75,"id":26354927},{"ltp":1.36,"id":26354925}]}]}
{"op":"mcm","clk":"11776561472","pt":1722709801587,"mc":[{"id":"1.231315432","rc":[{"ltp":3.7,"id":26354927},{"ltp":1.38,"id":26354925}]}]}
{"op":"mcm","clk":"11776572133","pt":1722709861538,"mc":[{"id":"1.231315432","rc":[{"ltp":4.5,"id":26354927},{"ltp":1.28,"id":26354925}]}]}
{"op":"mcm","clk":"11776581917","pt":1722709921578,"mc":[{"id":"1.231315432","rc":[{"ltp":1.27,"id":26354925}]}]}
{"op":"mcm","clk":"11776591952","pt":1722709981575,"mc":[{"id":"1.231315432","rc":[{"ltp":4.6,"id":26354927},{"ltp":1.28,"id":26354925}]}]}
{"op":"mcm","clk":"11776602031","pt":1722710041563,"mc":[{"id":"1.231315432","rc":[{"ltp":4.5,"id":26354927}]}]}
{"op":"mcm","clk":"11776612209","pt":1722710101521,"mc":[{"id":"1.231315432","rc":[{"ltp":1.29,"id":26354925}]}]}
{"op":"mcm","clk":"11776622630","pt":1722710161614,"mc":[{"id":"1.231315432","rc":[{"ltp":5.2,"id":26354927},{"ltp":1.24,"id":26354925}]}]}
{"op":"mcm","clk":"11776633431","pt":1722710221499,"mc":[{"id":"1.231315432","rc":[{"ltp":6.0,"id":26354927},{"ltp":1.2,"id":26354925}]}]}
{"op":"mcm","clk":"11776644197","pt":1722710281603,"mc":[{"id":"1.231315432","rc":[{"ltp":6.4,"id":26354927},{"ltp":1.18,"id":26354925}]}]}
{"op":"mcm","clk":"11776666559","pt":1722710401541,"mc":[{"id":"1.231315432","rc":[{"ltp":6.0,"id":26354927},{"ltp":1.2,"id":26354925}]}]}
{"op":"mcm","clk":"11776678310","pt":1722710461558,"mc":[{"id":"1.231315432","rc":[{"ltp":5.7,"id":26354927},{"ltp":1.21,"id":26354925}]}]}
{"op":"mcm","clk":"11776689932","pt":1722710521608,"mc":[{"id":"1.231315432","rc":[{"ltp":6.0,"id":26354927},{"ltp":1.2,"id":26354925}]}]}
{"op":"mcm","clk":"11776701209","pt":1722710581494,"mc":[{"id":"1.231315432","rc":[{"ltp":4.6,"id":26354927},{"ltp":1.27,"id":26354925}]}]}
{"op":"mcm","clk":"11776711951","pt":1722710641563,"mc":[{"id":"1.231315432","rc":[{"ltp":4.3,"id":26354927},{"ltp":1.3,"id":26354925}]}]}
{"op":"mcm","clk":"11776722164","pt":1722710701613,"mc":[{"id":"1.231315432","rc":[{"ltp":5.5,"id":26354927},{"ltp":1.2,"id":26354925}]}]}
{"op":"mcm","clk":"11776732970","pt":1722710761626,"mc":[{"id":"1.231315432","rc":[{"ltp":6.2,"id":26354927},{"ltp":1.19,"id":26354925}]}]}
{"op":"mcm","clk":"11776743394","pt":1722710821326,"mc":[{"id":"1.231315432","rc":[{"ltp":1.2,"id":26354925}]}]}
{"op":"mcm","clk":"11776753751","pt":1722710881545,"mc":[{"id":"1.231315432","rc":[{"ltp":6.8,"id":26354927},{"ltp":1.16,"id":26354925}]}]}
{"op":"mcm","clk":"11776763563","pt":1722710941619,"mc":[{"id":"1.231315432","rc":[{"ltp":6.4,"id":26354927},{"ltp":1.18,"id":26354925}]}]}
{"op":"mcm","clk":"11776783273","pt":1722711061618,"mc":[{"id":"1.231315432","rc":[{"ltp":4.0,"id":26354927},{"ltp":1.33,"id":26354925}]}]}
{"op":"mcm","clk":"11776793001","pt":1722711121585,"mc":[{"id":"1.231315432","rc":[{"ltp":3.95,"id":26354927},{"ltp":1.34,"id":26354925}]}]}
{"op":"mcm","clk":"11776801513","pt":1722711181568,"mc":[{"id":"1.231315432","rc":[{"ltp":5.2,"id":26354927},{"ltp":1.24,"id":26354925}]}]}
{"op":"mcm","clk":"11776810495","pt":1722711241621,"mc":[{"id":"1.231315432","rc":[{"ltp":5.1,"id":26354927},{"ltp":1.25,"id":26354925}]}]}
{"op":"mcm","clk":"11776819352","pt":1722711301547,"mc":[{"id":"1.231315432","rc":[{"ltp":5.3,"id":26354927},{"ltp":1.23,"id":26354925}]}]}
{"op":"mcm","clk":"11776828049","pt":1722711361556,"mc":[{"id":"1.231315432","rc":[{"ltp":5.1,"id":26354927},{"ltp":1.24,"id":26354925}]}]}
{"op":"mcm","clk":"11776835744","pt":1722711421518,"mc":[{"id":"1.231315432","rc":[{"ltp":4.7,"id":26354927},{"ltp":1.26,"id":26354925}]}]}
{"op":"mcm","clk":"11776844648","pt":1722711481362,"mc":[{"id":"1.231315432","rc":[{"ltp":5.0,"id":26354927},{"ltp":1.24,"id":26354925}]}]}
{"op":"mcm","clk":"11776852933","pt":1722711541608,"mc":[{"id":"1.231315432","rc":[{"ltp":5.1,"id":26354927},{"ltp":1.23,"id":26354925}]}]}
{"op":"mcm","clk":"11776860493","pt":1722711601573,"mc":[{"id":"1.231315432","rc":[{"ltp":5.7,"id":26354927},{"ltp":1.2,"id":26354925}]}]}
{"op":"mcm","clk":"11776868310","pt":1722711661592,"mc":[{"id":"1.231315432","rc":[{"ltp":6.0,"id":26354927}]}]}
{"op":"mcm","clk":"11776875543","pt":1722711721440,"mc":[{"id":"1.231315432","rc":[{"ltp":5.3,"id":26354927},{"ltp":1.22,"id":26354925}]}]}
{"op":"mcm","clk":"11776883176","pt":1722711781413,"mc":[{"id":"1.231315432","rc":[{"ltp":5.1,"id":26354927},{"ltp":1.24,"id":26354925}]}]}
{"op":"mcm","clk":"11776891578","pt":1722711841633,"mc":[{"id":"1.231315432","rc":[{"ltp":4.8,"id":26354927},{"ltp":1.26,"id":26354925}]}]}
{"op":"mcm","clk":"11776900381","pt":1722711901630,"mc":[{"id":"1.231315432","rc":[{"ltp":2.88,"id":26354927},{"ltp":1.51,"id":26354925}]}]}
{"op":"mcm","clk":"11776909415","pt":1722711961610,"mc":[{"id":"1.231315432","rc":[{"ltp":3.2,"id":26354927},{"ltp":1.45,"id":26354925}]}]}
{"op":"mcm","clk":"11776918592","pt":1722712021611,"mc":[{"id":"1.231315432","rc":[{"ltp":3.35,"id":26354927},{"ltp":1.43,"id":26354925}]}]}
{"op":"mcm","clk":"11776928523","pt":1722712081521,"mc":[{"id":"1.231315432","rc":[{"ltp":3.05,"id":26354927},{"ltp":1.47,"id":26354925}]}]}
{"op":"mcm","clk":"11776938079","pt":1722712141568,"mc":[{"id":"1.231315432","rc":[{"ltp":3.25,"id":26354927},{"ltp":1.45,"id":26354925}]}]}
{"op":"mcm","clk":"11776947195","pt":1722712201540,"mc":[{"id":"1.231315432","rc":[{"ltp":2.94,"id":26354927},{"ltp":1.52,"id":26354925}]}]}
{"op":"mcm","clk":"11776956619","pt":1722712261532,"mc":[{"id":"1.231315432","rc":[{"ltp":2.9,"id":26354927},{"ltp":1.53,"id":26354925}]}]}
{"op":"mcm","clk":"11776966772","pt":1722712321516,"mc":[{"id":"1.231315432","rc":[{"ltp":2.88,"id":26354927}]}]}
{"op":"mcm","clk":"11776976373","pt":1722712381541,"mc":[{"id":"1.231315432","rc":[{"ltp":3.0,"id":26354927},{"ltp":1.48,"id":26354925}]}]}
{"op":"mcm","clk":"11776985880","pt":1722712441601,"mc":[{"id":"1.231315432","rc":[{"ltp":3.55,"id":26354927},{"ltp":1.39,"id":26354925}]}]}
{"op":"mcm","clk":"11776996185","pt":1722712501609,"mc":[{"id":"1.231315432","rc":[{"ltp":4.2,"id":26354927},{"ltp":1.33,"id":26354925}]}]}
{"op":"mcm","clk":"11777006473","pt":1722712561480,"mc":[{"id":"1.231315432","rc":[{"ltp":4.0,"id":26354927},{"ltp":1.32,"id":26354925}]}]}
{"op":"mcm","clk":"11777016577","pt":1722712621574,"mc":[{"id":"1.231315432","rc":[{"ltp":3.25,"id":26354927},{"ltp":1.45,"id":26354925}]}]}
{"op":"mcm","clk":"11777025786","pt":1722712681570,"mc":[{"id":"1.231315432","rc":[{"ltp":2.92,"id":26354927},{"ltp":1.52,"id":26354925}]}]}
{"op":"mcm","clk":"11777035132","pt":1722712741536,"mc":[{"id":"1.231315432","rc":[{"ltp":5.4,"id":26354927},{"ltp":1.23,"id":26354925}]}]}
{"op":"mcm","clk":"11777044272","pt":1722712801610,"mc":[{"id":"1.231315432","rc":[{"ltp":2.66,"id":26354927},{"ltp":1.62,"id":26354925}]}]}
{"op":"mcm","clk":"11777053604","pt":1722712861556,"mc":[{"id":"1.231315432","rc":[{"ltp":2.5,"id":26354927},{"ltp":1.68,"id":26354925}]}]}
{"op":"mcm","clk":"11777062729","pt":1722712921624,"mc":[{"id":"1.231315432","rc":[{"ltp":2.4,"id":26354927},{"ltp":1.73,"id":26354925}]}]}
{"op":"mcm","clk":"11777071827","pt":1722712981592,"mc":[{"id":"1.231315432","rc":[{"ltp":2.92,"id":26354927},{"ltp":1.52,"id":26354925}]}]}
{"op":"mcm","clk":"11777080855","pt":1722713041579,"mc":[{"id":"1.231315432","rc":[{"ltp":3.05,"id":26354927},{"ltp":1.48,"id":26354925}]}]}
{"op":"mcm","clk":"11777089704","pt":1722713101631,"mc":[{"id":"1.231315432","rc":[{"ltp":2.74,"id":26354927},{"ltp":1.59,"id":26354925}]}]}
{"op":"mcm","clk":"11777098418","pt":1722713161612,"mc":[{"id":"1.231315432","rc":[{"ltp":4.3,"id":26354927},{"ltp":1.31,"id":26354925}]}]}
{"op":"mcm","clk":"11777106251","pt":1722713221599,"mc":[{"id":"1.231315432","rc":[{"ltp":4.0,"id":26354927},{"ltp":1.34,"id":26354925}]}]}
{"op":"mcm","clk":"11777113303","pt":1722713281531,"mc":[{"id":"1.231315432","rc":[{"ltp":3.85,"id":26354927},{"ltp":1.35,"id":26354925}]}]}
{"op":"mcm","clk":"11777120323","pt":1722713341561,"mc":[{"id":"1.231315432","rc":[{"ltp":3.35,"id":26354927},{"ltp":1.43,"id":26354925}]}]}
{"op":"mcm","clk":"11777127916","pt":1722713401526,"mc":[{"id":"1.231315432","rc":[{"ltp":3.05,"id":26354927},{"ltp":1.5,"id":26354925}]}]}
{"op":"mcm","clk":"11777135935","pt":1722713461594,"mc":[{"id":"1.231315432","rc":[{"ltp":2.16,"id":26354927},{"ltp":1.87,"id":26354925}]}]}
{"op":"mcm","clk":"11777143914","pt":1722713521544,"mc":[{"id":"1.231315432","rc":[{"ltp":2.22,"id":26354927},{"ltp":1.77,"id":26354925}]}]}
{"op":"mcm","clk":"11777151803","pt":1722713581542,"mc":[{"id":"1.231315432","rc":[{"ltp":2.42,"id":26354927},{"ltp":1.68,"id":26354925}]}]}
{"op":"mcm","clk":"11777159700","pt":1722713641598,"mc":[{"id":"1.231315432","rc":[{"ltp":3.8,"id":26354927},{"ltp":1.36,"id":26354925}]}]}
{"op":"mcm","clk":"11777167386","pt":1722713701599,"mc":[{"id":"1.231315432","rc":[{"ltp":3.5,"id":26354927},{"ltp":1.4,"id":26354925}]}]}
{"op":"mcm","clk":"11777175023","pt":1722713761541,"mc":[{"id":"1.231315432","rc":[{"ltp":2.16,"id":26354927},{"ltp":1.86,"id":26354925}]}]}
{"op":"mcm","clk":"11777182805","pt":1722713821607,"mc":[{"id":"1.231315432","rc":[{"ltp":2.32,"id":26354927},{"ltp":1.75,"id":26354925}]}]}
{"op":"mcm","clk":"11777189672","pt":1722713881590,"mc":[{"id":"1.231315432","rc":[{"ltp":1.46,"id":26354927},{"ltp":3.15,"id":26354925}]}]}
{"op":"mcm","clk":"11777196484","pt":1722713941549,"mc":[{"id":"1.231315432","rc":[{"ltp":1.42,"id":26354927},{"ltp":3.25,"id":26354925}]}]}
{"op":"mcm","clk":"11777203496","pt":1722714001600,"mc":[{"id":"1.231315432","rc":[{"ltp":1.48,"id":26354927},{"ltp":3.05,"id":26354925}]}]}
{"op":"mcm","clk":"11777210780","pt":1722714061574,"mc":[{"id":"1.231315432","rc":[{"ltp":1.12,"id":26354927},{"ltp":9.2,"id":26354925}]}]}
{"op":"mcm","clk":"11777217538","pt":1722714121537,"mc":[{"id":"1.231315432","rc":[{"ltp":9.8,"id":26354925}]}]}
{"op":"mcm","clk":"11777232712","pt":1722714179036,"mc":[{"id":"1.231315432","marketDefinition":{"bspMarket":false,"turnInPlayEnabled":true,"persistenceEnabled":true,"marketBaseRate":5.0,"eventId":"33460495","eventTypeId":"4","numberOfWinners":1,"bettingType":"ODDS","marketType":"MATCH_ODDS","marketTime":"2024-08-03T17:00:00.000Z","suspendTime":"2024-08-03T17:00:00.000Z","bspReconciled":false,"complete":true,"inPlay":true,"crossMatching":true,"runnersVoidable":false,"numberOfActiveRunners":2,"betDelay":5,"status":"SUSPENDED","runners":[{"status":"ACTIVE","sortPriority":1,"id":26354925,"name":"Trent Rockets"},{"status":"ACTIVE","sortPriority":2,"id":26354927,"name":"Welsh Fire"}],"regulators":["MR_INT"],"countryCode":"GB","discountAllowed":true,"timezone":"GMT","openDate":"2024-08-03T17:00:00.000Z","version":6054983286,"name":"Match Odds","eventName":"Trent Rockets v Welsh Fire"},"rc":[{"ltp":1.01,"id":26354927},{"ltp":1000.0,"id":26354925}]}]}
{"op":"mcm","clk":"11777252238","pt":1722714371241,"mc":[{"id":"1.231315432","marketDefinition":{"bspMarket":false,"turnInPlayEnabled":true,"persistenceEnabled":true,"marketBaseRate":5.0,"eventId":"33460495","eventTypeId":"4","numberOfWinners":1,"bettingType":"ODDS","marketType":"MATCH_ODDS","marketTime":"2024-08-03T17:00:00.000Z","suspendTime":"2024-08-03T17:00:00.000Z","bspReconciled":false,"complete":true,"inPlay":true,"crossMatching":false,"runnersVoidable":false,"numberOfActiveRunners":0,"betDelay":5,"status":"CLOSED","settledTime":"2024-08-03T19:44:46.000Z","runners":[{"status":"LOSER","sortPriority":1,"id":26354925,"name":"Trent Rockets"},{"status":"WINNER","sortPriority":2,"id":26354927,"name":"Welsh Fire"}],"regulators":["MR_INT"],"countryCode":"GB","discountAllowed":true,"timezone":"GMT","openDate":"2024-08-03T17:00:00.000Z","version":6054993300,"name":"Match Odds","eventName":"Trent Rockets v Welsh Fire"}}]}
