{"op":"mcm","clk":"11797886504","pt":1723029281879,"mc":[{"id":"1.231544455","marketDefinition":{"bspMarket":false,"turnInPlayEnabled":true,"persistenceEnabled":true,"marketBaseRate":5.0,"eventId":"33475282","eventTypeId":"4","numberOfWinners":1,"bettingType":"ODDS","marketType":"MATCH_ODDS","marketTime":"2024-08-09T14:00:00.000Z","suspendTime":"2024-08-09T14:00:00.000Z","bspReconciled":false,"complete":true,"inPlay":false,"crossMatching":true,"runnersVoidable":false,"numberOfActiveRunners":2,"betDelay":0,"status":"OPEN","runners":[{"status":"ACTIVE","sortPriority":1,"id":40096576,"name":"London Spirit Women"},{"status":"ACTIVE","sortPriority":2,"id":40096590,"name":"Manchester Originals Women"}],"regulators":["MR_INT"],"countryCode":"GB","discountAllowed":true,"timezone":"GMT","openDate":"2024-08-09T14:00:00.000Z","version":6060561024,"name":"Match Odds","eventName":"London Spirit Women v Manchester Originals Women"}}]}
{"op":"mcm","clk":"11799313805","pt":1723046978024,"mc":[{"id":"1.231544455","rc":[{"ltp":1.32,"id":40096590}]}]}
{"op":"mcm","clk":"11799317406","pt":1723047010295,"mc":[{"id":"1.231544455","rc":[{"ltp":1.4,"id":40096576}]}]}
{"op":"mcm","clk":"11799956115","pt":1723053396084,"mc":[{"id":"1.231544455","rc":[{"ltp":1.81,"id":40096576}]}]}
{"op":"mcm","clk":"11802585149","pt":1723097368291,"mc":[{"id":"1.231544455","rc":[{"ltp":1.85,"id":40096576}]}]}
{"op":"mcm","clk":"11802606798","pt":1723097769729,"mc":[{"id":"1.231544455","rc":[{"ltp":2.14,"id":40096590},{"ltp":1.88,"id":40096576}]}]}
{"op":"mcm","clk":"11802618434","pt":1723098091756,"mc":[{"id":"1.231544455","rc":[{"ltp":1.81,"id":40096576}]}]}
{"op":"mcm","clk":"11803891321","pt":1723122333032,"mc":[{"id":"1.231544455","rc":[{"ltp":1.62,"id":40096576}]}]}
{"op":"mcm","clk":"11803893023","pt":1723122367987,"mc":[{"id":"1.231544455","rc":[{"ltp":1.77,"id":40096576}]}]}
{"op":"mcm","clk":"11805349716","pt":1723138040550,"mc":[{"id":"1.231544455","rc":[{"ltp":2.3,"id":40096590}]}]}
{"op":"mcm","clk":"11805357356","pt":1723138111728,"mc":[{"id":"1.231544455","rc":[{"ltp":2.28,"id":40096590},{"ltp":1.78,"id":40096576}]}]}
{"op":"mcm","clk":"11805364508","pt":1723138177390,"mc":[{"id":"1.231544455","rc":[{"ltp":1.77,"id":40096576}]}]}
{"op":"mcm","clk":"11806128502","pt":1723144172899,"mc":[{"id":"1.231544455","rc":[{"ltp":1.78,"id":40096576}]}]}
{"op":"mcm","clk":"11806275809","pt":1723145419630,"mc":[{"id":"1.231544455","rc":[{"ltp":2.22,"id":40096590},{"ltp":1.82,"id":40096576}]}]}
{"op":"mcm","clk":"11806587043","pt":1723148929623,"mc":[{"id":"1.231544455","rc":[{"ltp":2.14,"id":40096590}]}]}
{"op":"mcm","clk":"11806646120","pt":1723149696570,"mc":[{"id":"1.231544455","rc":[{"ltp":1.79,"id":40096576}]}]}
{"op":"mcm","clk":"11806664822","pt":1723149976680,"mc":[{"id":"1.231544455","rc":[{"ltp":2.12,"id":40096590},{"ltp":1.88,"id":40096576}]}]}
{"op":"mcm","clk":"11806700462","pt":1723150522940,"mc":[{"id":"1.231544455","rc":[{"ltp":1.86,"id":40096576}]}]}
{"op":"mcm","clk":"11806704512","pt":1723150592007,"mc":[{"id":"1.231544455","rc":[{"ltp":1.82,"id":40096576}]}]}
{"op":"mcm","clk":"11806780375","pt":1723151707449,"mc":[{"id":"1.231544455","rc":[{"ltp":2.2,"id":40096590}]}]}
{"op":"mcm","clk":"11807146706","pt":1723158696063,"mc":[{"id":"1.231544455","rc":[{"ltp":2.16,"id":40096590},{"ltp":1.85,"id":40096576}]}]}
{"op":"mcm","clk":"11807221377","pt":1723160234811,"mc":[{"id":"1.231544455","rc":[{"ltp":1.86,"id":40096576}]}]}
{"op":"mcm","clk":"11807862394","pt":1723171028128,"mc":[{"id":"1.231544455","rc":[{"ltp":2.22,"id":40096590},{"ltp":1.81,"id":40096576}]}]}
{"op":"mcm","clk":"11807870793","pt":1723171218137,"mc":[{"id":"1.231544455","rc":[{"ltp":1.8,"id":40096576}]}]}
{"op":"mcm","clk":"11807921384","pt":1723172331389,"mc":[{"id":"1.231544455","rc":[{"ltp":1.82,"id":40096576}]}]}
{"op":"mcm","clk":"11807961361","pt":1723173098578,"mc":[{"id":"1.231544455","rc":[{"ltp":2.2,"id":40096590},{"ltp":1.83,"id":40096576}]}]}
{"op":"mcm","clk":"11808016205","pt":1723173952294,"mc":[{"id":"1.231544455","rc":[{"ltp":1.82,"id":40096576}]}]}
{"op":"mcm","clk":"11808092296","pt":1723175706355,"mc":[{"id":"1.231544455","rc":[{"ltp":1.83,"id":40096576}]}]}
{"op":"mcm","clk":"11808094149","pt":1723175749369,"mc":[{"id":"1.231544455","rc":[{"ltp":1.82,"id":40096576}]}]}
{"op":"mcm","clk":"11808128606","pt":1723176518768,"mc":[{"id":"1.231544455","rc":[{"ltp":1.83,"id":40096576}]}]}
{"op":"mcm","clk":"11808235528","pt":1723178598316,"mc":[{"id":"1.231544455","rc":[{"ltp":1.84,"id":40096576}]}]}
{"op":"mcm","clk":"11808249552","pt":1723178984800,"mc":[{"id":"1.231544455","rc":[{"ltp":2.18,"id":40096590}]}]}
{"op":"mcm","clk":"11808265993","pt":1723179375527,"mc":[{"id":"1.231544455","rc":[{"ltp":1.83,"id":40096576}]}]}
{"op":"mcm","clk":"11808335211","pt":1723180954022,"mc":[{"id":"1.231544455","rc":[{"ltp":2.2,"id":40096590}]}]}
{"op":"mcm","clk":"11808342377","pt":1723181115604,"mc":[{"id":"1.231544455","rc":[{"ltp":1.82,"id":40096576}]}]}
{"op":"mcm","clk":"11808347865","pt":1723181233744,"mc":[{"id":"1.231544455","rc":[{"ltp":1.83,"id":40096576}]}]}
{"op":"mcm","clk":"11808439240","pt":1723183278766,"mc":[{"id":"1.231544455","rc":[{"ltp":1.82,"id":40096576}]}]}
{"op":"mcm","clk":"11808501265","pt":1723184050762,"mc":[{"id":"1.231544455","rc":[{"ltp":1.83,"id":40096576}]}]}
{"op":"mcm","clk":"11808546769","pt":1723184858454,"mc":[{"id":"1.231544455","rc":[{"ltp":2.18,"id":40096590}]}]}
{"op":"mcm","clk":"11808598535","pt":1723185870073,"mc":[{"id":"1.231544455","rc":[{"ltp":1.84,"id":40096576}]}]}
{"op":"mcm","clk":"11808626033","pt":1723186393058,"mc":[{"id":"1.231544455","rc":[{"ltp":1.82,"id":40096576}]}]}
{"op":"mcm","clk":"11808641879","pt":1723186698001,"mc":[{"id":"1.231544455","rc":[{"ltp":1.83,"id":40096576}]}]}
{"op":"mcm","clk":"11808651536","pt":1723186865391,"mc":[{"id":"1.231544455","rc":[{"ltp":1.84,"id":40096576}]}]}
{"op":"mcm","clk":"11808658393","pt":1723187001227,"mc":[{"id":"1.231544455","rc":[{"ltp":1.83,"id":40096576}]}]}
{"op":"mcm","clk":"11808801023","pt":1723189574667,"mc":[{"id":"1.231544455","rc":[{"ltp":2.2,"id":40096590}]}]}
{"op":"mcm","clk":"11808873518","pt":1723191001897,"mc":[{"id":"1.231544455","rc":[{"ltp":1.84,"id":40096576}]}]}
{"op":"mcm","clk":"11808884547","pt":1723191187529,"mc":[{"id":"1.231544455","rc":[{"ltp":2.18,"id":40096590}]}]}
{"op":"mcm","clk":"11808927090","pt":1723192054760,"mc":[{"id":"1.231544455","rc":[{"ltp":1.83,"id":40096576}]}]}
{"op":"mcm","clk":"11808974896","pt":1723193040609,"mc":[{"id":"1.231544455","rc":[{"ltp":1.84,"id":40096576}]}]}
{"op":"mcm","clk":"11809072766","pt":1723194878704,"mc":[{"id":"1.231544455","rc":[{"ltp":1.83,"id":40096576}]}]}
{"op":"mcm","clk":"11809102067","pt":1723195418472,"mc":[{"id":"1.231544455","rc":[{"ltp":2.2,"id":40096590}]}]}
{"op":"mcm","clk":"11809266898","pt":1723198388343,"mc":[{"id":"1.231544455","rc":[{"ltp":2.18,"id":40096590}]}]}
{"op":"mcm","clk":"11809357121","pt":1723199711560,"mc":[{"id":"1.231544455","rc":[{"ltp":1.84,"id":40096576}]}]}
{"op":"mcm","clk":"11809443611","pt":1723200779367,"mc":[{"id":"1.231544455","rc":[{"ltp":1.83,"id":40096576}]}]}
{"op":"mcm","clk":"11809469875","pt":1723201212941,"mc":[{"id":"1.231544455","rc":[{"ltp":1.84,"id":40096576}]}]}
{"op":"mcm","clk":"11809491738","pt":1723201539022,"mc":[{"id":"1.231544455","rc":[{"ltp":1.83,"id":40096576}]}]}
{"op":"mcm","clk":"11809772146","pt":1723205013716,"mc":[{"id":"1.231544455","rc":[{"ltp":1.84,"id":40096576}]}]}
{"op":"mcm","clk":"11809777090","pt":1723205067200,"mc":[{"id":"1.231544455","rc":[{"ltp":1.83,"id":40096576}]}]}
{"op":"mcm","clk":"11809787971","pt":1723205187475,"mc":[{"id":"1.231544455","rc":[{"ltp":1.85,"id":40096576}]}]}
{"op":"mcm","clk":"11809807278","pt":1723205426051,"mc":[{"id":"1.231544455","rc":[{"ltp":2.16,"id":40096590}]}]}
{"op":"mcm","clk":"11809812169","pt":1723205487822,"mc":[{"id":"1.231544455","rc":[{"ltp":2.18,"id":40096590},{"ltp":1.84,"id":40096576}]}]}
{"op":"mcm","clk":"11809858148","pt":1723205856837,"mc":[{"id":"1.231544455","rc":[{"ltp":1.85,"id":40096576}]}]}
{"op":"mcm","clk":"11809881776","pt":1723206154339,"mc":[{"id":"1.231544455","rc":[{"ltp":2.16,"id":40096590},{"ltp":1.86,"id":40096576}]}]}
{"op":"mcm","clk":"11809899972","pt":1723206382576,"mc":[{"id":"1.231544455","rc":[{"ltp":1.85,"id":40096576}]}]}
{"op":"mcm","clk":"11809914145","pt":1723206579704,"mc":[{"id":"1.231544455","rc":[{"ltp":1.86,"id":40096576}]}]}
{"op":"mcm","clk":"11809927131","pt":1723206747378,"mc":[{"id":"1.231544455","rc":[{"ltp":1.87,"id":40096576}]}]}
{"op":"mcm","clk":"11809933770","pt":1723206827669,"mc":[{"id":"1.231544455","rc":[{"ltp":1.86,"id":40096576}]}]}
{"op":"mcm","clk":"11809970221","pt":1723207237184,"mc":[{"id":"1.231544455","rc":[{"ltp":1.85,"id":40096576}]}]}
{"op":"mcm","clk":"11809975639","pt":1723207294973,"mc":[{"id":"1.231544455","rc":[{"ltp":1.84,"id":40096576}]}]}
{"op":"mcm","clk":"11810006164","pt":1723207658538,"mc":[{"id":"1.231544455","rc":[{"ltp":2.18,"id":40096590}]}]}
{"op":"mcm","clk":"11810028994","pt":1723207947592,"mc":[{"id":"1.231544455","rc":[{"ltp":1.83,"id":40096576}]}]}
{"op":"mcm","clk":"11810031929","pt":1723207984490,"mc":[{"id":"1.231544455","rc":[{"ltp":1.84,"id":40096576}]}]}
{"op":"mcm","clk":"11810053123","pt":1723208247829,"mc":[{"id":"1.231544455","rc":[{"ltp":2.16,"id":40096590}]}]}
{"op":"mcm","clk":"11810063412","pt":1723208372547,"mc":[{"id":"1.231544455","rc":[{"ltp":1.83,"id":40096576}]}]}
{"op":"mcm","clk":"11810068367","pt":1723208431408,"mc":[{"id":"1.231544455","rc":[{"ltp":2.2,"id":40096590}]}]}
{"op":"mcm","clk":"11810073508","pt":1723208489083,"mc":[{"id":"1.231544455","rc":[{"ltp":2.18,"id":40096590},{"ltp":1.84,"id":40096576}]}]}
{"op":"mcm","clk":"11810085366","pt":1723208612976,"mc":[{"id":"1.231544455","rc":[{"ltp":2.2,"id":40096590},{"ltp":1.83,"id":40096576}]}]}
{"op":"mcm","clk":"11810098049","pt":1723208732625,"mc":[{"id":"1.231544455","rc":[{"ltp":2.18,"id":40096590}]}]}
{"op":"mcm","clk":"11810115693","pt":1723208904204,"mc":[{"id":"1.231544455","rc":[{"ltp":1.84,"id":40096576}]}]}
{"op":"mcm","clk":"11810136443","pt":1723209077140,"mc":[{"id":"1.231544455","rc":[{"ltp":1.83,"id":40096576}]}]}
{"op":"mcm","clk":"11810166673","pt":1723209335213,"mc":[{"id":"1.231544455","rc":[{"ltp":1.84,"id":40096576}]}]}
{"op":"mcm","clk":"11810178916","pt":1723209452573,"mc":[{"id":"1.231544455","rc":[{"ltp":2.22,"id":40096590},{"ltp":1.82,"id":40096576}]}]}
{"op":"mcm","clk":"11810185504","pt":1723209515246,"mc":[{"id":"1.231544455","rc":[{"ltp":2.2,"id":40096590},{"ltp":1.83,"id":40096576}]}]}
{"op":"mcm","clk":"11810188846","pt":1723209546541,"mc":[{"id":"1.231544455","rc":[{"ltp":1.82,"id":40096576}]}]}
{"op":"mcm","clk":"11810204738","pt":1723209697551,"mc":[{"id":"1.231544455","rc":[{"ltp":1.81,"id":40096576}]}]}
{"op":"mcm","clk":"11810210437","pt":1723209755691,"mc":[{"id":"1.231544455","rc":[{"ltp":2.22,"id":40096590},{"ltp":1.82,"id":40096576}]}]}
{"op":"mcm","clk":"11810216774","pt":1723209818567,"mc":[{"id":"1.231544455","rc":[{"ltp":1.83,"id":40096576}]}]}
{"op":"mcm","clk":"11810222612","pt":1723209879210,"mc":[{"id":"1.231544455","rc":[{"ltp":2.26,"id":40096590},{"ltp":1.8,"id":40096576}]}]}
{"op":"mcm","clk":"11810231515","pt":1723209965131,"mc":[{"id":"1.231544455","rc":[{"ltp":1.82,"id":40096576}]}]}
{"op":"mcm","clk":"11810247833","pt":1723210118646,"mc":[{"id":"1.231544455","rc":[{"ltp":2.2,"id":40096590},{"ltp":1.84,"id":40096576}]}]}
{"op":"mcm","clk":"11810253658","pt":1723210177876,"mc":[{"id":"1.231544455","rc":[{"ltp":1.83,"id":40096576}]}]}
{"op":"mcm","clk":"11810260082","pt":1723210239854,"mc":[{"id":"1.231544455","rc":[{"ltp":2.16,"id":40096590},{"ltp":1.85,"id":40096576}]}]}
{"op":"mcm","clk":"11810271716","pt":1723210359717,"mc":[{"id":"1.231544455","rc":[{"ltp":2.14,"id":40096590},{"ltp":1.83,"id":40096576}]}]}
{"op":"mcm","clk":"11810278068","pt":1723210417585,"mc":[{"id":"1.231544455","rc":[{"ltp":2.26,"id":40096590},{"ltp":1.78,"id":40096576}]}]}
{"op":"mcm","clk":"11810285028","pt":1723210478381,"mc":[{"id":"1.231544455","rc":[{"ltp":2.28,"id":40096590},{"ltp":1.77,"id":40096576}]}]}
{"op":"mcm","clk":"11810291957","pt":1723210539215,"mc":[{"id":"1.231544455","rc":[{"ltp":1.78,"id":40096576}]}]}
{"op":"mcm","clk":"11810298572","pt":1723210598848,"mc":[{"id":"1.231544455","rc":[{"ltp":2.24,"id":40096590},{"ltp":1.79,"id":40096576}]}]}
{"op":"mcm","clk":"11810304423","pt":1723210658072,"mc":[{"id":"1.231544455","rc":[{"ltp":2.28,"id":40096590},{"ltp":1.78,"id":40096576}]}]}
{"op":"mcm","clk":"11810310077","pt":1723210719048,"mc":[{"id":"1.231544455","rc":[{"ltp":1.77,"id":40096576}]}]}
{"op":"mcm","clk":"11810322026","pt":1723210838881,"mc":[{"id":"1.231544455","rc":[{"ltp":2.3,"id":40096590}]}]}
{"op":"mcm","clk":"11810334121","pt":1723210959477,"mc":[{"id":"1.231544455","rc":[{"ltp":2.28,"id":40096590}]}]}
{"op":"mcm","clk":"11810362133","pt":1723211079611,"mc":[{"id":"1.231544455","rc":[{"ltp":2.3,"id":40096590}]}]}
{"op":"mcm","clk":"11810368114","pt":1723211135275,"mc":[{"id":"1.231544455","rc":[{"ltp":1.76,"id":40096576}]}]}
{"op":"mcm","clk":"11810381275","pt":1723211259437,"mc":[{"id":"1.231544455","rc":[{"ltp":2.28,"id":40096590}]}]}
{"op":"mcm","clk":"11810387615","pt":1723211318735,"mc":[{"id":"1.231544455","rc":[{"ltp":2.3,"id":40096590}]}]}
{"op":"mcm","clk":"11810393181","pt":1723211378339,"mc":[{"id":"1.231544455","rc":[{"ltp":1.75,"id":40096576}]}]}
{"op":"mcm","clk":"11810399078","pt":1723211439564,"mc":[{"id":"1.231544455","rc":[{"ltp":2.32,"id":40096590}]}]}
{"op":"mcm","clk":"11810410355","pt":1723211559394,"mc":[{"id":"1.231544455","rc":[{"ltp":2.34,"id":40096590},{"ltp":1.73,"id":40096576}]}]}
{"op":"mcm","clk":"11810415893","pt":1723211619377,"mc":[{"id":"1.231544455","rc":[{"ltp":1.74,"id":40096576}]}]}
{"op":"mcm","clk":"11810425820","pt":1723211739661,"mc":[{"id":"1.231544455","rc":[{"ltp":2.36,"id":40096590}]}]}
{"op":"mcm","clk":"11810430332","pt":1723211799838,"mc":[{"id":"1.231544455","rc":[{"ltp":2.32,"id":40096590}]}]}
{"op":"mcm","clk":"11810435290","pt":1723211859728,"mc":[{"id":"1.231544455","rc":[{"ltp":2.34,"id":40096590}]}]}
{"op":"mcm","clk":"11810444948","pt":1723211979767,"mc":[{"id":"1.231544455","rc":[{"ltp":2.44,"id":40096590},{"ltp":1.71,"id":40096576}]}]}
{"op":"mcm","clk":"11810451440","pt":1723212039560,"mc":[{"id":"1.231544455","marketDefinition":{"bspMarket":false,"turnInPlayEnabled":true,"persistenceEnabled":true,"marketBaseRate":5.0,"eventId":"33475282","eventTypeId":"4","numberOfWinners":1,"bettingType":"ODDS","marketType":"MATCH_ODDS","marketTime":"2024-08-09T14:00:00.000Z","suspendTime":"2024-08-09T14:00:00.000Z","bspReconciled":false,"complete":true,"inPlay":true,"crossMatching":true,"runnersVoidable":false,"numberOfActiveRunners":2,"betDelay":5,"status":"OPEN","runners":[{"status":"ACTIVE","sortPriority":1,"id":40096576,"name":"London Spirit Women"},{"status":"ACTIVE","sortPriority":2,"id":40096590,"name":"Manchester Originals Women"}],"regulators":["MR_INT"],"countryCode":"GB","discountAllowed":true,"timezone":"GMT","openDate":"2024-08-09T14:00:00.000Z","version":6063198883,"name":"Match Odds","eventName":"London Spirit Women v Manchester Originals Women"},"rc":[{"ltp":2.46,"id":40096590},{"ltp":1.67,"id":40096576}]}]}
{"op":"mcm","clk":"11810457296","pt":1723212099813,"mc":[{"id":"1.231544455","rc":[{"ltp":2.5,"id":40096590}]}]}
{"op":"mcm","clk":"11810462216","pt":1723212159788,"mc":[{"id":"1.231544455","rc":[{"ltp":2.38,"id":40096590},{"ltp":1.72,"id":40096576}]}]}
{"op":"mcm","clk":"11810467930","pt":1723212219846,"mc":[{"id":"1.231544455","rc":[{"ltp":2.46,"id":40096590},{"ltp":1.68,"id":40096576}]}]}
{"op":"mcm","clk":"11810473648","pt":1723212279683,"mc":[{"id":"1.231544455","rc":[{"ltp":2.48,"id":40096590},{"ltp":1.66,"id":40096576}]}]}
{"op":"mcm","clk":"11810479595","pt":1723212339846,"mc":[{"id":"1.231544455","rc":[{"ltp":2.36,"id":40096590},{"ltp":1.74,"id":40096576}]}]}
{"op":"mcm","clk":"11810485754","pt":1723212399845,"mc":[{"id":"1.231544455","rc":[{"ltp":2.42,"id":40096590},{"ltp":1.69,"id":40096576}]}]}
{"op":"mcm","clk":"11810491668","pt":1723212459798,"mc":[{"id":"1.231544455","rc":[{"ltp":2.5,"id":40096590},{"ltp":1.66,"id":40096576}]}]}
{"op":"mcm","clk":"11810497711","pt":1723212519812,"mc":[{"id":"1.231544455","rc":[{"ltp":2.56,"id":40096590},{"ltp":1.64,"id":40096576}]}]}
{"op":"mcm","clk":"11810503951","pt":1723212579824,"mc":[{"id":"1.231544455","rc":[{"ltp":2.7,"id":40096590},{"ltp":1.59,"id":40096576}]}]}
{"op":"mcm","clk":"11810510108","pt":1723212639829,"mc":[{"id":"1.231544455","rc":[{"ltp":2.66,"id":40096590},{"ltp":1.6,"id":40096576}]}]}
{"op":"mcm","clk":"11810516299","pt":1723212699790,"mc":[{"id":"1.231544455","rc":[{"ltp":3.35,"id":40096590},{"ltp":1.42,"id":40096576}]}]}
{"op":"mcm","clk":"11810523122","pt":1723212759780,"mc":[{"id":"1.231544455","rc":[{"ltp":3.5,"id":40096590},{"ltp":1.4,"id":40096576}]}]}
{"op":"mcm","clk":"11810529661","pt":1723212819838,"mc":[{"id":"1.231544455","rc":[{"ltp":3.75,"id":40096590},{"ltp":1.35,"id":40096576}]}]}
{"op":"mcm","clk":"11810535958","pt":1723212879819,"mc":[{"id":"1.231544455","rc":[{"ltp":3.65,"id":40096590},{"ltp":1.38,"id":40096576}]}]}
{"op":"mcm","clk":"11810542919","pt":1723212939793,"mc":[{"id":"1.231544455","rc":[{"ltp":3.5,"id":40096590},{"ltp":1.42,"id":40096576}]}]}
{"op":"mcm","clk":"11810549998","pt":1723212999845,"mc":[{"id":"1.231544455","rc":[{"ltp":3.1,"id":40096590},{"ltp":1.47,"id":40096576}]}]}
{"op":"mcm","clk":"11810563353","pt":1723213119785,"mc":[{"id":"1.231544455","rc":[{"ltp":3.05,"id":40096590},{"ltp":1.48,"id":40096576}]}]}
{"op":"mcm","clk":"11810570235","pt":1723213179833,"mc":[{"id":"1.231544455","rc":[{"ltp":2.84,"id":40096590},{"ltp":1.54,"id":40096576}]}]}
{"op":"mcm","clk":"11810576992","pt":1723213239803,"mc":[{"id":"1.231544455","rc":[{"ltp":3.9,"id":40096590},{"ltp":1.34,"id":40096576}]}]}
{"op":"mcm","clk":"11810583267","pt":1723213299850,"mc":[{"id":"1.231544455","rc":[{"ltp":4.5,"id":40096590},{"ltp":1.28,"id":40096576}]}]}
{"op":"mcm","clk":"11810590750","pt":1723213359826,"mc":[{"id":"1.231544455","rc":[{"ltp":4.3,"id":40096590},{"ltp":1.3,"id":40096576}]}]}
{"op":"mcm","clk":"11810597102","pt":1723213419846,"mc":[{"id":"1.231544455","rc":[{"ltp":4.4,"id":40096590},{"ltp":1.29,"id":40096576}]}]}
{"op":"mcm","clk":"11810603377","pt":1723213479829,"mc":[{"id":"1.231544455","rc":[{"ltp":6.0,"id":40096590},{"ltp":1.2,"id":40096576}]}]}
{"op":"mcm","clk":"11810609545","pt":1723213539780,"mc":[{"id":"1.231544455","rc":[{"ltp":5.7,"id":40096590},{"ltp":1.21,"id":40096576}]}]}
{"op":"mcm","clk":"11810615772","pt":1723213599846,"mc":[{"id":"1.231544455","rc":[{"ltp":5.3,"id":40096590},{"ltp":1.23,"id":40096576}]}]}
{"op":"mcm","clk":"11810627642","pt":1723213719790,"mc":[{"id":"1.231544455","rc":[{"ltp":5.5,"id":40096590},{"ltp":1.22,"id":40096576}]}]}
{"op":"mcm","clk":"11810634059","pt":1723213779831,"mc":[{"id":"1.231544455","rc":[{"ltp":6.0,"id":40096590},{"ltp":1.2,"id":40096576}]}]}
{"op":"mcm","clk":"11810640518","pt":1723213839802,"mc":[{"id":"1.231544455","rc":[{"ltp":6.2,"id":40096590}]}]}
{"op":"mcm","clk":"11810646482","pt":1723213899762,"mc":[{"id":"1.231544455","rc":[{"ltp":6.0,"id":40096590}]}]}
{"op":"mcm","clk":"11810652150","pt":1723213959826,"mc":[{"id":"1.231544455","rc":[{"ltp":1.19,"id":40096576}]}]}
{"op":"mcm","clk":"11810657305","pt":1723214019785,"mc":[{"id":"1.231544455","rc":[{"ltp":5.3,"id":40096590},{"ltp":1.23,"id":40096576}]}]}
{"op":"mcm","clk":"11810663158","pt":1723214079781,"mc":[{"id":"1.231544455","rc":[{"ltp":1.24,"id":40096576}]}]}
{"op":"mcm","clk":"11810668894","pt":1723214139823,"mc":[{"id":"1.231544455","rc":[{"ltp":5.1,"id":40096590}]}]}
{"op":"mcm","clk":"11810675182","pt":1723214199774,"mc":[{"id":"1.231544455","rc":[{"ltp":4.3,"id":40096590},{"ltp":1.3,"id":40096576}]}]}
{"op":"mcm","clk":"11810681736","pt":1723214259771,"mc":[{"id":"1.231544455","rc":[{"ltp":3.75,"id":40096590},{"ltp":1.37,"id":40096576}]}]}
{"op":"mcm","clk":"11810688191","pt":1723214319841,"mc":[{"id":"1.231544455","rc":[{"ltp":3.55,"id":40096590},{"ltp":1.39,"id":40096576}]}]}
{"op":"mcm","clk":"11810693993","pt":1723214379769,"mc":[{"id":"1.231544455","rc":[{"ltp":3.7,"id":40096590},{"ltp":1.37,"id":40096576}]}]}
{"op":"mcm","clk":"11810706798","pt":1723214499808,"mc":[{"id":"1.231544455","rc":[{"ltp":3.45,"id":40096590},{"ltp":1.41,"id":40096576}]}]}
{"op":"mcm","clk":"11810712734","pt":1723214559792,"mc":[{"id":"1.231544455","rc":[{"ltp":3.5,"id":40096590},{"ltp":1.4,"id":40096576}]}]}
{"op":"mcm","clk":"11810719064","pt":1723214619724,"mc":[{"id":"1.231544455","rc":[{"ltp":3.9,"id":40096590},{"ltp":1.34,"id":40096576}]}]}
{"op":"mcm","clk":"11810724919","pt":1723214679848,"mc":[{"id":"1.231544455","rc":[{"ltp":4.1,"id":40096590},{"ltp":1.32,"id":40096576}]}]}
{"op":"mcm","clk":"11810730762","pt":1723214739817,"mc":[{"id":"1.231544455","rc":[{"ltp":4.0,"id":40096590},{"ltp":1.33,"id":40096576}]}]}
{"op":"mcm","clk":"11810736683","pt":1723214799771,"mc":[{"id":"1.231544455","rc":[{"ltp":3.75,"id":40096590},{"ltp":1.36,"id":40096576}]}]}
{"op":"mcm","clk":"11810742539","pt":1723214859803,"mc":[{"id":"1.231544455","rc":[{"ltp":3.6,"id":40096590},{"ltp":1.39,"id":40096576}]}]}
{"op":"mcm","clk":"11810748221","pt":1723214919864,"mc":[{"id":"1.231544455","rc":[{"ltp":3.7,"id":40096590},{"ltp":1.38,"id":40096576}]}]}
{"op":"mcm","clk":"11810754560","pt":1723214979852,"mc":[{"id":"1.231544455","rc":[{"ltp":3.8,"id":40096590},{"ltp":1.35,"id":40096576}]}]}
{"op":"mcm","clk":"11810761283","pt":1723215039813,"mc":[{"id":"1.231544455","rc":[{"ltp":4.4,"id":40096590},{"ltp":1.29,"id":40096576}]}]}
{"op":"mcm","clk":"11810777990","pt":1723215219720,"mc":[{"id":"1.231544455","rc":[{"ltp":5.3,"id":40096590},{"ltp":1.23,"id":40096576}]}]}
{"op":"mcm","clk":"11810783723","pt":1723215279780,"mc":[{"id":"1.231544455","rc":[{"ltp":6.4,"id":40096590},{"ltp":1.18,"id":40096576}]}]}
{"op":"mcm","clk":"11810789880","pt":1723215339745,"mc":[{"id":"1.231544455","rc":[{"ltp":1.19,"id":40096576}]}]}
{"op":"mcm","clk":"11810796763","pt":1723215399750,"mc":[{"id":"1.231544455","rc":[{"ltp":5.7,"id":40096590},{"ltp":1.21,"id":40096576}]}]}
{"op":"mcm","clk":"11810804055","pt":1723215459790,"mc":[{"id":"1.231544455","rc":[{"ltp":6.0,"id":40096590},{"ltp":1.2,"id":40096576}]}]}
{"op":"mcm","clk":"11810810112","pt":1723215519803,"mc":[{"id":"1.231544455","rc":[{"ltp":6.2,"id":40096590},{"ltp":1.19,"id":40096576}]}]}
{"op":"mcm","clk":"11810815794","pt":1723215579739,"mc":[{"id":"1.231544455","rc":[{"ltp":5.7,"id":40096590},{"ltp":1.21,"id":40096576}]}]}
{"op":"mcm","clk":"11810822007","pt":1723215639803,"mc":[{"id":"1.231544455","rc":[{"ltp":6.0,"id":40096590},{"ltp":1.2,"id":40096576}]}]}
{"op":"mcm","clk":"11810834322","pt":1723215759857,"mc":[{"id":"1.231544455","rc":[{"ltp":5.3,"id":40096590},{"ltp":1.24,"id":40096576}]}]}
{"op":"mcm","clk":"11810840221","pt":1723215819852,"mc":[{"id":"1.231544455","rc":[{"ltp":5.2,"id":40096590},{"ltp":1.23,"id":40096576}]}]}
{"op":"mcm","clk":"11810845847","pt":1723215879570,"mc":[{"id":"1.231544455","rc":[{"ltp":4.8,"id":40096590},{"ltp":1.26,"id":40096576}]}]}
{"op":"mcm","clk":"11810851836","pt":1723215939752,"mc":[{"id":"1.231544455","rc":[{"ltp":5.7,"id":40096590},{"ltp":1.21,"id":40096576}]}]}
{"op":"mcm","clk":"11810860863","pt":1723215999779,"mc":[{"id":"1.231544455","rc":[{"ltp":6.0,"id":40096590},{"ltp":1.19,"id":40096576}]}]}
{"op":"mcm","clk":"11810868377","pt":1723216059819,"mc":[{"id":"1.231544455","rc":[{"ltp":1.2,"id":40096576}]}]}
{"op":"mcm","clk":"11810874484","pt":1723216119699,"mc":[{"id":"1.231544455","rc":[{"ltp":5.7,"id":40096590}]}]}
{"op":"mcm","clk":"11810880766","pt":1723216179833,"mc":[{"id":"1.231544455","rc":[{"ltp":5.0,"id":40096590},{"ltp":1.25,"id":40096576}]}]}
{"op":"mcm","clk":"11810886456","pt":1723216239786,"mc":[{"id":"1.231544455","rc":[{"ltp":5.2,"id":40096590},{"ltp":1.23,"id":40096576}]}]}
{"op":"mcm","clk":"11810892115","pt":1723216299788,"mc":[{"id":"1.231544455","rc":[{"ltp":4.9,"id":40096590},{"ltp":1.26,"id":40096576}]}]}
{"op":"mcm","clk":"11810897833","pt":1723216359855,"mc":[{"id":"1.231544455","rc":[{"ltp":4.8,"id":40096590}]}]}
{"op":"mcm","clk":"11810919441","pt":1723216419795,"mc":[{"id":"1.231544455","rc":[{"ltp":1.25,"id":40096576}]}]}
{"op":"mcm","clk":"11810925267","pt":1723216479845,"mc":[{"id":"1.231544455","rc":[{"ltp":5.1,"id":40096590}]}]}
{"op":"mcm","clk":"11810931541","pt":1723216539753,"mc":[{"id":"1.231544455","rc":[{"ltp":4.7,"id":40096590},{"ltp":1.27,"id":40096576}]}]}
{"op":"mcm","clk":"11810937483","pt":1723216599389,"mc":[{"id":"1.231544455","rc":[{"ltp":1.26,"id":40096576}]}]}
{"op":"mcm","clk":"11810943463","pt":1723216659860,"mc":[{"id":"1.231544455","rc":[{"ltp":5.0,"id":40096590},{"ltp":1.25,"id":40096576}]}]}
{"op":"mcm","clk":"11810949867","pt":1723216719846,"mc":[{"id":"1.231544455","rc":[{"ltp":4.9,"id":40096590}]}]}
{"op":"mcm","clk":"11810956175","pt":1723216779582,"mc":[{"id":"1.231544455","rc":[{"ltp":5.0,"id":40096590}]}]}
{"op":"mcm","clk":"11810962069","pt":1723216839755,"mc":[{"id":"1.231544455","rc":[{"ltp":1.24,"id":40096576}]}]}
{"op":"mcm","clk":"11810968058","pt":1723216898814,"mc":[{"id":"1.231544455","rc":[{"ltp":4.9,"id":40096590},{"ltp":1.25,"id":40096576}]}]}
{"op":"mcm","clk":"11810974250","pt":1723216959689,"mc":[{"id":"1.231544455","rc":[{"ltp":5.0,"id":40096590}]}]}
{"op":"mcm","clk":"11810998832","pt":1723217199721,"mc":[{"id":"1.231544455","rc":[{"ltp":5.1,"id":40096590},{"ltp":1.24,"id":40096576}]}]}
{"op":"mcm","clk":"11811005132","pt":1723217259571,"mc":[{"id":"1.231544455","rc":[{"ltp":6.2,"id":40096590},{"ltp":1.19,"id":40096576}]}]}
{"op":"mcm","clk":"11811011092","pt":1723217319826,"mc":[{"id":"1.231544455","rc":[{"ltp":6.0,"id":40096590},{"ltp":1.2,"id":40096576}]}]}
{"op":"mcm","clk":"11811016832","pt":1723217379799,"mc":[{"id":"1.231544455","rc":[{"ltp":5.3,"id":40096590},{"ltp":1.22,"id":40096576}]}]}
{"op":"mcm","clk":"11811022964","pt":1723217439858,"mc":[{"id":"1.231544455","rc":[{"ltp":5.1,"id":40096590},{"ltp":1.24,"id":40096576}]}]}
{"op":"mcm","clk":"11811029144","pt":1723217499785,"mc":[{"id":"1.231544455","rc":[{"ltp":5.3,"id":40096590},{"ltp":1.23,"id":40096576}]}]}
{"op":"mcm","clk":"11811035356","pt":1723217559332,"mc":[{"id":"1.231544455","rc":[{"ltp":4.9,"id":40096590},{"ltp":1.25,"id":40096576}]}]}
{"op":"mcm","clk":"11811041529","pt":1723217619791,"mc":[{"id":"1.231544455","rc":[{"ltp":4.8,"id":40096590},{"ltp":1.26,"id":40096576}]}]}
{"op":"mcm","clk":"11811047518","pt":1723217679746,"mc":[{"id":"1.231544455","rc":[{"ltp":4.7,"id":40096590},{"ltp":1.27,"id":40096576}]}]}
{"op":"mcm","clk":"11811053362","pt":1723217739791,"mc":[{"id":"1.231544455","rc":[{"ltp":5.5,"id":40096590},{"ltp":1.22,"id":40096576}]}]}
{"op":"mcm","clk":"11811059374","pt":1723217799852,"mc":[{"id":"1.231544455","rc":[{"ltp":3.5,"id":40096590},{"ltp":1.4,"id":40096576}]}]}
{"op":"mcm","clk":"11811064946","pt":1723217859819,"mc":[{"id":"1.231544455","rc":[{"ltp":3.2,"id":40096590},{"ltp":1.44,"id":40096576}]}]}
{"op":"mcm","clk":"11811070684","pt":1723217919809,"mc":[{"id":"1.231544455","rc":[{"ltp":2.94,"id":40096590},{"ltp":1.5,"id":40096576}]}]}
{"op":"mcm","clk":"11811076671","pt":1723217979801,"mc":[{"id":"1.231544455","rc":[{"ltp":3.25,"id":40096590},{"ltp":1.44,"id":40096576}]}]}
{"op":"mcm","clk":"11811082274","pt":1723218039686,"mc":[{"id":"1.231544455","rc":[{"ltp":3.3,"id":40096590},{"ltp":1.45,"id":40096576}]}]}
{"op":"mcm","clk":"11811087636","pt":1723218099858,"mc":[{"id":"1.231544455","rc":[{"ltp":3.45,"id":40096590},{"ltp":1.41,"id":40096576}]}]}
{"op":"mcm","clk":"11811092565","pt":1723218159831,"mc":[{"id":"1.231544455","rc":[{"ltp":3.35,"id":40096590},{"ltp":1.43,"id":40096576}]}]}
{"op":"mcm","clk":"11811098046","pt":1723218219861,"mc":[{"id":"1.231544455","rc":[{"ltp":3.15,"id":40096590},{"ltp":1.47,"id":40096576}]}]}
{"op":"mcm","clk":"11811104004","pt":1723218279843,"mc":[{"id":"1.231544455","rc":[{"ltp":2.94,"id":40096590},{"ltp":1.52,"id":40096576}]}]}
{"op":"mcm","clk":"11811110237","pt":1723218339815,"mc":[{"id":"1.231544455","rc":[{"ltp":3.3,"id":40096590},{"ltp":1.43,"id":40096576}]}]}
{"op":"mcm","clk":"11811116190","pt":1723218399791,"mc":[{"id":"1.231544455","rc":[{"ltp":2.64,"id":40096590},{"ltp":1.66,"id":40096576}]}]}
{"op":"mcm","clk":"11811122118","pt":1723218459844,"mc":[{"id":"1.231544455","rc":[{"ltp":2.58,"id":40096590},{"ltp":1.63,"id":40096576}]}]}
{"op":"mcm","clk":"11811127813","pt":1723218519821,"mc":[{"id":"1.231544455","rc":[{"ltp":2.8,"id":40096590},{"ltp":1.55,"id":40096576}]}]}
{"op":"mcm","clk":"11811133897","pt":1723218579784,"mc":[{"id":"1.231544455","rc":[{"ltp":2.66,"id":40096590},{"ltp":1.61,"id":40096576}]}]}
{"op":"mcm","clk":"11811140047","pt":1723218639835,"mc":[{"id":"1.231544455","rc":[{"ltp":2.6,"id":40096590},{"ltp":1.63,"id":40096576}]}]}
{"op":"mcm","clk":"11811145763","pt":1723218699802,"mc":[{"id":"1.231544455","rc":[{"ltp":2.64,"id":40096590},{"ltp":1.61,"id":40096576}]}]}
{"op":"mcm","clk":"11811155876","pt":1723218819814,"mc":[{"id":"1.231544455","rc":[{"ltp":2.54,"id":40096590},{"ltp":1.66,"id":40096576}]}]}
{"op":"mcm","clk":"11811161140","pt":1723218879803,"mc":[{"id":"1.231544455","rc":[{"ltp":2.2,"id":40096590},{"ltp":1.83,"id":40096576}]}]}
{"op":"mcm","clk":"11811167025","pt":1723218939803,"mc":[{"id":"1.231544455","rc":[{"ltp":2.3,"id":40096590},{"ltp":1.76,"id":40096576}]}]}
{"op":"mcm","clk":"11811172552","pt":1723218999842,"mc":[{"id":"1.231544455","rc":[{"ltp":2.28,"id":40096590},{"ltp":1.79,"id":40096576}]}]}
{"op":"mcm","clk":"11811178093","pt":1723219059776,"mc":[{"id":"1.231544455","rc":[{"ltp":2.12,"id":40096590},{"ltp":1.88,"id":40096576}]}]}
{"op":"mcm","clk":"11811183529","pt":1723219119867,"mc":[{"id":"1.231544455","rc":[{"ltp":2.06,"id":40096590},{"ltp":1.95,"id":40096576}]}]}
{"op":"mcm","clk":"11811189150","pt":1723219179816,"mc":[{"id":"1.231544455","rc":[{"ltp":1.92,"id":40096590},{"ltp":2.1,"id":40096576}]}]}
{"op":"mcm","clk":"11811196240","pt":1723219239793,"mc":[{"id":"1.231544455","rc":[{"ltp":2.18,"id":40096590},{"ltp":1.82,"id":40096576}]}]}
{"op":"mcm","clk":"11811202856","pt":1723219299764,"mc":[{"id":"1.231544455","rc":[{"ltp":2.84,"id":40096590},{"ltp":1.54,"id":40096576}]}]}
{"op":"mcm","clk":"11811210437","pt":1723219359739,"mc":[{"id":"1.231544455","rc":[{"ltp":2.72,"id":40096590},{"ltp":1.58,"id":40096576}]}]}
{"op":"mcm","clk":"11811227792","pt":1723219479820,"mc":[{"id":"1.231544455","rc":[{"ltp":2.68,"id":40096590},{"ltp":1.59,"id":40096576}]}]}
{"op":"mcm","clk":"11811236878","pt":1723219539815,"mc":[{"id":"1.231544455","rc":[{"ltp":2.52,"id":40096590},{"ltp":1.64,"id":40096576}]}]}
{"op":"mcm","clk":"11811245977","pt":1723219599827,"mc":[{"id":"1.231544455","rc":[{"ltp":3.0,"id":40096590},{"ltp":1.5,"id":40096576}]}]}
{"op":"mcm","clk":"11811254630","pt":1723219659810,"mc":[{"id":"1.231544455","rc":[{"ltp":3.15,"id":40096590},{"ltp":1.46,"id":40096576}]}]}
{"op":"mcm","clk":"11811263020","pt":1723219719797,"mc":[{"id":"1.231544455","rc":[{"ltp":3.2,"id":40096590},{"ltp":1.45,"id":40096576}]}]}
{"op":"mcm","clk":"11811271862","pt":1723219779839,"mc":[{"id":"1.231544455","rc":[{"ltp":3.25,"id":40096590},{"ltp":1.44,"id":40096576}]}]}
{"op":"mcm","clk":"11811280493","pt":1723219839860,"mc":[{"id":"1.231544455","rc":[{"ltp":4.4,"id":40096590},{"ltp":1.29,"id":40096576}]}]}
{"op":"mcm","clk":"11811289157","pt":1723219899808,"mc":[{"id":"1.231544455","rc":[{"ltp":4.3,"id":40096590},{"ltp":1.3,"id":40096576}]}]}
{"op":"mcm","clk":"11811297601","pt":1723219959765,"mc":[{"id":"1.231544455","rc":[{"ltp":5.3,"id":40096590},{"ltp":1.23,"id":40096576}]}]}
{"op":"mcm","clk":"11811306260","pt":1723220019850,"mc":[{"id":"1.231544455","rc":[{"ltp":5.5,"id":40096590},{"ltp":1.22,"id":40096576}]}]}
{"op":"mcm","clk":"11811314787","pt":1723220079793,"mc":[{"id":"1.231544455","rc":[{"ltp":5.1,"id":40096590},{"ltp":1.24,"id":40096576}]}]}
{"op":"mcm","clk":"11811323969","pt":1723220139857,"mc":[{"id":"1.231544455","rc":[{"ltp":5.3,"id":40096590},{"ltp":1.23,"id":40096576}]}]}
{"op":"mcm","clk":"11811333031","pt":1723220199808,"mc":[{"id":"1.231544455","rc":[{"ltp":5.1,"id":40096590}]}]}
{"op":"mcm","clk":"11811342137","pt":1723220259772,"mc":[{"id":"1.231544455","rc":[{"ltp":5.3,"id":40096590}]}]}
{"op":"mcm","clk":"11811351389","pt":1723220319762,"mc":[{"id":"1.231544455","rc":[{"ltp":5.5,"id":40096590},{"ltp":1.22,"id":40096576}]}]}
{"op":"mcm","clk":"11811360462","pt":1723220379855,"mc":[{"id":"1.231544455","rc":[{"ltp":9.2,"id":40096590},{"ltp":1.12,"id":40096576}]}]}
{"op":"mcm","clk":"11811370033","pt":1723220439804,"mc":[{"id":"1.231544455","rc":[{"ltp":11.0,"id":40096590},{"ltp":1.1,"id":40096576}]}]}
{"op":"mcm","clk":"11811379562","pt":1723220499867,"mc":[{"id":"1.231544455","rc":[{"ltp":10.0,"id":40096590}]}]}
{"op":"mcm","clk":"11811389352","pt":1723220559803,"mc":[{"id":"1.231544455","rc":[{"ltp":9.2,"id":40096590},{"ltp":1.12,"id":40096576}]}]}
{"op":"mcm","clk":"11811398745","pt":1723220619807,"mc":[{"id":"1.231544455","rc":[{"ltp":7.6,"id":40096590},{"ltp":1.15,"id":40096576}]}]}
{"op":"mcm","clk":"11811408245","pt":1723220679855,"mc":[{"id":"1.231544455","rc":[{"ltp":6.0,"id":40096590},{"ltp":1.19,"id":40096576}]}]}
{"op":"mcm","clk":"11811417367","pt":1723220739840,"mc":[{"id":"1.231544455","rc":[{"ltp":5.7,"id":40096590},{"ltp":1.21,"id":40096576}]}]}
{"op":"mcm","clk":"11811426072","pt":1723220799784,"mc":[{"id":"1.231544455","rc":[{"ltp":6.0,"id":40096590},{"ltp":1.2,"id":40096576}]}]}
{"op":"mcm","clk":"11811435110","pt":1723220859790,"mc":[{"id":"1.231544455","rc":[{"ltp":7.6,"id":40096590},{"ltp":1.15,"id":40096576}]}]}
{"op":"mcm","clk":"11811444312","pt":1723220919853,"mc":[{"id":"1.231544455","rc":[{"ltp":13.5,"id":40096590},{"ltp":1.09,"id":40096576}]}]}
{"op":"mcm","clk":"11811453897","pt":1723220979783,"mc":[{"id":"1.231544455","rc":[{"ltp":50.0,"id":40096590},{"ltp":1.02,"id":40096576}]}]}
{"op":"mcm","clk":"11811463489","pt":1723221039693,"mc":[{"id":"1.231544455","rc":[{"ltp":190.0,"id":40096590},{"ltp":1.01,"id":40096576}]}]}
{"op":"mcm","clk":"11811473428","pt":1723221099841,"mc":[{"id":"1.231544455","rc":[{"ltp":300.0,"id":40096590}]}]}
{"op":"mcm","clk":"11811483351","pt":1723221159689,"mc":[{"id":"1.231544455","rc":[{"ltp":400.0,"id":40096590}]}]}
{"op":"mcm","clk":"11811493250","pt":1723221219459,"mc":[{"id":"1.231544455","rc":[{"ltp":930.0,"id":40096590}]}]}
{"op":"mcm","clk":"11811503434","pt":1723221279235,"mc":[{"id":"1.231544455","rc":[{"ltp":1000.0,"id":40096590}]}]}
{"op":"mcm","clk":"11811523920","pt":1723221399611,"mc":[{"id":"1.231544455","marketDefinition":{"bspMarket":false,"turnInPlayEnabled":true,"persistenceEnabled":true,"marketBaseRate":5.0,"eventId":"33475282","eventTypeId":"4","numberOfWinners":1,"bettingType":"ODDS","marketType":"MATCH_ODDS","marketTime":"2024-08-09T14:00:00.000Z","suspendTime":"2024-08-09T14:00:00.000Z","bspReconciled":false,"complete":true,"inPlay":true,"crossMatching":true,"runnersVoidable":false,"numberOfActiveRunners":2,"betDelay":5,"status":"SUSPENDED","runners":[{"status":"ACTIVE","sortPriority":1,"id":40096576,"name":"London Spirit Women"},{"status":"ACTIVE","sortPriority":2,"id":40096590,"name":"Manchester Originals Women"}],"regulators":["MR_INT"],"countryCode":"GB","discountAllowed":true,"timezone":"GMT","openDate":"2024-08-09T14:00:00.000Z","version":6063474999,"name":"Match Odds","eventName":"London Spirit Women v Manchester Originals Women"}}]}
{"op":"mcm","clk":"11811552887","pt":1723221566810,"mc":[{"id":"1.231544455","marketDefinition":{"bspMarket":false,"turnInPlayEnabled":true,"persistenceEnabled":true,"marketBaseRate":5.0,"eventId":"33475282","eventTypeId":"4","numberOfWinners":1,"bettingType":"ODDS","marketType":"MATCH_ODDS","marketTime":"2024-08-09T14:00:00.000Z","suspendTime":"2024-08-09T14:00:00.000Z","bspReconciled":false,"complete":true,"inPlay":true,"crossMatching":false,"runnersVoidable":false,"numberOfActiveRunners":0,"betDelay":5,"status":"CLOSED","settledTime":"2024-08-09T16:38:11.000Z","runners":[{"status":"WINNER","sortPriority":1,"id":40096576,"name":"London Spirit Women"},{"status":"LOSER","sortPriority":2,"id":40096590,"name":"Manchester Originals Women"}],"regulators":["MR_INT"],"countryCode":"GB","discountAllowed":true,"timezone":"GMT","openDate":"2024-08-09T14:00:00.000Z","version":6063482179,"name":"Match Odds","eventName":"London Spirit Women v Manchester Originals Women"}}]}
