{"op":"mcm","clk":"11773246809","pt":1722690232936,"mc":[{"id":"1.231402425","marketDefinition":{"bspMarket":false,"turnInPlayEnabled":true,"persistenceEnabled":true,"marketBaseRate":5.0,"eventId":"33465427","eventTypeId":"4","numberOfWinners":1,"bettingType":"ODDS","marketType":"MATCH_ODDS","marketTime":"2024-08-05T17:30:00.000Z","suspendTime":"2024-08-05T17:30:00.000Z","bspReconciled":false,"complete":true,"inPlay":false,"crossMatching":true,"runnersVoidable":false,"numberOfActiveRunners":2,"betDelay":0,"status":"OPEN","runners":[{"status":"ACTIVE","sortPriority":1,"id":26354927,"name":"Welsh Fire"},{"status":"ACTIVE","sortPriority":2,"id":26354926,"name":"Southern Brave"}],"regulators":["MR_INT"],"countryCode":"GB","discountAllowed":true,"timezone":"GMT","openDate":"2024-08-05T17:30:00.000Z","version":6053420626,"name":"Match Odds","eventName":"Welsh Fire v Southern Brave"}}]}
{"op":"mcm","clk":"11780192228","pt":1722759080146,"mc":[{"id":"1.231402425","rc":[{"ltp":2.28,"id":26354927}]}]}
{"op":"mcm","clk":"11785123284","pt":1722797501809,"mc":[{"id":"1.231402425","rc":[{"ltp":1.72,"id":26354926}]}]}
{"op":"mcm","clk":"11785131750","pt":1722797557679,"mc":[{"id":"1.231402425","rc":[{"ltp":2.38,"id":26354927}]}]}
{"op":"mcm","clk":"11785291792","pt":1722798622391,"mc":[{"id":"1.231402425","rc":[{"ltp":2.3,"id":26354927},{"ltp":1.76,"id":26354926}]}]}
{"op":"mcm","clk":"11785732275","pt":1722801402911,"mc":[{"id":"1.231402425","rc":[{"ltp":2.28,"id":26354927},{"ltp":1.77,"id":26354926}]}]}
{"op":"mcm","clk":"11785787168","pt":1722801869558,"mc":[{"id":"1.231402425","rc":[{"ltp":1.71,"id":26354926}]}]}
{"op":"mcm","clk":"11785904877","pt":1722802652661,"mc":[{"id":"1.231402425","rc":[{"ltp":1.67,"id":26354926}]}]}
{"op":"mcm","clk":"11785934573","pt":1722802843260,"mc":[{"id":"1.231402425","rc":[{"ltp":2.42,"id":26354927},{"ltp":1.71,"id":26354926}]}]}
{"op":"mcm","clk":"11785953069","pt":1722802959669,"mc":[{"id":"1.231402425","rc":[{"ltp":2.4,"id":26354927}]}]}
{"op":"mcm","clk":"11786127536","pt":1722804162220,"mc":[{"id":"1.231402425","rc":[{"ltp":1.72,"id":26354926}]}]}
{"op":"mcm","clk":"11786136679","pt":1722804231448,"mc":[{"id":"1.231402425","rc":[{"ltp":1.7,"id":26354926}]}]}
{"op":"mcm","clk":"11786253755","pt":1722805498096,"mc":[{"id":"1.231402425","rc":[{"ltp":1.71,"id":26354926}]}]}
{"op":"mcm","clk":"11786319001","pt":1722806271124,"mc":[{"id":"1.231402425","rc":[{"ltp":1.72,"id":26354926}]}]}
{"op":"mcm","clk":"11786520903","pt":1722808952650,"mc":[{"id":"1.231402425","rc":[{"ltp":1.71,"id":26354926}]}]}
{"op":"mcm","clk":"11786672233","pt":1722811491315,"mc":[{"id":"1.231402425","rc":[{"ltp":1.72,"id":26354926}]}]}
{"op":"mcm","clk":"11786729349","pt":1722812760596,"mc":[{"id":"1.231402425","rc":[{"ltp":1.71,"id":26354926}]}]}
{"op":"mcm","clk":"11786828390","pt":1722814941994,"mc":[{"id":"1.231402425","rc":[{"ltp":2.42,"id":26354927}]}]}
{"op":"mcm","clk":"11786946375","pt":1722818538744,"mc":[{"id":"1.231402425","rc":[{"ltp":1.72,"id":26354926}]}]}
{"op":"mcm","clk":"11787084919","pt":1722822650983,"mc":[{"id":"1.231402425","rc":[{"ltp":1.71,"id":26354926}]}]}
{"op":"mcm","clk":"11787088590","pt":1722822805969,"mc":[{"id":"1.231402425","rc":[{"ltp":2.4,"id":26354927}]}]}
{"op":"mcm","clk":"11787308322","pt":1722831761690,"mc":[{"id":"1.231402425","rc":[{"ltp":1.72,"id":26354926}]}]}
{"op":"mcm","clk":"11787377553","pt":1722835425464,"mc":[{"id":"1.231402425","rc":[{"ltp":1.71,"id":26354926}]}]}
{"op":"mcm","clk":"11787397567","pt":1722836691247,"mc":[{"id":"1.231402425","rc":[{"ltp":2.42,"id":26354927},{"ltp":1.69,"id":26354926}]}]}
{"op":"mcm","clk":"11787398417","pt":1722836751424,"mc":[{"id":"1.231402425","rc":[{"ltp":2.44,"id":26354927},{"ltp":1.7,"id":26354926}]}]}
{"op":"mcm","clk":"11787400967","pt":1722836930323,"mc":[{"id":"1.231402425","rc":[{"ltp":1.69,"id":26354926}]}]}
{"op":"mcm","clk":"11787413087","pt":1722837623755,"mc":[{"id":"1.231402425","rc":[{"ltp":1.7,"id":26354926}]}]}
{"op":"mcm","clk":"11787418503","pt":1722837890372,"mc":[{"id":"1.231402425","rc":[{"ltp":2.48,"id":26354927},{"ltp":1.67,"id":26354926}]}]}
{"op":"mcm","clk":"11787419780","pt":1722837951323,"mc":[{"id":"1.231402425","rc":[{"ltp":2.56,"id":26354927},{"ltp":1.64,"id":26354926}]}]}
{"op":"mcm","clk":"11787423648","pt":1722838156947,"mc":[{"id":"1.231402425","rc":[{"ltp":1.68,"id":26354926}]}]}
{"op":"mcm","clk":"11787433311","pt":1722838403106,"mc":[{"id":"1.231402425","rc":[{"ltp":2.46,"id":26354927}]}]}
{"op":"mcm","clk":"11787439742","pt":1722838782297,"mc":[{"id":"1.231402425","rc":[{"ltp":2.48,"id":26354927}]}]}
{"op":"mcm","clk":"11787450874","pt":1722839330851,"mc":[{"id":"1.231402425","rc":[{"ltp":1.67,"id":26354926}]}]}
{"op":"mcm","clk":"11787466065","pt":1722840044755,"mc":[{"id":"1.231402425","rc":[{"ltp":1.68,"id":26354926}]}]}
{"op":"mcm","clk":"11787494383","pt":1722841339760,"mc":[{"id":"1.231402425","rc":[{"ltp":1.67,"id":26354926}]}]}
{"op":"mcm","clk":"11787496691","pt":1722841417961,"mc":[{"id":"1.231402425","rc":[{"ltp":1.68,"id":26354926}]}]}
{"op":"mcm","clk":"11787506086","pt":1722841758449,"mc":[{"id":"1.231402425","rc":[{"ltp":1.67,"id":26354926}]}]}
{"op":"mcm","clk":"11787508340","pt":1722841840951,"mc":[{"id":"1.231402425","rc":[{"ltp":2.46,"id":26354927}]}]}
{"op":"mcm","clk":"11787513026","pt":1722842021638,"mc":[{"id":"1.231402425","rc":[{"ltp":1.69,"id":26354926}]}]}
{"op":"mcm","clk":"11787520479","pt":1722842312746,"mc":[{"id":"1.231402425","rc":[{"ltp":2.48,"id":26354927},{"ltp":1.67,"id":26354926}]}]}
{"op":"mcm","clk":"11787525984","pt":1722842508236,"mc":[{"id":"1.231402425","rc":[{"ltp":1.68,"id":26354926}]}]}
{"op":"mcm","clk":"11787536356","pt":1722842854682,"mc":[{"id":"1.231402425","rc":[{"ltp":1.67,"id":26354926}]}]}
{"op":"mcm","clk":"11787608695","pt":1722845106897,"mc":[{"id":"1.231402425","rc":[{"ltp":1.68,"id":26354926}]}]}
{"op":"mcm","clk":"11787625066","pt":1722845561376,"mc":[{"id":"1.231402425","rc":[{"ltp":1.67,"id":26354926}]}]}
{"op":"mcm","clk":"11787628737","pt":1722845665051,"mc":[{"id":"1.231402425","rc":[{"ltp":1.69,"id":26354926}]}]}
{"op":"mcm","clk":"11787659340","pt":1722846470465,"mc":[{"id":"1.231402425","rc":[{"ltp":1.67,"id":26354926}]}]}
{"op":"mcm","clk":"11787694567","pt":1722847390967,"mc":[{"id":"1.231402425","rc":[{"ltp":1.68,"id":26354926}]}]}
{"op":"mcm","clk":"11787734682","pt":1722848327669,"mc":[{"id":"1.231402425","rc":[{"ltp":1.67,"id":26354926}]}]}
{"op":"mcm","clk":"11787747101","pt":1722848623851,"mc":[{"id":"1.231402425","rc":[{"ltp":2.46,"id":26354927}]}]}
{"op":"mcm","clk":"11787765166","pt":1722849007716,"mc":[{"id":"1.231402425","rc":[{"ltp":2.48,"id":26354927},{"ltp":1.68,"id":26354926}]}]}
{"op":"mcm","clk":"11787784252","pt":1722849244203,"mc":[{"id":"1.231402425","rc":[{"ltp":1.67,"id":26354926}]}]}
{"op":"mcm","clk":"11787827128","pt":1722850057317,"mc":[{"id":"1.231402425","rc":[{"ltp":1.68,"id":26354926}]}]}
{"op":"mcm","clk":"11787831669","pt":1722850130988,"mc":[{"id":"1.231402425","rc":[{"ltp":1.67,"id":26354926}]}]}
{"op":"mcm","clk":"11787846002","pt":1722850371487,"mc":[{"id":"1.231402425","rc":[{"ltp":2.5,"id":26354927}]}]}
{"op":"mcm","clk":"11787853361","pt":1722850511346,"mc":[{"id":"1.231402425","rc":[{"ltp":1.68,"id":26354926}]}]}
{"op":"mcm","clk":"11787906169","pt":1722851438233,"mc":[{"id":"1.231402425","rc":[{"ltp":1.66,"id":26354926}]}]}
{"op":"mcm","clk":"11787915145","pt":1722851605728,"mc":[{"id":"1.231402425","rc":[{"ltp":1.67,"id":26354926}]}]}
{"op":"mcm","clk":"11787949176","pt":1722852154070,"mc":[{"id":"1.231402425","rc":[{"ltp":2.48,"id":26354927}]}]}
{"op":"mcm","clk":"11788072045","pt":1722854046024,"mc":[{"id":"1.231402425","rc":[{"ltp":1.68,"id":26354926}]}]}
{"op":"mcm","clk":"11788112703","pt":1722854612360,"mc":[{"id":"1.231402425","rc":[{"ltp":1.67,"id":26354926}]}]}
{"op":"mcm","clk":"11788130753","pt":1722854921169,"mc":[{"id":"1.231402425","rc":[{"ltp":1.66,"id":26354926}]}]}
{"op":"mcm","clk":"11788138751","pt":1722855049804,"mc":[{"id":"1.231402425","rc":[{"ltp":1.67,"id":26354926}]}]}
{"op":"mcm","clk":"11788160129","pt":1722855405509,"mc":[{"id":"1.231402425","rc":[{"ltp":2.5,"id":26354927},{"ltp":1.66,"id":26354926}]}]}
{"op":"mcm","clk":"11788164247","pt":1722855468869,"mc":[{"id":"1.231402425","rc":[{"ltp":2.52,"id":26354927},{"ltp":1.67,"id":26354926}]}]}
{"op":"mcm","clk":"11788167441","pt":1722855521898,"mc":[{"id":"1.231402425","rc":[{"ltp":2.48,"id":26354927},{"ltp":1.68,"id":26354926}]}]}
{"op":"mcm","clk":"11788203342","pt":1722856112842,"mc":[{"id":"1.231402425","rc":[{"ltp":1.67,"id":26354926}]}]}
{"op":"mcm","clk":"11788269750","pt":1722857270793,"mc":[{"id":"1.231402425","rc":[{"ltp":1.68,"id":26354926}]}]}
{"op":"mcm","clk":"11788286814","pt":1722857550483,"mc":[{"id":"1.231402425","rc":[{"ltp":1.67,"id":26354926}]}]}
{"op":"mcm","clk":"11788291529","pt":1722857623385,"mc":[{"id":"1.231402425","rc":[{"ltp":1.68,"id":26354926}]}]}
{"op":"mcm","clk":"11788295458","pt":1722857684644,"mc":[{"id":"1.231402425","rc":[{"ltp":1.67,"id":26354926}]}]}
{"op":"mcm","clk":"11788308317","pt":1722857916498,"mc":[{"id":"1.231402425","rc":[{"ltp":2.5,"id":26354927}]}]}
{"op":"mcm","clk":"11788315892","pt":1722858042289,"mc":[{"id":"1.231402425","rc":[{"ltp":1.66,"id":26354926}]}]}
{"op":"mcm","clk":"11788399855","pt":1722859547596,"mc":[{"id":"1.231402425","rc":[{"ltp":2.48,"id":26354927},{"ltp":1.67,"id":26354926}]}]}
{"op":"mcm","clk":"11788409382","pt":1722859714250,"mc":[{"id":"1.231402425","rc":[{"ltp":1.66,"id":26354926}]}]}
{"op":"mcm","clk":"11788463254","pt":1722860536861,"mc":[{"id":"1.231402425","rc":[{"ltp":1.67,"id":26354926}]}]}
{"op":"mcm","clk":"11788486744","pt":1722860927359,"mc":[{"id":"1.231402425","rc":[{"ltp":1.66,"id":26354926}]}]}
{"op":"mcm","clk":"11788497729","pt":1722861121269,"mc":[{"id":"1.231402425","rc":[{"ltp":2.5,"id":26354927}]}]}
{"op":"mcm","clk":"11788538069","pt":1722861815525,"mc":[{"id":"1.231402425","rc":[{"ltp":1.67,"id":26354926}]}]}
{"op":"mcm","clk":"11788587461","pt":1722862580182,"mc":[{"id":"1.231402425","rc":[{"ltp":2.48,"id":26354927}]}]}
{"op":"mcm","clk":"11788596932","pt":1722862716553,"mc":[{"id":"1.231402425","rc":[{"ltp":1.66,"id":26354926}]}]}
{"op":"mcm","clk":"11788658918","pt":1722863684697,"mc":[{"id":"1.231402425","rc":[{"ltp":2.5,"id":26354927},{"ltp":1.67,"id":26354926}]}]}
{"op":"mcm","clk":"11788673907","pt":1722863917952,"mc":[{"id":"1.231402425","rc":[{"ltp":1.66,"id":26354926}]}]}
{"op":"mcm","clk":"11788681375","pt":1722864020591,"mc":[{"id":"1.231402425","rc":[{"ltp":2.52,"id":26354927}]}]}
{"op":"mcm","clk":"11788687298","pt":1722864099652,"mc":[{"id":"1.231402425","rc":[{"ltp":2.5,"id":26354927},{"ltp":1.68,"id":26354926}]}]}
{"op":"mcm","clk":"11788695975","pt":1722864216978,"mc":[{"id":"1.231402425","rc":[{"ltp":2.48,"id":26354927}]}]}
{"op":"mcm","clk":"11788704943","pt":1722864349960,"mc":[{"id":"1.231402425","rc":[{"ltp":2.46,"id":26354927},{"ltp":1.69,"id":26354926}]}]}
{"op":"mcm","clk":"11788708677","pt":1722864404526,"mc":[{"id":"1.231402425","rc":[{"ltp":1.68,"id":26354926}]}]}
{"op":"mcm","clk":"11788717412","pt":1722864519165,"mc":[{"id":"1.231402425","rc":[{"ltp":2.44,"id":26354927},{"ltp":1.7,"id":26354926}]}]}
{"op":"mcm","clk":"11788722953","pt":1722864590449,"mc":[{"id":"1.231402425","rc":[{"ltp":2.42,"id":26354927},{"ltp":1.69,"id":26354926}]}]}
{"op":"mcm","clk":"11788727369","pt":1722864643292,"mc":[{"id":"1.231402425","rc":[{"ltp":2.44,"id":26354927}]}]}
{"op":"mcm","clk":"11788744847","pt":1722864840724,"mc":[{"id":"1.231402425","rc":[{"ltp":2.46,"id":26354927}]}]}
{"op":"mcm","clk":"11788754051","pt":1722864949433,"mc":[{"id":"1.231402425","rc":[{"ltp":2.42,"id":26354927}]}]}
{"op":"mcm","clk":"11788770406","pt":1722865184018,"mc":[{"id":"1.231402425","rc":[{"ltp":1.7,"id":26354926}]}]}
{"op":"mcm","clk":"11788775125","pt":1722865247290,"mc":[{"id":"1.231402425","rc":[{"ltp":2.44,"id":26354927}]}]}
{"op":"mcm","clk":"11788777319","pt":1722865277110,"mc":[{"id":"1.231402425","rc":[{"ltp":1.69,"id":26354926}]}]}
{"op":"mcm","clk":"11788802006","pt":1722865551773,"mc":[{"id":"1.231402425","rc":[{"ltp":2.46,"id":26354927}]}]}
{"op":"mcm","clk":"11788804886","pt":1722865592191,"mc":[{"id":"1.231402425","rc":[{"ltp":2.44,"id":26354927}]}]}
{"op":"mcm","clk":"11788819831","pt":1722865788343,"mc":[{"id":"1.231402425","rc":[{"ltp":1.7,"id":26354926}]}]}
{"op":"mcm","clk":"11788823647","pt":1722865833808,"mc":[{"id":"1.231402425","rc":[{"ltp":1.69,"id":26354926}]}]}
{"op":"mcm","clk":"11788828266","pt":1722865894162,"mc":[{"id":"1.231402425","rc":[{"ltp":2.42,"id":26354927}]}]}
{"op":"mcm","clk":"11788857326","pt":1722866324473,"mc":[{"id":"1.231402425","rc":[{"ltp":1.7,"id":26354926}]}]}
{"op":"mcm","clk":"11788860241","pt":1722866368700,"mc":[{"id":"1.231402425","rc":[{"ltp":1.69,"id":26354926}]}]}
{"op":"mcm","clk":"11788871213","pt":1722866510183,"mc":[{"id":"1.231402425","rc":[{"ltp":2.4,"id":26354927},{"ltp":1.7,"id":26354926}]}]}
{"op":"mcm","clk":"11788892755","pt":1722866816623,"mc":[{"id":"1.231402425","rc":[{"ltp":2.42,"id":26354927}]}]}
{"op":"mcm","clk":"11788937044","pt":1722867409463,"mc":[{"id":"1.231402425","rc":[{"ltp":1.71,"id":26354926}]}]}
{"op":"mcm","clk":"11788948358","pt":1722867562180,"mc":[{"id":"1.231402425","rc":[{"ltp":1.7,"id":26354926}]}]}
{"op":"mcm","clk":"11788966316","pt":1722867826186,"mc":[{"id":"1.231402425","rc":[{"ltp":1.71,"id":26354926}]}]}
{"op":"mcm","clk":"11788969922","pt":1722867878036,"mc":[{"id":"1.231402425","rc":[{"ltp":1.7,"id":26354926}]}]}
{"op":"mcm","clk":"11788980977","pt":1722868024342,"mc":[{"id":"1.231402425","rc":[{"ltp":1.71,"id":26354926}]}]}
{"op":"mcm","clk":"11789001763","pt":1722868285538,"mc":[{"id":"1.231402425","rc":[{"ltp":2.4,"id":26354927}]}]}
{"op":"mcm","clk":"11789050465","pt":1722868958974,"mc":[{"id":"1.231402425","rc":[{"ltp":1.7,"id":26354926}]}]}
{"op":"mcm","clk":"11789059075","pt":1722869080182,"mc":[{"id":"1.231402425","rc":[{"ltp":1.71,"id":26354926}]}]}
{"op":"mcm","clk":"11789064443","pt":1722869151778,"mc":[{"id":"1.231402425","rc":[{"ltp":2.42,"id":26354927}]}]}
{"op":"mcm","clk":"11789068904","pt":1722869206518,"mc":[{"id":"1.231402425","rc":[{"ltp":2.44,"id":26354927}]}]}
{"op":"mcm","clk":"11789070994","pt":1722869232857,"mc":[{"id":"1.231402425","rc":[{"ltp":2.4,"id":26354927},{"ltp":1.7,"id":26354926}]}]}
{"op":"mcm","clk":"11789099637","pt":1722869626889,"mc":[{"id":"1.231402425","rc":[{"ltp":1.71,"id":26354926}]}]}
{"op":"mcm","clk":"11789102645","pt":1722869670554,"mc":[{"id":"1.231402425","rc":[{"ltp":2.42,"id":26354927},{"ltp":1.7,"id":26354926}]}]}
{"op":"mcm","clk":"11789116534","pt":1722869846421,"mc":[{"id":"1.231402425","rc":[{"ltp":1.69,"id":26354926}]}]}
{"op":"mcm","clk":"11789131736","pt":1722870046523,"mc":[{"id":"1.231402425","rc":[{"ltp":1.7,"id":26354926}]}]}
{"op":"mcm","clk":"11789160534","pt":1722870411849,"mc":[{"id":"1.231402425","rc":[{"ltp":1.72,"id":26354926}]}]}
{"op":"mcm","clk":"11789165665","pt":1722870469199,"mc":[{"id":"1.231402425","rc":[{"ltp":2.4,"id":26354927}]}]}
{"op":"mcm","clk":"11789168644","pt":1722870507041,"mc":[{"id":"1.231402425","rc":[{"ltp":1.71,"id":26354926}]}]}
{"op":"mcm","clk":"11789206696","pt":1722870882579,"mc":[{"id":"1.231402425","rc":[{"ltp":1.72,"id":26354926}]}]}
{"op":"mcm","clk":"11789222324","pt":1722871062469,"mc":[{"id":"1.231402425","rc":[{"ltp":1.71,"id":26354926}]}]}
{"op":"mcm","clk":"11789224850","pt":1722871090413,"mc":[{"id":"1.231402425","rc":[{"ltp":2.38,"id":26354927}]}]}
{"op":"mcm","clk":"11789308520","pt":1722871951582,"mc":[{"id":"1.231402425","rc":[{"ltp":1.72,"id":26354926}]}]}
{"op":"mcm","clk":"11789339287","pt":1722872260464,"mc":[{"id":"1.231402425","rc":[{"ltp":1.71,"id":26354926}]}]}
{"op":"mcm","clk":"11789355818","pt":1722872423636,"mc":[{"id":"1.231402425","rc":[{"ltp":1.72,"id":26354926}]}]}
{"op":"mcm","clk":"11789370222","pt":1722872564909,"mc":[{"id":"1.231402425","rc":[{"ltp":2.4,"id":26354927}]}]}
{"op":"mcm","clk":"11789388559","pt":1722872726027,"mc":[{"id":"1.231402425","rc":[{"ltp":2.38,"id":26354927}]}]}
{"op":"mcm","clk":"11789410597","pt":1722872929859,"mc":[{"id":"1.231402425","rc":[{"ltp":1.71,"id":26354926}]}]}
{"op":"mcm","clk":"11789417512","pt":1722872995547,"mc":[{"id":"1.231402425","rc":[{"ltp":1.72,"id":26354926}]}]}
{"op":"mcm","clk":"11789440346","pt":1722873203614,"mc":[{"id":"1.231402425","rc":[{"ltp":1.71,"id":26354926}]}]}
{"op":"mcm","clk":"11789444856","pt":1722873251645,"mc":[{"id":"1.231402425","rc":[{"ltp":2.4,"id":26354927}]}]}
{"op":"mcm","clk":"11789454239","pt":1722873345361,"mc":[{"id":"1.231402425","rc":[{"ltp":2.38,"id":26354927}]}]}
{"op":"mcm","clk":"11789464787","pt":1722873460775,"mc":[{"id":"1.231402425","rc":[{"ltp":1.72,"id":26354926}]}]}
{"op":"mcm","clk":"11789477273","pt":1722873591185,"mc":[{"id":"1.231402425","rc":[{"ltp":2.36,"id":26354927}]}]}
{"op":"mcm","clk":"11789486287","pt":1722873676975,"mc":[{"id":"1.231402425","rc":[{"ltp":1.73,"id":26354926}]}]}
{"op":"mcm","clk":"11789514372","pt":1722873945899,"mc":[{"id":"1.231402425","rc":[{"ltp":2.38,"id":26354927},{"ltp":1.72,"id":26354926}]}]}
{"op":"mcm","clk":"11789546138","pt":1722874266173,"mc":[{"id":"1.231402425","rc":[{"ltp":2.36,"id":26354927},{"ltp":1.73,"id":26354926}]}]}
{"op":"mcm","clk":"11789625418","pt":1722875026936,"mc":[{"id":"1.231402425","rc":[{"ltp":2.34,"id":26354927}]}]}
{"op":"mcm","clk":"11789630764","pt":1722875087436,"mc":[{"id":"1.231402425","rc":[{"ltp":1.74,"id":26354926}]}]}
{"op":"mcm","clk":"11789635155","pt":1722875143220,"mc":[{"id":"1.231402425","rc":[{"ltp":1.72,"id":26354926}]}]}
{"op":"mcm","clk":"11789640591","pt":1722875210792,"mc":[{"id":"1.231402425","rc":[{"ltp":2.36,"id":26354927},{"ltp":1.73,"id":26354926}]}]}
{"op":"mcm","clk":"11789668721","pt":1722875568077,"mc":[{"id":"1.231402425","rc":[{"ltp":2.38,"id":26354927},{"ltp":1.72,"id":26354926}]}]}
{"op":"mcm","clk":"11789677068","pt":1722875687629,"mc":[{"id":"1.231402425","rc":[{"ltp":2.36,"id":26354927},{"ltp":1.73,"id":26354926}]}]}
{"op":"mcm","clk":"11789692570","pt":1722875869920,"mc":[{"id":"1.231402425","rc":[{"ltp":2.38,"id":26354927}]}]}
{"op":"mcm","clk":"11789698133","pt":1722875925059,"mc":[{"id":"1.231402425","rc":[{"ltp":2.36,"id":26354927},{"ltp":1.72,"id":26354926}]}]}
{"op":"mcm","clk":"11789704268","pt":1722875989544,"mc":[{"id":"1.231402425","rc":[{"ltp":1.73,"id":26354926}]}]}
{"op":"mcm","clk":"11789715656","pt":1722876104952,"mc":[{"id":"1.231402425","rc":[{"ltp":1.72,"id":26354926}]}]}
{"op":"mcm","clk":"11789721898","pt":1722876167109,"mc":[{"id":"1.231402425","rc":[{"ltp":2.38,"id":26354927},{"ltp":1.73,"id":26354926}]}]}
{"op":"mcm","clk":"11789735485","pt":1722876229507,"mc":[{"id":"1.231402425","rc":[{"ltp":2.36,"id":26354927}]}]}
{"op":"mcm","clk":"11789756099","pt":1722876410516,"mc":[{"id":"1.231402425","rc":[{"ltp":1.72,"id":26354926}]}]}
{"op":"mcm","clk":"11789761634","pt":1722876460508,"mc":[{"id":"1.231402425","rc":[{"ltp":1.73,"id":26354926}]}]}
{"op":"mcm","clk":"11789769069","pt":1722876529574,"mc":[{"id":"1.231402425","rc":[{"ltp":2.38,"id":26354927},{"ltp":1.72,"id":26354926}]}]}
{"op":"mcm","clk":"11789775252","pt":1722876585073,"mc":[{"id":"1.231402425","rc":[{"ltp":2.36,"id":26354927},{"ltp":1.73,"id":26354926}]}]}
{"op":"mcm","clk":"11789796522","pt":1722876771881,"mc":[{"id":"1.231402425","rc":[{"ltp":2.32,"id":26354927},{"ltp":1.76,"id":26354926}]}]}
{"op":"mcm","clk":"11789803667","pt":1722876831835,"mc":[{"id":"1.231402425","rc":[{"ltp":2.3,"id":26354927}]}]}
{"op":"mcm","clk":"11789816777","pt":1722876946973,"mc":[{"id":"1.231402425","rc":[{"ltp":2.28,"id":26354927},{"ltp":1.77,"id":26354926}]}]}
{"op":"mcm","clk":"11789823248","pt":1722877009513,"mc":[{"id":"1.231402425","rc":[{"ltp":1.78,"id":26354926}]}]}
{"op":"mcm","clk":"11789828962","pt":1722877063070,"mc":[{"id":"1.231402425","rc":[{"ltp":2.26,"id":26354927},{"ltp":1.79,"id":26354926}]}]}
{"op":"mcm","clk":"11789842045","pt":1722877188975,"mc":[{"id":"1.231402425","rc":[{"ltp":1.78,"id":26354926}]}]}
{"op":"mcm","clk":"11789853855","pt":1722877301731,"mc":[{"id":"1.231402425","rc":[{"ltp":1.79,"id":26354926}]}]}
{"op":"mcm","clk":"11789861250","pt":1722877371553,"mc":[{"id":"1.231402425","rc":[{"ltp":2.04,"id":26354927},{"ltp":1.96,"id":26354926}]}]}
{"op":"mcm","clk":"11789867759","pt":1722877431877,"mc":[{"id":"1.231402425","rc":[{"ltp":1.89,"id":26354927},{"ltp":2.12,"id":26354926}]}]}
{"op":"mcm","clk":"11789874555","pt":1722877491405,"mc":[{"id":"1.231402425","rc":[{"ltp":1.96,"id":26354927},{"ltp":2.04,"id":26354926}]}]}
{"op":"mcm","clk":"11789880820","pt":1722877551870,"mc":[{"id":"1.231402425","rc":[{"ltp":1.99,"id":26354927},{"ltp":2.0,"id":26354926}]}]}
{"op":"mcm","clk":"11789887487","pt":1722877611638,"mc":[{"id":"1.231402425","rc":[{"ltp":1.95,"id":26354927},{"ltp":2.04,"id":26354926}]}]}
{"op":"mcm","clk":"11789894032","pt":1722877671922,"mc":[{"id":"1.231402425","rc":[{"ltp":1.92,"id":26354927},{"ltp":2.08,"id":26354926}]}]}
{"op":"mcm","clk":"11789900420","pt":1722877731887,"mc":[{"id":"1.231402425","rc":[{"ltp":1.9,"id":26354927},{"ltp":2.1,"id":26354926}]}]}
{"op":"mcm","clk":"11789907075","pt":1722877791240,"mc":[{"id":"1.231402425","rc":[{"ltp":1.91,"id":26354927},{"ltp":2.08,"id":26354926}]}]}
{"op":"mcm","clk":"11789913626","pt":1722877851489,"mc":[{"id":"1.231402425","rc":[{"ltp":1.9,"id":26354927},{"ltp":2.1,"id":26354926}]}]}
{"op":"mcm","clk":"11789920595","pt":1722877911584,"mc":[{"id":"1.231402425","rc":[{"ltp":1.88,"id":26354927},{"ltp":2.12,"id":26354926}]}]}
{"op":"mcm","clk":"11789941347","pt":1722878091669,"mc":[{"id":"1.231402425","rc":[{"ltp":1.87,"id":26354927}]}]}
{"op":"mcm","clk":"11789948373","pt":1722878151611,"mc":[{"id":"1.231402425","rc":[{"ltp":1.88,"id":26354927},{"ltp":2.14,"id":26354926}]}]}
{"op":"mcm","clk":"11789955165","pt":1722878211602,"mc":[{"id":"1.231402425","rc":[{"ltp":2.12,"id":26354926}]}]}
{"op":"mcm","clk":"11789975023","pt":1722878391581,"mc":[{"id":"1.231402425","rc":[{"ltp":1.86,"id":26354927},{"ltp":2.14,"id":26354926}]}]}
{"op":"mcm","clk":"11789981599","pt":1722878451913,"mc":[{"id":"1.231402425","rc":[{"ltp":1.84,"id":26354927},{"ltp":2.2,"id":26354926}]}]}
{"op":"mcm","clk":"11789987539","pt":1722878511801,"mc":[{"id":"1.231402425","rc":[{"ltp":1.87,"id":26354927},{"ltp":2.14,"id":26354926}]}]}
{"op":"mcm","clk":"11789993919","pt":1722878571524,"mc":[{"id":"1.231402425","rc":[{"ltp":1.86,"id":26354927},{"ltp":2.16,"id":26354926}]}]}
{"op":"mcm","clk":"11790005969","pt":1722878691779,"mc":[{"id":"1.231402425","rc":[{"ltp":1.85,"id":26354927}]}]}
{"op":"mcm","clk":"11790011952","pt":1722878750931,"mc":[{"id":"1.231402425","rc":[{"ltp":2.18,"id":26354926}]}]}
{"op":"mcm","clk":"11790018776","pt":1722878811875,"mc":[{"id":"1.231402425","rc":[{"ltp":1.86,"id":26354927},{"ltp":2.16,"id":26354926}]}]}
{"op":"mcm","clk":"11790025295","pt":1722878871828,"mc":[{"id":"1.231402425","rc":[{"ltp":2.14,"id":26354926}]}]}
{"op":"mcm","clk":"11790031706","pt":1722878931893,"mc":[{"id":"1.231402425","rc":[{"ltp":2.18,"id":26354926}]}]}
{"op":"mcm","clk":"11790038340","pt":1722878991855,"mc":[{"id":"1.231402425","rc":[{"ltp":1.85,"id":26354927},{"ltp":2.16,"id":26354926}]}]}
{"op":"mcm","clk":"11790045604","pt":1722879051825,"mc":[{"id":"1.231402425","marketDefinition":{"bspMarket":false,"turnInPlayEnabled":true,"persistenceEnabled":true,"marketBaseRate":5.0,"eventId":"33465427","eventTypeId":"4","numberOfWinners":1,"bettingType":"ODDS","marketType":"MATCH_ODDS","marketTime":"2024-08-05T17:30:00.000Z","suspendTime":"2024-08-05T17:30:00.000Z","bspReconciled":false,"complete":true,"inPlay":true,"crossMatching":true,"runnersVoidable":false,"numberOfActiveRunners":2,"betDelay":5,"status":"OPEN","runners":[{"status":"ACTIVE","sortPriority":1,"id":26354927,"name":"Welsh Fire"},{"status":"ACTIVE","sortPriority":2,"id":26354926,"name":"Southern Brave"}],"regulators":["MR_INT"],"countryCode":"GB","discountAllowed":true,"timezone":"GMT","openDate":"2024-08-05T17:30:00.000Z","version":6058791444,"name":"Match Odds","eventName":"Welsh Fire v Southern Brave"},"rc":[{"ltp":1.81,"id":26354927},{"ltp":2.22,"id":26354926}]}]}
{"op":"mcm","clk":"11790052310","pt":1722879111826,"mc":[{"id":"1.231402425","rc":[{"ltp":1.82,"id":26354927},{"ltp":2.2,"id":26354926}]}]}
{"op":"mcm","clk":"11790058947","pt":1722879171908,"mc":[{"id":"1.231402425","rc":[{"ltp":1.9,"id":26354927},{"ltp":2.08,"id":26354926}]}]}
{"op":"mcm","clk":"11790065676","pt":1722879231892,"mc":[{"id":"1.231402425","rc":[{"ltp":2.1,"id":26354926}]}]}
{"op":"mcm","clk":"11790072298","pt":1722879291905,"mc":[{"id":"1.231402425","rc":[{"ltp":1.87,"id":26354927},{"ltp":2.14,"id":26354926}]}]}
{"op":"mcm","clk":"11790078992","pt":1722879351894,"mc":[{"id":"1.231402425","rc":[{"ltp":1.84,"id":26354927},{"ltp":2.2,"id":26354926}]}]}
{"op":"mcm","clk":"11790085646","pt":1722879411912,"mc":[{"id":"1.231402425","rc":[{"ltp":1.96,"id":26354927},{"ltp":2.04,"id":26354926}]}]}
{"op":"mcm","clk":"11790091816","pt":1722879471872,"mc":[{"id":"1.231402425","rc":[{"ltp":2.0,"id":26354927},{"ltp":2.0,"id":26354926}]}]}
{"op":"mcm","clk":"11790098022","pt":1722879531831,"mc":[{"id":"1.231402425","rc":[{"ltp":2.24,"id":26354927},{"ltp":1.8,"id":26354926}]}]}
{"op":"mcm","clk":"11790104250","pt":1722879591910,"mc":[{"id":"1.231402425","rc":[{"ltp":2.26,"id":26354927},{"ltp":1.79,"id":26354926}]}]}
{"op":"mcm","clk":"11790110314","pt":1722879651853,"mc":[{"id":"1.231402425","rc":[{"ltp":2.2,"id":26354927},{"ltp":1.84,"id":26354926}]}]}
{"op":"mcm","clk":"11790115995","pt":1722879711908,"mc":[{"id":"1.231402425","rc":[{"ltp":2.26,"id":26354927},{"ltp":1.8,"id":26354926}]}]}
{"op":"mcm","clk":"11790122207","pt":1722879771918,"mc":[{"id":"1.231402425","rc":[{"ltp":2.18,"id":26354927},{"ltp":1.82,"id":26354926}]}]}
{"op":"mcm","clk":"11790128785","pt":1722879831891,"mc":[{"id":"1.231402425","rc":[{"ltp":2.28,"id":26354927},{"ltp":1.77,"id":26354926}]}]}
{"op":"mcm","clk":"11790135891","pt":1722879891846,"mc":[{"id":"1.231402425","rc":[{"ltp":2.34,"id":26354927},{"ltp":1.75,"id":26354926}]}]}
{"op":"mcm","clk":"11790142756","pt":1722879951829,"mc":[{"id":"1.231402425","rc":[{"ltp":2.48,"id":26354927},{"ltp":1.67,"id":26354926}]}]}
{"op":"mcm","clk":"11790157251","pt":1722880071823,"mc":[{"id":"1.231402425","rc":[{"ltp":2.5,"id":26354927},{"ltp":1.65,"id":26354926}]}]}
{"op":"mcm","clk":"11790163924","pt":1722880131909,"mc":[{"id":"1.231402425","rc":[{"ltp":2.48,"id":26354927},{"ltp":1.67,"id":26354926}]}]}
{"op":"mcm","clk":"11790170472","pt":1722880191851,"mc":[{"id":"1.231402425","rc":[{"ltp":2.4,"id":26354927},{"ltp":1.7,"id":26354926}]}]}
{"op":"mcm","clk":"11790177029","pt":1722880251915,"mc":[{"id":"1.231402425","rc":[{"ltp":1.72,"id":26354926}]}]}
{"op":"mcm","clk":"11790183380","pt":1722880311921,"mc":[{"id":"1.231402425","rc":[{"ltp":2.36,"id":26354927},{"ltp":1.73,"id":26354926}]}]}
{"op":"mcm","clk":"11790189584","pt":1722880371690,"mc":[{"id":"1.231402425","rc":[{"ltp":2.34,"id":26354927}]}]}
{"op":"mcm","clk":"11790195055","pt":1722880431916,"mc":[{"id":"1.231402425","rc":[{"ltp":2.28,"id":26354927},{"ltp":1.77,"id":26354926}]}]}
{"op":"mcm","clk":"11790200313","pt":1722880491871,"mc":[{"id":"1.231402425","rc":[{"ltp":2.24,"id":26354927},{"ltp":1.79,"id":26354926}]}]}
{"op":"mcm","clk":"11790205756","pt":1722880551854,"mc":[{"id":"1.231402425","rc":[{"ltp":2.36,"id":26354927},{"ltp":1.72,"id":26354926}]}]}
{"op":"mcm","clk":"11790210940","pt":1722880611920,"mc":[{"id":"1.231402425","rc":[{"ltp":2.56,"id":26354927},{"ltp":1.64,"id":26354926}]}]}
{"op":"mcm","clk":"11790216653","pt":1722880671866,"mc":[{"id":"1.231402425","rc":[{"ltp":2.58,"id":26354927}]}]}
{"op":"mcm","clk":"11790222388","pt":1722880731556,"mc":[{"id":"1.231402425","rc":[{"ltp":2.56,"id":26354927}]}]}
{"op":"mcm","clk":"11790228059","pt":1722880791848,"mc":[{"id":"1.231402425","rc":[{"ltp":2.3,"id":26354927},{"ltp":1.78,"id":26354926}]}]}
{"op":"mcm","clk":"11790234778","pt":1722880851907,"mc":[{"id":"1.231402425","rc":[{"ltp":2.2,"id":26354927},{"ltp":1.82,"id":26354926}]}]}
{"op":"mcm","clk":"11790241793","pt":1722880911702,"mc":[{"id":"1.231402425","rc":[{"ltp":2.56,"id":26354927},{"ltp":1.64,"id":26354926}]}]}
{"op":"mcm","clk":"11790248373","pt":1722880971859,"mc":[{"id":"1.231402425","rc":[{"ltp":2.76,"id":26354927},{"ltp":1.56,"id":26354926}]}]}
{"op":"mcm","clk":"11790255243","pt":1722881031830,"mc":[{"id":"1.231402425","rc":[{"ltp":2.92,"id":26354927},{"ltp":1.51,"id":26354926}]}]}
{"op":"mcm","clk":"11790262436","pt":1722881091895,"mc":[{"id":"1.231402425","rc":[{"ltp":2.82,"id":26354927},{"ltp":1.55,"id":26354926}]}]}
{"op":"mcm","clk":"11790270079","pt":1722881151899,"mc":[{"id":"1.231402425","rc":[{"ltp":2.72,"id":26354927},{"ltp":1.58,"id":26354926}]}]}
{"op":"mcm","clk":"11790277719","pt":1722881211900,"mc":[{"id":"1.231402425","rc":[{"ltp":2.68,"id":26354927},{"ltp":1.59,"id":26354926}]}]}
{"op":"mcm","clk":"11790285018","pt":1722881271549,"mc":[{"id":"1.231402425","rc":[{"ltp":2.72,"id":26354927}]}]}
{"op":"mcm","clk":"11790292054","pt":1722881331853,"mc":[{"id":"1.231402425","rc":[{"ltp":3.25,"id":26354927},{"ltp":1.44,"id":26354926}]}]}
{"op":"mcm","clk":"11790299455","pt":1722881391907,"mc":[{"id":"1.231402425","rc":[{"ltp":3.15,"id":26354927},{"ltp":1.46,"id":26354926}]}]}
{"op":"mcm","clk":"11790306711","pt":1722881451910,"mc":[{"id":"1.231402425","rc":[{"ltp":3.05,"id":26354927},{"ltp":1.48,"id":26354926}]}]}
{"op":"mcm","clk":"11790313787","pt":1722881511870,"mc":[{"id":"1.231402425","rc":[{"ltp":3.0,"id":26354927},{"ltp":1.49,"id":26354926}]}]}
{"op":"mcm","clk":"11790320817","pt":1722881571848,"mc":[{"id":"1.231402425","rc":[{"ltp":2.92,"id":26354927},{"ltp":1.52,"id":26354926}]}]}
{"op":"mcm","clk":"11790335169","pt":1722881631917,"mc":[{"id":"1.231402425","rc":[{"ltp":1.53,"id":26354926}]}]}
{"op":"mcm","clk":"11790342216","pt":1722881691904,"mc":[{"id":"1.231402425","rc":[{"ltp":2.86,"id":26354927}]}]}
{"op":"mcm","clk":"11790349858","pt":1722881751907,"mc":[{"id":"1.231402425","rc":[{"ltp":3.3,"id":26354927},{"ltp":1.44,"id":26354926}]}]}
{"op":"mcm","clk":"11790357741","pt":1722881811833,"mc":[{"id":"1.231402425","rc":[{"ltp":3.1,"id":26354927},{"ltp":1.46,"id":26354926}]}]}
{"op":"mcm","clk":"11790365258","pt":1722881871878,"mc":[{"id":"1.231402425","rc":[{"ltp":3.6,"id":26354927},{"ltp":1.38,"id":26354926}]}]}
{"op":"mcm","clk":"11790372805","pt":1722881931873,"mc":[{"id":"1.231402425","rc":[{"ltp":3.55,"id":26354927},{"ltp":1.41,"id":26354926}]}]}
{"op":"mcm","clk":"11790380220","pt":1722881991850,"mc":[{"id":"1.231402425","rc":[{"ltp":3.15,"id":26354927},{"ltp":1.46,"id":26354926}]}]}
{"op":"mcm","clk":"11790388255","pt":1722882051924,"mc":[{"id":"1.231402425","rc":[{"ltp":3.2,"id":26354927},{"ltp":1.45,"id":26354926}]}]}
{"op":"mcm","clk":"11790396181","pt":1722882111886,"mc":[{"id":"1.231402425","rc":[{"ltp":3.0,"id":26354927},{"ltp":1.49,"id":26354926}]}]}
{"op":"mcm","clk":"11790404095","pt":1722882171827,"mc":[{"id":"1.231402425","rc":[{"ltp":2.96,"id":26354927},{"ltp":1.51,"id":26354926}]}]}
{"op":"mcm","clk":"11790411409","pt":1722882231800,"mc":[{"id":"1.231402425","rc":[{"ltp":3.05,"id":26354927},{"ltp":1.48,"id":26354926}]}]}
{"op":"mcm","clk":"11790418670","pt":1722882291882,"mc":[{"id":"1.231402425","rc":[{"ltp":2.72,"id":26354927},{"ltp":1.58,"id":26354926}]}]}
{"op":"mcm","clk":"11790426408","pt":1722882351862,"mc":[{"id":"1.231402425","rc":[{"ltp":1.57,"id":26354926}]}]}
{"op":"mcm","clk":"11790433770","pt":1722882411892,"mc":[{"id":"1.231402425","rc":[{"ltp":2.6,"id":26354927},{"ltp":1.63,"id":26354926}]}]}
{"op":"mcm","clk":"11790440905","pt":1722882471868,"mc":[{"id":"1.231402425","rc":[{"ltp":2.5,"id":26354927},{"ltp":1.66,"id":26354926}]}]}
{"op":"mcm","clk":"11790447961","pt":1722882531924,"mc":[{"id":"1.231402425","rc":[{"ltp":2.74,"id":26354927},{"ltp":1.58,"id":26354926}]}]}
{"op":"mcm","clk":"11790454926","pt":1722882591662,"mc":[{"id":"1.231402425","rc":[{"ltp":1.56,"id":26354926}]}]}
{"op":"mcm","clk":"11790462740","pt":1722882651907,"mc":[{"id":"1.231402425","rc":[{"ltp":2.6,"id":26354927},{"ltp":1.62,"id":26354926}]}]}
{"op":"mcm","clk":"11790469682","pt":1722882711859,"mc":[{"id":"1.231402425","rc":[{"ltp":2.84,"id":26354927},{"ltp":1.54,"id":26354926}]}]}
{"op":"mcm","clk":"11790476822","pt":1722882771754,"mc":[{"id":"1.231402425","rc":[{"ltp":2.76,"id":26354927},{"ltp":1.57,"id":26354926}]}]}
{"op":"mcm","clk":"11790483478","pt":1722882831824,"mc":[{"id":"1.231402425","rc":[{"ltp":2.68,"id":26354927},{"ltp":1.59,"id":26354926}]}]}
{"op":"mcm","clk":"11790490517","pt":1722882891824,"mc":[{"id":"1.231402425","rc":[{"ltp":2.84,"id":26354927},{"ltp":1.52,"id":26354926}]}]}
{"op":"mcm","clk":"11790498135","pt":1722882951856,"mc":[{"id":"1.231402425","rc":[{"ltp":2.88,"id":26354927}]}]}
{"op":"mcm","clk":"11790505506","pt":1722883011915,"mc":[{"id":"1.231402425","rc":[{"ltp":2.84,"id":26354927},{"ltp":1.55,"id":26354926}]}]}
{"op":"mcm","clk":"11790512797","pt":1722883071892,"mc":[{"id":"1.231402425","rc":[{"ltp":2.56,"id":26354927},{"ltp":1.64,"id":26354926}]}]}
{"op":"mcm","clk":"11790519855","pt":1722883131880,"mc":[{"id":"1.231402425","rc":[{"ltp":2.42,"id":26354927},{"ltp":1.71,"id":26354926}]}]}
{"op":"mcm","clk":"11790527030","pt":1722883191915,"mc":[{"id":"1.231402425","rc":[{"ltp":2.48,"id":26354927},{"ltp":1.69,"id":26354926}]}]}
{"op":"mcm","clk":"11790534311","pt":1722883251842,"mc":[{"id":"1.231402425","rc":[{"ltp":2.22,"id":26354927},{"ltp":1.82,"id":26354926}]}]}
{"op":"mcm","clk":"11790541869","pt":1722883311923,"mc":[{"id":"1.231402425","rc":[{"ltp":2.18,"id":26354927},{"ltp":1.86,"id":26354926}]}]}
{"op":"mcm","clk":"11790549415","pt":1722883371844,"mc":[{"id":"1.231402425","rc":[{"ltp":2.12,"id":26354927},{"ltp":1.91,"id":26354926}]}]}
{"op":"mcm","clk":"11790556735","pt":1722883431906,"mc":[{"id":"1.231402425","rc":[{"ltp":2.24,"id":26354927},{"ltp":1.79,"id":26354926}]}]}
{"op":"mcm","clk":"11790563501","pt":1722883491846,"mc":[{"id":"1.231402425","rc":[{"ltp":2.2,"id":26354927},{"ltp":1.83,"id":26354926}]}]}
{"op":"mcm","clk":"11790569931","pt":1722883551865,"mc":[{"id":"1.231402425","rc":[{"ltp":2.22,"id":26354927},{"ltp":1.81,"id":26354926}]}]}
{"op":"mcm","clk":"11790576743","pt":1722883611747,"mc":[{"id":"1.231402425","rc":[{"ltp":2.2,"id":26354927},{"ltp":1.82,"id":26354926}]}]}
{"op":"mcm","clk":"11790583265","pt":1722883671826,"mc":[{"id":"1.231402425","rc":[{"ltp":2.22,"id":26354927},{"ltp":1.81,"id":26354926}]}]}
{"op":"mcm","clk":"11790589966","pt":1722883731665,"mc":[{"id":"1.231402425","rc":[{"ltp":2.24,"id":26354927}]}]}
{"op":"mcm","clk":"11790596467","pt":1722883791822,"mc":[{"id":"1.231402425","rc":[{"ltp":2.22,"id":26354927},{"ltp":1.8,"id":26354926}]}]}
{"op":"mcm","clk":"11790603055","pt":1722883851680,"mc":[{"id":"1.231402425","rc":[{"ltp":1.82,"id":26354926}]}]}
{"op":"mcm","clk":"11790610199","pt":1722883911674,"mc":[{"id":"1.231402425","rc":[{"ltp":2.24,"id":26354927},{"ltp":1.81,"id":26354926}]}]}
{"op":"mcm","clk":"11790616934","pt":1722883971914,"mc":[{"id":"1.231402425","rc":[{"ltp":1.79,"id":26354926}]}]}
{"op":"mcm","clk":"11790623325","pt":1722884030989,"mc":[{"id":"1.231402425","rc":[{"ltp":2.22,"id":26354927},{"ltp":1.8,"id":26354926}]}]}
{"op":"mcm","clk":"11790629912","pt":1722884091846,"mc":[{"id":"1.231402425","rc":[{"ltp":2.24,"id":26354927}]}]}
{"op":"mcm","clk":"11790636182","pt":1722884151840,"mc":[{"id":"1.231402425","rc":[{"ltp":1.79,"id":26354926}]}]}
{"op":"mcm","clk":"11790641814","pt":1722884211683,"mc":[{"id":"1.231402425","rc":[{"ltp":1.81,"id":26354926}]}]}
{"op":"mcm","clk":"11790647150","pt":1722884271895,"mc":[{"id":"1.231402425","rc":[{"ltp":2.26,"id":26354927},{"ltp":1.79,"id":26354926}]}]}
{"op":"mcm","clk":"11790652475","pt":1722884330888,"mc":[{"id":"1.231402425","rc":[{"ltp":2.28,"id":26354927}]}]}
{"op":"mcm","clk":"11790658596","pt":1722884391864,"mc":[{"id":"1.231402425","rc":[{"ltp":2.26,"id":26354927},{"ltp":1.78,"id":26354926}]}]}
{"op":"mcm","clk":"11790665031","pt":1722884451790,"mc":[{"id":"1.231402425","rc":[{"ltp":2.44,"id":26354927},{"ltp":1.68,"id":26354926}]}]}
{"op":"mcm","clk":"11790671059","pt":1722884511747,"mc":[{"id":"1.231402425","rc":[{"ltp":2.38,"id":26354927},{"ltp":1.72,"id":26354926}]}]}
{"op":"mcm","clk":"11790676849","pt":1722884571900,"mc":[{"id":"1.231402425","rc":[{"ltp":2.3,"id":26354927},{"ltp":1.76,"id":26354926}]}]}
{"op":"mcm","clk":"11790683077","pt":1722884631828,"mc":[{"id":"1.231402425","rc":[{"ltp":2.18,"id":26354927},{"ltp":1.84,"id":26354926}]}]}
{"op":"mcm","clk":"11790688924","pt":1722884691912,"mc":[{"id":"1.231402425","rc":[{"ltp":2.04,"id":26354927},{"ltp":1.96,"id":26354926}]}]}
{"op":"mcm","clk":"11790694596","pt":1722884751899,"mc":[{"id":"1.231402425","rc":[{"ltp":2.1,"id":26354927},{"ltp":1.9,"id":26354926}]}]}
{"op":"mcm","clk":"11790700062","pt":1722884811911,"mc":[{"id":"1.231402425","rc":[{"ltp":2.06,"id":26354927},{"ltp":1.93,"id":26354926}]}]}
{"op":"mcm","clk":"11790705947","pt":1722884871912,"mc":[{"id":"1.231402425","rc":[{"ltp":2.22,"id":26354927},{"ltp":1.81,"id":26354926}]}]}
{"op":"mcm","clk":"11790712041","pt":1722884931885,"mc":[{"id":"1.231402425","rc":[{"ltp":2.08,"id":26354927},{"ltp":1.91,"id":26354926}]}]}
{"op":"mcm","clk":"11790717753","pt":1722884991923,"mc":[{"id":"1.231402425","rc":[{"ltp":2.14,"id":26354927},{"ltp":1.87,"id":26354926}]}]}
{"op":"mcm","clk":"11790723485","pt":1722885051921,"mc":[{"id":"1.231402425","rc":[{"ltp":2.32,"id":26354927},{"ltp":1.75,"id":26354926}]}]}
{"op":"mcm","clk":"11790729577","pt":1722885111853,"mc":[{"id":"1.231402425","rc":[{"ltp":2.46,"id":26354927},{"ltp":1.68,"id":26354926}]}]}
{"op":"mcm","clk":"11790736032","pt":1722885171855,"mc":[{"id":"1.231402425","rc":[{"ltp":2.22,"id":26354927},{"ltp":1.81,"id":26354926}]}]}
{"op":"mcm","clk":"11790742017","pt":1722885231844,"mc":[{"id":"1.231402425","rc":[{"ltp":2.2,"id":26354927}]}]}
{"op":"mcm","clk":"11790747733","pt":1722885291907,"mc":[{"id":"1.231402425","rc":[{"ltp":2.22,"id":26354927},{"ltp":1.8,"id":26354926}]}]}
{"op":"mcm","clk":"11790753354","pt":1722885351871,"mc":[{"id":"1.231402425","rc":[{"ltp":2.06,"id":26354927},{"ltp":1.93,"id":26354926}]}]}
{"op":"mcm","clk":"11790759462","pt":1722885411882,"mc":[{"id":"1.231402425","rc":[{"ltp":2.2,"id":26354927},{"ltp":1.82,"id":26354926}]}]}
{"op":"mcm","clk":"11790765428","pt":1722885471823,"mc":[{"id":"1.231402425","rc":[{"ltp":2.72,"id":26354927},{"ltp":1.53,"id":26354926}]}]}
{"op":"mcm","clk":"11790771477","pt":1722885531921,"mc":[{"id":"1.231402425","rc":[{"ltp":2.42,"id":26354927},{"ltp":1.7,"id":26354926}]}]}
{"op":"mcm","clk":"11790776925","pt":1722885591859,"mc":[{"id":"1.231402425","rc":[{"ltp":2.52,"id":26354927},{"ltp":1.65,"id":26354926}]}]}
{"op":"mcm","clk":"11790782569","pt":1722885651838,"mc":[{"id":"1.231402425","rc":[{"ltp":3.85,"id":26354927},{"ltp":1.35,"id":26354926}]}]}
{"op":"mcm","clk":"11790787912","pt":1722885711915,"mc":[{"id":"1.231402425","rc":[{"ltp":3.8,"id":26354927},{"ltp":1.36,"id":26354926}]}]}
{"op":"mcm","clk":"11790793524","pt":1722885771869,"mc":[{"id":"1.231402425","rc":[{"ltp":6.0,"id":26354927},{"ltp":1.2,"id":26354926}]}]}
{"op":"mcm","clk":"11790799033","pt":1722885831909,"mc":[{"id":"1.231402425","rc":[{"ltp":5.3,"id":26354927},{"ltp":1.24,"id":26354926}]}]}
{"op":"mcm","clk":"11790804564","pt":1722885891885,"mc":[{"id":"1.231402425","rc":[{"ltp":5.1,"id":26354927}]}]}
{"op":"mcm","clk":"11790810349","pt":1722885951843,"mc":[{"id":"1.231402425","rc":[{"ltp":5.5,"id":26354927},{"ltp":1.21,"id":26354926}]}]}
{"op":"mcm","clk":"11790815964","pt":1722886011845,"mc":[{"id":"1.231402425","rc":[{"ltp":5.7,"id":26354927}]}]}
{"op":"mcm","clk":"11790821786","pt":1722886071901,"mc":[{"id":"1.231402425","rc":[{"ltp":6.0,"id":26354927},{"ltp":1.2,"id":26354926}]}]}
{"op":"mcm","clk":"11790827553","pt":1722886131872,"mc":[{"id":"1.231402425","rc":[{"ltp":5.2,"id":26354927},{"ltp":1.23,"id":26354926}]}]}
{"op":"mcm","clk":"11790833430","pt":1722886191656,"mc":[{"id":"1.231402425","rc":[{"ltp":5.1,"id":26354927}]}]}
{"op":"mcm","clk":"11790838677","pt":1722886251590,"mc":[{"id":"1.231402425","rc":[{"ltp":5.8,"id":26354927},{"ltp":1.21,"id":26354926}]}]}
{"op":"mcm","clk":"11790843786","pt":1722886311864,"mc":[{"id":"1.231402425","rc":[{"ltp":6.4,"id":26354927},{"ltp":1.18,"id":26354926}]}]}
{"op":"mcm","clk":"11790853864","pt":1722886431794,"mc":[{"id":"1.231402425","rc":[{"ltp":6.8,"id":26354927},{"ltp":1.17,"id":26354926}]}]}
{"op":"mcm","clk":"11790859035","pt":1722886491859,"mc":[{"id":"1.231402425","rc":[{"ltp":8.6,"id":26354927},{"ltp":1.13,"id":26354926}]}]}
{"op":"mcm","clk":"11790864236","pt":1722886551838,"mc":[{"id":"1.231402425","rc":[{"ltp":7.0,"id":26354927},{"ltp":1.17,"id":26354926}]}]}
{"op":"mcm","clk":"11790869331","pt":1722886611891,"mc":[{"id":"1.231402425","rc":[{"ltp":5.8,"id":26354927},{"ltp":1.22,"id":26354926}]}]}
{"op":"mcm","clk":"11790874224","pt":1722886671886,"mc":[{"id":"1.231402425","rc":[{"ltp":10.0,"id":26354927},{"ltp":1.1,"id":26354926}]}]}
{"op":"mcm","clk":"11790884382","pt":1722886791840,"mc":[{"id":"1.231402425","rc":[{"ltp":17.5,"id":26354927},{"ltp":1.06,"id":26354926}]}]}
{"op":"mcm","clk":"11790889651","pt":1722886851911,"mc":[{"id":"1.231402425","rc":[{"ltp":15.0,"id":26354927},{"ltp":1.07,"id":26354926}]}]}
{"op":"mcm","clk":"11790899789","pt":1722886971881,"mc":[{"id":"1.231402425","rc":[{"ltp":15.5,"id":26354927},{"ltp":1.06,"id":26354926}]}]}
{"op":"mcm","clk":"11790911679","pt":1722887031838,"mc":[{"id":"1.231402425","rc":[{"ltp":34.0,"id":26354927},{"ltp":1.03,"id":26354926}]}]}
{"op":"mcm","clk":"11790916551","pt":1722887091784,"mc":[{"id":"1.231402425","rc":[{"ltp":42.0,"id":26354927}]}]}
{"op":"mcm","clk":"11790921732","pt":1722887151759,"mc":[{"id":"1.231402425","rc":[{"ltp":65.0,"id":26354927},{"ltp":1.02,"id":26354926}]}]}
{"op":"mcm","clk":"11790927267","pt":1722887211923,"mc":[{"id":"1.231402425","rc":[{"ltp":55.0,"id":26354927}]}]}
{"op":"mcm","clk":"11790932695","pt":1722887271891,"mc":[{"id":"1.231402425","rc":[{"ltp":1.01,"id":26354926}]}]}
{"op":"mcm","clk":"11790938116","pt":1722887331875,"mc":[{"id":"1.231402425","rc":[{"ltp":26.0,"id":26354927},{"ltp":1.04,"id":26354926}]}]}
{"op":"mcm","clk":"11790943002","pt":1722887391844,"mc":[{"id":"1.231402425","rc":[{"ltp":17.5,"id":26354927},{"ltp":1.06,"id":26354926}]}]}
{"op":"mcm","clk":"11790948075","pt":1722887451800,"mc":[{"id":"1.231402425","rc":[{"ltp":21.0,"id":26354927},{"ltp":1.05,"id":26354926}]}]}
{"op":"mcm","clk":"11790953036","pt":1722887511870,"mc":[{"id":"1.231402425","rc":[{"ltp":16.5,"id":26354927},{"ltp":1.06,"id":26354926}]}]}
{"op":"mcm","clk":"11790957874","pt":1722887571635,"mc":[{"id":"1.231402425","rc":[{"ltp":15.0,"id":26354927},{"ltp":1.08,"id":26354926}]}]}
{"op":"mcm","clk":"11790963038","pt":1722887631871,"mc":[{"id":"1.231402425","rc":[{"ltp":13.0,"id":26354927}]}]}
{"op":"mcm","clk":"11790967830","pt":1722887691839,"mc":[{"id":"1.231402425","rc":[{"ltp":15.0,"id":26354927},{"ltp":1.07,"id":26354926}]}]}
{"op":"mcm","clk":"11790972181","pt":1722887751740,"mc":[{"id":"1.231402425","rc":[{"ltp":80.0,"id":26354927},{"ltp":1.02,"id":26354926}]}]}
{"op":"mcm","clk":"11790976411","pt":1722887811722,"mc":[{"id":"1.231402425","rc":[{"ltp":95.0,"id":26354927}]}]}
{"op":"mcm","clk":"11790980918","pt":1722887871869,"mc":[{"id":"1.231402425","rc":[{"ltp":200.0,"id":26354927},{"ltp":1.01,"id":26354926}]}]}
{"op":"mcm","clk":"11790985024","pt":1722887931725,"mc":[{"id":"1.231402425","rc":[{"ltp":210.0,"id":26354927}]}]}
{"op":"mcm","clk":"11790989014","pt":1722887991558,"mc":[{"id":"1.231402425","rc":[{"ltp":120.0,"id":26354927}]}]}
{"op":"mcm","clk":"11790993804","pt":1722888051737,"mc":[{"id":"1.231402425","rc":[{"ltp":110.0,"id":26354927}]}]}
{"op":"mcm","clk":"11790998624","pt":1722888111828,"mc":[{"id":"1.231402425","rc":[{"ltp":95.0,"id":26354927}]}]}
{"op":"mcm","clk":"11791003492","pt":1722888171847,"mc":[{"id":"1.231402425","rc":[{"ltp":120.0,"id":26354927}]}]}
{"op":"mcm","clk":"11791007917","pt":1722888230972,"mc":[{"id":"1.231402425","rc":[{"ltp":290.0,"id":26354927}]}]}
{"op":"mcm","clk":"11791011918","pt":1722888291866,"mc":[{"id":"1.231402425","rc":[{"ltp":400.0,"id":26354927}]}]}
{"op":"mcm","clk":"11791015823","pt":1722888351568,"mc":[{"id":"1.231402425","rc":[{"ltp":1000.0,"id":26354927}]}]}
{"op":"mcm","clk":"11791049330","pt":1722888888900,"mc":[{"id":"1.231402425","marketDefinition":{"bspMarket":false,"turnInPlayEnabled":true,"persistenceEnabled":true,"marketBaseRate":5.0,"eventId":"33465427","eventTypeId":"4","numberOfWinners":1,"bettingType":"ODDS","marketType":"MATCH_ODDS","marketTime":"2024-08-05T17:30:00.000Z","suspendTime":"2024-08-05T17:30:00.000Z","bspReconciled":false,"complete":true,"inPlay":true,"crossMatching":true,"runnersVoidable":false,"numberOfActiveRunners":2,"betDelay":5,"status":"SUSPENDED","runners":[{"status":"ACTIVE","sortPriority":1,"id":26354927,"name":"Welsh Fire"},{"status":"ACTIVE","sortPriority":2,"id":26354926,"name":"Southern Brave"}],"regulators":["MR_INT"],"countryCode":"GB","discountAllowed":true,"timezone":"GMT","openDate":"2024-08-05T17:30:00.000Z","version":6059031998,"name":"Match Odds","eventName":"Welsh Fire v Southern Brave"}}]}
{"op":"mcm","clk":"11791064265","pt":1722889119162,"mc":[{"id":"1.231402425","marketDefinition":{"bspMarket":false,"turnInPlayEnabled":true,"persistenceEnabled":true,"marketBaseRate":5.0,"eventId":"33465427","eventTypeId":"4","numberOfWinners":1,"bettingType":"ODDS","marketType":"MATCH_ODDS","marketTime":"2024-08-05T17:30:00.000Z","suspendTime":"2024-08-05T17:30:00.000Z","bspReconciled":false,"complete":true,"inPlay":true,"crossMatching":false,"runnersVoidable":false,"numberOfActiveRunners":0,"betDelay":5,"status":"CLOSED","settledTime":"2024-08-05T20:17:32.000Z","runners":[{"status":"LOSER","sortPriority":1,"id":26354927,"name":"Welsh Fire"},{"status":"WINNER","sortPriority":2,"id":26354926,"name":"Southern Brave"}],"regulators":["MR_INT"],"countryCode":"GB","discountAllowed":true,"timezone":"GMT","openDate":"2024-08-05T17:30:00.000Z","version":6059035410,"name":"Match Odds","eventName":"Welsh Fire v Southern Brave"}}]}
